1671 2543
525 106 625 143 CAP.
653 112 792 143 16-19
819 112 839 150 ξ
865 111 1014 143 38—44.
1393 106 1449 147 99

101 219 335 260 multarum
384 231 527 258 rerum
571 216 978 257 iucundissimarum
1021 215 1278 257 varietatem
1322 214 1451 268 dedit,

103 292 188 332 qua
217 292 305 319 non
336 276 463 318 modo
495 275 601 316 haec
633 278 764 328 aetas,
797 276 870 316 sed
899 275 1031 316 etiam
1055 274 1145 315 iam
1170 273 1451 315 corroborata

103 338 338 391 caperetur.
401 334 540 384 Quam
578 334 632 375 ob
671 348 762 375 rem
800 334 836 374 si
875 348 1002 388 quem
1038 332 1151 374 forte
1186 331 1449 386 inveneritis,
1464 335 1508 366 42

103 395 177 450 qui
203 396 456 449 aspernetur
483 393 617 435 oculis
643 393 1010 447 pulchritudinem
1032 406 1188 445 rerum,
1212 405 1300 432 non
1320 390 1449 432 odore

67 463 82 488 5
102 455 203 508 ullo,
233 468 321 494 non
352 455 485 506 tactu,
516 466 603 493 non
629 466 781 506 sapore
809 452 1015 505 capiatur,
1047 450 1246 492 excludat
1273 449 1449 490 auribus

103 527 274 555 omnem
306 511 578 564 suavitatem,
609 510 711 552 huic
742 510 907 551 homini
938 524 1018 565 ego
1043 509 1229 551 fortasse
1255 511 1299 549 et
1323 507 1449 563 pauci

102 572 204 613 deos
229 570 456 625 propitios,
487 569 680 624 plerique
708 572 853 610 autem
878 570 1014 610 iratos
1039 568 1267 623 putabunt.
1328 567 1448 621 Ergo
1467 564 1519 605 18

101 630 207 672 haec
233 630 404 671 deserta
427 628 498 669 via
523 631 567 669 et
592 628 758 670 inculta
780 631 910 682 atque
929 628 1164 668 interclusa
1182 627 1270 667 iam
1288 625 1449 667 frondi-

102 690 183 730 bus
216 691 260 730 et
290 687 493 743 virgultis
525 687 813 741 relinquatur,
852 688 976 728 detur
1009 686 1172 740 aliquid
1203 685 1356 739 aetati,
1391 684 1449 725 sit

51 754 84 779 ¹⁰
104 747 395 789 adulescentia
419 746 615 800 liberior3
639 761 727 787 non
754 746 898 787 omnia
923 745 1221 799 voluptatibus
1242 744 1450 798 denegen-

102 810 192 861 tur3
229 820 318 848 non
349 819 518 859 semper
550 808 724 859 superet
756 819 904 846 severa
934 804 1009 845 illa
1041 806 1084 845 et
1115 804 1287 844 derecta
1317 802 1449 856 ratio,

101 865 246 907 vincat
279 864 508 918 aliquando
540 864 752 918 cupiditas
778 863 1064 917 voluptasque
1089 862 1315 915 rationem,
1347 861 1449 901 dum

102 924 230 965 modo
274 923 350 964 illa
393 923 438 964 in
479 922 562 964 hoc
606 936 760 977 genere
801 920 1085 976 praescriptio
1123 919 1448 973 moderatioque

102 984 319 1024 teneatur:
356 984 506 1036 parcat
544 981 743 1022 iuventus
781 980 1013 1035 pudicitiae
1050 994 1169 1033 suae,
1206 993 1259 1020 ne
1292 978 1449 1032 spoliet

50 1047 83 1072 15
104 1041 306 1094 alienam,
341 1055 395 1081 ne
434 1039 625 1081 effundat
661 1039 991 1094 patrimonium,
1027 1053 1081 1080 ne
1116 1037 1290 1079 faenore
1320 1036 1450 1077 truci-

103 1101 246 1154 detur,
282 1114 335 1140 ne
373 1099 565 1140 incurrat
601 1098 647 1139 in
685 1098 863 1139 alterius
902 1098 1076 1138 domum
1115 1099 1243 1151 atque
1275 1095 1434 1136 famam

103 1173 155 1200 ne
196 1159 405 1212 probrum
443 1157 592 1211 castis,
635 1157 778 1198 labem
815 1156 1017 1211 integris,
1060 1155 1285 1197 infamiam
1322 1153 1448 1195 bonis

102 1217 273 1271 inferat,
304 1231 357 1258 ne
384 1230 511 1271 quem
536 1215 579 1257 vi
604 1218 778 1269 terreat,
802 1230 856 1269 ne
883 1214 1056 1255 intersit
1081 1214 1263 1268 insidiis,
1290 1212 1449 1254 scelere

103 1278 266 1329 careat3
302 1277 542 1329 postremo,
581 1289 678 1316 cum
709 1274 902 1328 paruerit
933 1273 1250 1327 voluptatibus,
1285 1271 1449 1312 dederit

50 1339 84 1365 20
104 1334 266 1389 aliquid
309 1333 517 1388 temporis
563 1333 616 1374 ad
658 1333 807 1374 ludum
851 1332 1008 1373 aetatis
1050 1334 1179 1387 atque
1217 1331 1271 1371 ad
1308 1329 1448 1370 inanis

102 1393 231 1434 hasce
270 1392 585 1434 adulescentiae
621 1392 899 1447 cupiditates,
937 1394 1109 1432 revocet
1141 1404 1186 1431 se
1218 1388 1448 1444 aliquando

105 1453 158 1493 ad
190 1465 336 1493 curam
369 1451 431 1492 rei
463 1451 735 1504 domesticae,
767 1450 829 1492 rei
856 1450 1040 1492 forensis
1067 1449 1213 1503 reique
1238 1447 1449 1503 publicae,

103 1513 153 1552 ut
190 1525 257 1564 ea,
295 1525 402 1565 quae
437 1509 604 1551 ratione
637 1512 765 1550 antea
794 1523 882 1550 non
912 1511 1208 1563 perspexerat,
1246 1507 1448 1548 satietate

105 1568 331 1622 abiecisse,
363 1568 616 1622 experiendo
650 1568 961 1622 contempsisse
992 1567 1200 1608 videatur.

51 1632 85 1658 25
193 1627 258 1668 Ac
278 1627 405 1667 multi
426 1629 469 1667 et
487 1629 639 1667 nostra
659 1629 702 1667 et
721 1629 895 1681 patrum
915 1626 1212 1679 maiorumque
1229 1623 1448 1676 memoria,
1464 1628 1507 1659 43

104 1685 283 1739 iudices,
328 1685 484 1725 summi
526 1685 722 1726 homines
765 1688 808 1726 et
846 1684 1074 1726 clarissimi
1112 1684 1225 1725 cives
1263 1683 1449 1735 fuerunt,

105 1758 288 1799 quorum
333 1758 429 1784 cum
473 1743 785 1784 adulescentiae
825 1742 1082 1796 cupiditates
1121 1741 1449 1793 deferbuissent,

105 1802 285 1844 eximiae
329 1802 511 1842 virtutes
552 1801 725 1842 firmata
761 1802 848 1842 iam
886 1803 1026 1841 aetate
1066 1800 1315 1841 extiterunt.
1382 1798 1451 1839 Ex

105 1861 261 1916 quibus
281 1860 497 1901 neminem
516 1859 623 1900 mihi
642 1860 752 1900 libet
770 1859 1011 1912 nominare,
1037 1860 1206 1899 vosmet
1225 1857 1449 1899 vobiscum

50 1925 85 1950 3⁰
105 1919 400 1961 recordamini.
462 1917 576 1959 Nolo
615 1918 729 1958 enim
768 1918 1019 1971 cuiusquam
1057 1916 1184 1957 fortis
1224 1919 1352 1970 atque
1388 1915 1449 1955 in-

104 1978 256 2019 lustris
281 1977 364 2018 viri
388 1991 441 2019 ne
468 1976 695 2017 minimum
722 1976 892 2030 quidem
918 1978 1109 2016 erratum
1133 1989 1229 2016 cum
1249 1988 1450 2015 maxuma

104 2036 228 2077 laude
262 2036 529 2091 coniungere.
593 2034 716 2083 Quod
748 2034 785 2075 si
812 2034 952 2075 facere
977 2034 1144 2087 vellem,
1177 2033 1304 2073 multi
1330 2047 1355 2073 a
1380 2046 1448 2072 me

107 2095 263 2136 summi
297 2097 426 2148 atque
460 2093 725 2135 ornatissimi
756 2093 837 2134 viri
866 2092 1233 2147 praedicarentur,
1267 2105 1449 2145 quorum

104 2154 266 2208 partim
295 2153 430 2194 nimia
460 2152 640 2193 libertas
672 2152 717 2192 in
749 2150 1051 2204 adulescentia,
1082 2150 1244 2205 partim
1271 2149 1449 2203 profusa

52 2220 86 2247 35
104 2212 314 2266 luxuries,
358 2211 612 2266 magnitudo
651 2210 761 2250 aeris
800 2210 945 2263 alieni,
989 2211 1206 2262 sumptus,
1246 2208 1448 2249 libidines

103 2271 446 2324 nominarentur,
485 2284 593 2324 quae
631 2269 779 2309 multis
816 2271 969 2322 postea
1005 2268 1239 2308 virtutibus
1276 2267 1451 2308 obtecta

104 2329 431 2383 adulescentiae,
452 2328 526 2383 qui
539 2327 682 2382 vellet,
697 2327 969 2368 excusatione
985 2325 1240 2367 defenderet.
1272 2325 1332 2366 At
1346 2340 1446 2366 vero
1461 2308 1518 2399 ἐξ)

1185 2395 1232 2428 Ἴ*
