1671 2543
543 49 644 86 CAP.
671 55 808 86 21—23
835 55 854 94 g
880 54 1028 86 48—52.
1400 54 1457 96 23

120 159 172 200 ad
198 158 528 200 incertissimam
555 173 673 213 spem
700 162 743 200 et
769 160 820 200 ad
847 159 908 200 rei
934 159 1129 213 publicae
1156 159 1296 201 fatum
1324 176 1458 203 reser-

119 217 254 272 vavit,
285 231 377 273 ego,
410 217 494 271 qui,
526 232 653 271 quem
685 218 736 259 ad
767 219 942 259 modum
973 218 1100 259 multi
1132 218 1178 260 in
1209 222 1362 260 senatu
1389 235 1456 262 me

120 279 296 330 apsente
319 276 528 330 dixerunt,
553 277 744 330 periculo
765 277 826 317 rei
845 276 1042 331 publicae
1062 277 1270 331 vivebam,
1298 279 1455 333 quique

121 336 175 377 ob
213 349 306 376 eam
346 349 518 376 causam
557 335 852 376 consularibus
884 335 1043 376 litteris
1076 336 1126 377 de
1159 340 1332 378 senatus
1366 352 1458 379 sen-

83 405 100 431 5
120 394 257 435 tentia
277 394 432 435 exteris
452 393 701 435 nationibus
722 394 1061 448 commendabar,
1086 409 1239 450 nonne,
1260 396 1295 436 si
1315 411 1457 438 meam

118 453 254 493 vitam
280 452 573 506 deseruissem,
598 467 689 493 rem
714 453 932 506 publicam
956 453 1269 507 prodidissem?
1300 455 1346 495 in
1372 469 1457 509 qua

119 511 289 566 quidem
326 525 438 552 nunc
476 525 543 552 me
576 511 779 552 restituto
818 512 925 552 vivit
959 527 1126 553 mecum
1159 513 1286 554 simul
1320 528 1457 554 exem-

117 570 237 624 plum
262 569 361 610 fidei
386 570 593 624 publicae.
640 570 762 618 Quod
789 571 825 611 si
844 570 1088 612 immortale
1108 571 1330 626 retinetur,
1358 573 1454 626 quis

116 643 204 670 non
246 628 463 683 intellegit
500 628 789 669 immortalem
827 629 936 670 hanc
975 630 1195 671 civitatem
1232 630 1454 672 futuram?

65 702 98 727 ιο
117 686 231 728 Nam
269 690 444 728 externa
481 687 595 728 bella
632 701 801 742 regum,
849 688 1061 743 gentium,
1101 689 1327 730 nationum
1365 690 1453 731 iam

115 746 282 800 pridem
307 746 370 786 ita
396 746 586 787 extincta
611 749 723 800 sunt,
748 749 797 786 ut
822 747 1038 800 praeclare
1065 761 1162 788 cum
1187 748 1240 789 iis
1262 762 1453 803 agamus,

118 819 225 859 quos
250 807 427 859 pacatos
458 819 549 846 esse
574 804 809 859 patiamur,
834 805 1014 859 denique
1035 820 1085 847 ex
1104 806 1259 848 bellica
1273 807 1456 848 victoria

115 878 203 904 non
232 863 320 904 fere
354 877 612 917 quemquam
645 866 710 904 est
735 864 896 904 invidia
922 864 1079 905 civium
1105 868 1351 921 consecuta3
1384 866 1455 907 do-

116 922 307 963 mesticis
340 922 464 962 malis
499 925 541 962 et
573 922 796 963 audacium
830 923 987 963 civium
1016 923 1207 964 consiliis
1235 938 1361 978 saepe
1388 927 1455 966 est

63 996 97 1021 15
117 981 416 1034 resistendum,
449 994 680 1035 eorumque
711 981 1002 1034 periculorum
1034 985 1101 1023 est
1131 982 1175 1023 in
1207 997 1251 1024 re
1280 983 1456 1037 publica

116 1039 339 1080 retinenda
359 1039 586 1094 medicina3
606 1054 734 1093 quam
755 1054 935 1094 omnem,
955 1040 1128 1094 iudices,
1144 1041 1455 1096 perdidissetis,

117 1099 153 1139 si
186 1112 280 1139 meo
312 1098 491 1138 interitu
517 1098 684 1139 senatui
710 1098 954 1153 populoque
978 1098 1174 1140 Romano
1201 1100 1361 1141 doloris
1388 1101 1456 1142 sui

117 1157 167 1197 de
200 1171 266 1197 me
297 1156 539 1197 declarandi
564 1159 759 1211 potestas
786 1160 900 1198 esset
926 1160 1083 1211 erepta.
1135 1158 1275 1207 Quare
1301 1173 1455 1200 moneo

115 1229 210 1269 vos,
247 1215 557 1269 adulescentes,
590 1218 718 1269 atque
749 1215 831 1257 hoc
863 1230 958 1258 meo
990 1217 1081 1257 iure
1112 1217 1348 1271 praecipio,
1381 1217 1456 1271 qui

62 1291 97 1316 20
117 1273 391 1329 dignitatem,
426 1274 500 1328 qui
530 1288 621 1314 rem
652 1274 880 1328 publicam,
914 1275 987 1328 qui
1019 1275 1203 1330 gloriam
1235 1276 1456 1330 spectatis,

115 1347 180 1386 ne,
212 1332 249 1374 si
281 1346 388 1386 quae
421 1347 496 1373 vos
527 1333 755 1386 aliquando
779 1334 1014 1374 necessitas
1042 1334 1094 1374 ad
1119 1348 1210 1374 rem
1235 1335 1455 1388 publicam

117 1394 267 1432 contra
297 1391 518 1445 improbos
552 1391 656 1433 civis
683 1391 989 1433 defendendam
1014 1393 1200 1446 vocabit,
1233 1393 1454 1448 segniores

117 1449 212 1491 sitis
257 1452 300 1490 et
343 1450 637 1491 recordatione
682 1450 766 1491 mei
810 1465 932 1492 casus
975 1465 999 1491 a
1037 1451 1228 1492 consiliis
1265 1451 1454 1493 fortibus

116 1507 354 1563 refugiatis.
410 1508 604 1549 Primum
640 1523 728 1549 non
760 1512 826 1550 est
856 1509 1114 1564 periculum,
1149 1524 1202 1550 ne
1237 1510 1332 1564 quis
1364 1525 1454 1551 um·
1468 1523 1512 1556 52

63 1583 97 1609 25
117 1580 246 1620 quam
271 1567 432 1607 incidat
457 1567 502 1607 in
527 1567 617 1607 eius
645 1567 760 1608 modi
786 1568 994 1622 consules,
1026 1568 1282 1622 praesertim
1308 1569 1345 1609 si
1372 1569 1454 1610 erit

116 1625 170 1665 iis
207 1624 268 1678 id,
308 1625 419 1678 quod
455 1625 652 1679 debetur,
687 1626 967 1679 persolutum.
1023 1626 1186 1667 Deinde
1217 1642 1456 1681 numquam

116 1683 214 1737 iam,
245 1685 294 1723 ut
327 1697 462 1737 spero,
495 1684 722 1737 quisquam
754 1684 977 1738 improbus
1010 1685 1189 1726 consilio
1223 1688 1266 1726 et
1294 1686 1453 1727 auxilio

116 1742 328 1782 bonorum
367 1755 410 1782 se
450 1756 697 1797 oppugnare
734 1757 824 1783 rem
861 1743 1079 1796 publicam
1118 1744 1230 1784 dicet
1267 1743 1354 1784 illis
1394 1746 1457 1785 ta-

1469 668 1525 710 23

1468 728 1511 758 51

117 1800 312 1841 centibus
358 1814 436 1841 nec
474 1800 630 1840 armati
669 1801 879 1841 exercitus
918 1804 1127 1842 terrorem
1166 1804 1355 1855 opponet
1392 1804 1456 1843 to-

63 1875 99 1901 39
118 1858 251 1913 gatis,
282 1872 418 1912 neque
451 1858 533 1899 erit
564 1859 680 1899 iusta
711 1873 839 1900 causa
871 1859 923 1899 ad
953 1862 1101 1912 portas
1135 1860 1299 1900 sedenti
1323 1860 1456 1914 impe-

117 1917 271 1970 ratori,
310 1931 440 1971 quare
479 1931 603 1957 suum
640 1920 849 1958 terrorem
883 1917 993 1958 falso
1026 1917 1179 1959 iactari
1211 1918 1456 1973 opponique

116 1975 320 2029 patiatur.
376 1974 623 2028 Numquam
663 1975 842 2029 denique
880 1976 964 2016 erit
1002 1978 1091 2016 tam
1131 1990 1362 2030 oppressus
1394 1991 1456 2019 se·

115 2036 262 2087 natus,
305 2036 354 2074 ut
398 2034 435 2074 ei
478 2048 531 2074 ne
575 2033 844 2087 supplicandi
889 2034 1061 2088 quidem
1100 2049 1148 2076 ac
1185 2035 1359 2090 lugendi
1397 2035 1456 2076 sit

116 2095 324 2146 potestas,
349 2095 439 2132 tam
467 2094 618 2146 captus
645 2094 842 2145 equester
868 2093 984 2147 ordo,
1008 2096 1058 2133 ut
1084 2093 1249 2158 equites
1269 2093 1456 2135 Romani

63 2167 98 2192 35
118 2165 143 2190 a
174 2151 347 2192 consule
385 2151 641 2215 relegentui.
700 2149 816 2199 Quae
854 2165 949 2192 cum
987 2151 1131 2192 omnia
1162 2154 1291 2206 atque
1323 2153 1455 2194 etiam

117 2209 255 2250 multo
277 2208 361 2249 alia
381 2209 557 2262 maiora,
584 2222 692 2262 quae
713 2209 909 2250 consulto
930 2212 1167 2264 praetereo,
1186 2210 1457 2265 accidissent,

116 2267 270 2308 videtis
297 2281 364 2308 me
390 2270 533 2308 tamen
561 2267 605 2309 in
632 2281 771 2308 meam
796 2267 1026 2322 pristinam
1052 2268 1310 2324 dignitatem
1334 2244 1457 2311 brevi
