1671 2543
567 443 629 491 M.
671 443 862 490 TULLI
901 444 1232 492 CICERONIS

221 565 291 619 IN
345 565 413 620 M.
455 564 818 651 ANTONIUM
862 565 1115 620 ORATIO
1161 565 1568 622 PHILIPPICA

758 664 1027 719 TERTIA.

696 885 1084 926 ARGUMENTUM.

314 987 363 1022 M
395 985 523 1022 Cicero
562 997 604 1022 eo
637 997 752 1029 anno,
790 998 861 1032 quo
894 987 943 1022 M.
976 987 1160 1023 Antonius
1194 988 1322 1022 consul
1354 998 1431 1022 rem
1463 988 1567 1033 publ.

219 1044 338 1078 paene
371 1034 471 1069 solus
504 1045 570 1069 suo
604 1033 761 1069 arbitrio
794 1034 929 1080 gessit,
961 1036 1209 1080 posteaquam
1234 1035 1402 1070 oratione
1426 1034 1568 1081 Philip-

218 1081 305 1126 pica
334 1082 457 1126 prima
482 1080 561 1116 eius
587 1083 742 1116 conatus
768 1082 1005 1127 impugnavit
1030 1085 1068 1117 et
1093 1083 1260 1117 oratione
1286 1082 1423 1126 altera,
1455 1093 1567 1127 quam

219 1129 396 1173 scriptam
425 1128 554 1172 edidit,
582 1129 660 1163 eius
686 1129 846 1164 consilia
867 1140 910 1164 ac
929 1131 1092 1164 1ationes
1113 1129 1318 1164 insectatus
1339 1131 1408 1174 est,
1435 1132 1567 1165 senatu

219 1177 257 1210 et
282 1175 432 1220 publico
459 1186 539 1211 sese
566 1176 764 1219 abstinuit,
791 1187 874 1211 cum
900 1177 1043 1211 interea
1067 1176 1117 1211 M.
1142 1177 1338 1220 Antonius,
1366 1175 1404 1212 C.
1433 1176 1570 1212 Caesar

220 1188 462 1266 Octpavianus,
494 1222 542 1257 M.
569 1222 705 1258 Brutus
738 1223 810 1258 sibi
843 1234 908 1258 suo
935 1224 1092 1268 quisque
1117 1223 1273 1258 consilio
1299 1223 1426 1269 copias
1453 1226 1568 1268 atque

219 1281 308 1315 opes
340 1281 470 1315 parare
502 1271 702 1304 studerent.
754 1270 795 1304 ln
828 1282 965 1305 annum
991 1271 1199 1315 proximum
1225 1271 1267 1305 A.
1294 1270 1438 1305 Hirtius
1465 1273 1503 1305 et
1528 1269 1566 1305 C.

221 1317 351 1351 Vibius
377 1317 500 1351 Pansa
523 1317 693 1352 consules
720 1316 907 1361 designati
934 1319 1058 1358 erant,
1092 1318 1154 1361 qui
1180 1328 1300 1352 annus
1324 1328 1408 1352 cum
1433 1327 1568 1362 appro-

217 1364 436 1408 pinquaret,
469 1363 507 1397 in
541 1374 572 1398 a.
600 1363 634 1398 d.
668 1363 753 1398 XIII
778 1363 859 1399 Kal.
887 1364 963 1398 Ian.
990 1363 1133 1398 tribuni
1158 1363 1208 1408 pl.
1236 1367 1406 1398 senatum
1432 1374 1566 1399 convo-

219 1412 412 1452 caverunt,
451 1411 490 1445 et
528 1421 571 1444 ex
610 1410 656 1444 iis
695 1410 732 1445 P.
773 1410 949 1445 Servilius
986 1409 1102 1445 Casca
1138 1410 1296 1453 rettulit,
1335 1413 1377 1445 ut
1414 1413 1566 1446 senatus

219 1468 370 1502 operam
408 1456 530 1498 daret,
569 1458 611 1491 ut
640 1456 819 1491 Kalendis
851 1456 1033 1491 Ianuariis
1072 1459 1154 1492 tuto
1192 1457 1362 1492 consules
1396 1460 1565 1492 senatum

219 1505 356 1539 habere
382 1505 545 1549 possent.
593 1503 680 1539 Cum
703 1503 823 1538 Pansa
849 1506 887 1538 et
906 1504 1060 1546 Hirtius,
1088 1515 1179 1548 quos
1206 1504 1365 1538 diximus
1394 1505 1565 1549 designa-

219 1554 277 1586 tos
303 1552 473 1586 consules
500 1551 623 1594 fuisse,
650 1561 724 1586 non
751 1551 936 1594 adessent,
964 1551 1010 1586 M.
1034 1551 1160 1586 Cicero
1181 1551 1405 1586 sententiam
1423 1552 1565 1597 primus

220 1600 384 1644 rogatus,
411 1598 523 1640 hanc,
551 1609 645 1642 quae
672 1598 767 1632 infra
793 1598 934 1643 scripta
959 1599 1026 1641 est,
1053 1599 1257 1633 orationem
1283 1598 1427 1643 habuit,
1453 1609 1565 1643 quam

219 1645 443 1680 concludens
469 1645 641 1680 hortatur
666 1645 836 1680 consules
863 1645 1098 1690 designatos,
1133 1645 1223 1680 dent
1247 1656 1414 1691 operam,
1442 1648 1484 1680 ut
1509 1656 1564 1681 se-

218 1695 328 1728 natus
356 1692 534 1727 Kalendis
562 1692 744 1727 Ianuariis
770 1694 851 1727 tuto
878 1692 1008 1727 haberi
1034 1692 1163 1737 possit,
1189 1696 1386 1738 praeterea
1409 1692 1451 1728 D.
1472 1692 1564 1728 Bru-

218 1742 315 1781 tum,
343 1739 378 1775 C.
409 1740 602 1775 Caesarem
628 1739 847 1783 laudandos,
873 1740 936 1784 qui
962 1738 1010 1774 M.
1038 1739 1177 1774 Antoni
1204 1739 1370 1775 consiliis
1396 1739 1564 1775 obstitis-

219 1789 314 1829 sent,
339 1787 506 1832 legiones
527 1789 651 1822 autem
671 1786 845 1821 Martiam
871 1788 909 1821 et
929 1787 1111 1830 quartam,
1133 1798 1228 1830 quae
1249 1786 1380 1822 relicto
1400 1785 1564 1822 Antonio

219 1835 255 1869 C.
294 1834 486 1870 Caesarem
533 1837 682 1869 secutae
726 1835 866 1877 essent,
910 1833 1113 1869 honoribus
1157 1833 1384 1869 adficiendas
1425 1835 1562 1869 censet.

219 1882 376 1917 Senatus
403 1881 613 1917 consultum
639 1880 774 1916 scimus
799 1882 838 1915 in
859 1881 1083 1915 sententiam
1105 1880 1290 1916 Ciceronis
1309 1880 1451 1916 factum
1470 1890 1562 1916 esse.

182 2098 199 2137 1

185 2158 200 2186 1
309 2116 454 2160 Serius
481 2117 669 2172 omnino,
699 2120 844 2172 patres
872 2118 1116 2172 conscripti,
1149 2132 1277 2171 quam
1303 2120 1472 2171 tempus
1499 2114 1559 2157 rei

219 2176 415 2230 publicae
441 2177 704 2231 postulabat,
732 2176 960 2230 aliquando
988 2180 1132 2218 tamen
1159 2175 1381 2235 convocati
1401 2187 1561 2228 sumus,

219 2235 333 2288 quod
366 2235 617 2291 flagitabam
649 2235 845 2289 equidem
880 2234 1048 2288 cotidie,
1081 2234 1238 2289 quippe
1271 2230 1367 2274 cum
1398 2232 1560 2274 bellum

219 2270 449 2334 nefarium⁰
463 2297 613 2335 contra
646 2308 741 2334 aras
774 2298 818 2335 et
848 2293 980 2342 focos,
1013 2297 1164 2335 contra
1188 2292 1322 2333 vitam
1351 2290 1560 2333 Fortunas-

221 2364 300 2401 que
332 2354 504 2392 nostras
537 2352 590 2392 ab
623 2351 796 2393 homine
825 2351 1057 2405 profligato
1084 2365 1132 2392 ac
1158 2349 1325 2403 perdito
1351 2363 1439 2391 non
1465 2364 1559 2392 con·
1580 2369 1596 2394 5
