1671 2543
540 60 640 97 CAP.
670 65 806 96 18—20
832 65 851 104 ς
877 65 1027 98 44—49.
1364 63 1449 104 391

112 169 326 224 reliquum
357 170 472 211 vitae
506 184 679 212 cursum
710 168 869 224 videte3
902 184 1026 224 quem
1056 169 1228 224 quidem
1255 170 1452 212 celeriter

111 227 414 284 perstringam.
476 228 544 271 Ad
580 228 686 271 haec
723 228 854 281 enim,
893 243 1000 282 quae
1036 227 1082 270 in
1114 228 1228 270 civili
1260 229 1374 271 bello
1405 230 1452 271 in

113 288 311 329 maximis
350 287 412 329 rei
448 286 645 342 publicae
683 286 866 328 miseriis
904 287 1026 341 fecit,
1067 290 1110 329 et
1147 289 1200 329 ad
1238 302 1304 343 ea,
1343 303 1451 343 quae

114 345 269 387 cotidie
308 346 431 401 facit,
467 346 648 387 festinat
679 345 857 387 animus.
921 345 1038 395 Quae
1069 348 1170 401 peto
1202 349 1269 402 ut,
1307 361 1452 401 quam-

75 422 93 447 5
114 419 242 459 quam
272 405 410 447 multo
435 404 755 452 notioravobis
783 419 911 459 quam
937 404 1044 446 mihi
1070 408 1182 459 sunt,
1212 408 1370 460 tamen,
1401 409 1452 447 ut

112 463 268 518 facitis,
300 466 466 505 attente
498 463 695 505 audiatis.
746 462 886 504 Debet
918 464 1031 504 enim
1063 463 1223 506 talibus
1251 464 1298 506 in
1322 465 1452 506 rebus

113 521 299 563 excitare
331 521 497 564 animos
529 537 617 564 non
648 521 838 578 cognitio
870 522 1009 563 solum
1035 537 1188 576 rerum,
1221 523 1294 564 sed
1320 523 1452 565 etiam

112 580 372 636 recordati03
417 581 500 622 etsi
536 580 792 635 incidamus,
831 581 1001 635 opinor,
1039 581 1195 635 media,
1231 595 1284 623 ne
1320 581 1452 623 nimis

112 654 207 681 sero
241 639 293 680 ad
325 642 517 681 extrema
547 640 780 681 veniamus.

60 716 92 741 10
200 697 386 740 Intimus
432 701 525 740 erat
564 698 611 740 in
647 699 872 739 tribunatu
910 697 1079 752 Clodio,
1124 698 1197 752 qui
1235 712 1313 739 sua
1348 712 1452 754 erga
1465 712 1510 745 48

112 771 179 798 me
211 757 419 799 beneficia
451 760 777 812 commemorat,
812 757 901 798 eius
935 757 1127 798 omnium
1156 756 1452 799 incendiorum

112 816 195 869 fax,
228 815 346 857 cuius
379 815 511 857 etiam
543 816 659 858 domi
689 815 776 856 iam
808 819 900 856 tum
934 815 1135 869 quiddam
1166 815 1343 857 molitus
1374 818 1452 857 est.

114 873 224 922 Quid
256 874 407 929 (licam,
439 875 531 929 ipse
565 874 726 929 optime
756 874 983 930 intellegit.
1032 873 1136 915 Inde
1161 874 1245 915 iter
1270 873 1453 915 Alexan-

113 933 251 974 driam
283 936 434 975 contra
462 936 638 975 senatus
671 933 988 987 auctoritatem,
1020 935 1171 974 contra
1200 947 1291 974 rem
1315 932 1454 987 publi-

60 1007 93 1032 15
114 1006 208 1033 cam
241 994 284 1032 et
315 992 565 1047 religiones3
597 992 671 1033 sed
697 992 886 1033 habebat
912 992 1061 1033 ducem
1088 990 1332 1045 Gabinium,
1365 990 1455 1046 qui-

115 1065 211 1091 cum
251 1050 418 1104 quidvis
454 1050 694 1094 rectissime
725 1050 864 1092 facere
896 1052 1055 1104 posset.
1118 1048 1199 1098 Qui
1230 1053 1324 1090 tum
1355 1049 1453 1091 inde

114 1109 277 1150 reditus
323 1112 398 1150 aut
442 1109 611 1163 qualis?
678 1108 804 1151 Prius
847 1109 893 1150 in
934 1109 1133 1150 ultimam
1172 1107 1358 1149 Galliam
1401 1123 1455 1150 ex

113 1168 316 1222 Aegypto
350 1182 477 1222 quam
510 1168 695 1209 domum.
758 1167 875 1217 Quae
907 1170 1050 1208 autem
1081 1167 1261 1209 domus?
1321 1165 1454 1208 Suam

114 1226 227 1267 enim
260 1226 440 1280 quisque
465 1226 640 1268 domum
665 1230 758 1268 tum
784 1226 1018 1280 optinebat,
1048 1240 1127 1268 nec
1153 1228 1245 1266 erat
1269 1239 1453 1280 usquam

59 1301 94 1326 20
113 1287 199 1326 tua,
267 1284 456 1326 Domum
493 1285 606 1340 dico;
650 1285 750 1340 quid
788 1288 881 1326 erat
917 1285 962 1326 in
998 1284 1144 1339 terris,
1181 1284 1257 1325 ubi
1293 1284 1339 1325 in
1375 1286 1451 1325 tuo

111 1343 263 1398 pedem
305 1358 485 1398 poneres
528 1347 699 1398 praeter
741 1358 874 1385 unum
916 1342 1148 1397 Misenum,
1199 1343 1311 1396 quod
1356 1357 1452 1383 cum

113 1402 241 1444 sociis
273 1405 495 1456 tamquam
522 1402 775 1457 Sisaponem
806 1402 1013 1443 tenebas?
1063 1400 1236 1442 Venisti
1261 1415 1282 1442 e
1311 1399 1453 1442 Gallia
1466 1390 1524 1432 20

115 1460 167 1500 ad
208 1464 483 1514 quaesturam
518 1461 758 1516 petendam.
825 1461 947 1502 Aude
985 1460 1124 1501 dicere
1161 1462 1203 1501 te
1240 1459 1360 1514 prius
1398 1460 1452 1500 ad
1465 1451 1509 1481 49

114 1521 337 1572 parentem
367 1522 489 1560 tuam
519 1520 686 1561 venisse
717 1534 845 1574 quam
872 1519 924 1560 ad
949 1533 1027 1560 me.
1078 1518 1341 1571 Acceperam
1364 1518 1473 1559 iam'

62 1593 95 1618 25
116 1579 215 1618 ante
253 1575 449 1618 Caesaris
486 1577 673 1632 litteras,
716 1581 765 1619 ut
801 1578 909 1618 mihi
947 1577 1052 1618 satis
1090 1576 1184 1617 fieri
1220 1579 1392 1630 paterer
1428 1590 1454 1617 a

114 1639 176 1689 te3
212 1634 358 1689 itaque
392 1650 445 1676 ne
476 1635 596 1689 loqui
629 1636 799 1689 quidem
832 1650 926 1676 sum
957 1638 1000 1675 te
1032 1648 1184 1688 passus
1217 1634 1266 1674 de
1299 1634 1453 1688 gratia.

115 1693 276 1735 Postea
313 1708 410 1734 sum
448 1693 588 1734 cultus
627 1708 652 1734 a
688 1697 748 1747 te,
785 1696 833 1734 tu
869 1708 893 1733 a
924 1707 990 1734 me
1024 1693 1275 1733 observatus
1307 1692 1354 1732 in
1383 1707 1454 1745 pe-

116 1753 270 1794 titione
310 1754 582 1805 quaesturae3
621 1765 703 1805 quo
743 1751 913 1805 quidem
951 1754 1145 1804 tempore
1177 1749 1223 1790 P.
1253 1748 1454 1790 Clodium

118 1811 383 1865 adprobante
421 1809 580 1864 populo
612 1809 807 1850 Roma-no
845 1809 891 1850 in
926 1808 1021 1850 foro
1057 1822 1101 1849 es
1134 1810 1312 1848 conatus
1346 1807 1454 1849 occi-

63 1884 98 1909 30
118 1869 233 1923 dere,
271 1882 451 1922 cumque
484 1882 578 1908 eam
610 1882 700 1908 rem
732 1870 807 1907 tua
838 1869 990 1920 sponte
1023 1880 1242 1919 conarere,
1273 1880 1362 1907 non
1391 1865 1454 1906 in-

116 1927 244 1982 pulsu
276 1941 384 1980 meo,
415 1930 561 1967 tamen
592 1926 653 1966 ita
683 1924 972 1980 praedicabas,
1004 1927 1047 1966 te
1078 1938 1166 1966 non
1195 1924 1454 1977 existimare,

115 1986 201 2028 nisi
232 1985 355 2026 illum
386 1984 687 2036 interfecisses,
718 1997 922 2037 umquam
955 1982 1063 2023 mihi
1093 1996 1171 2037 pro
1201 1982 1287 2023 tuis
1313 1982 1360 2023 in
1384 1996 1452 2023 me

117 2044 286 2086 iniuriis
332 2043 436 2085 satis
481 2057 573 2084 esse
617 2042 841 2083 facturum.
908 2040 960 2082 In
1004 2055 1087 2094 quo
1132 2040 1334 2094 demiror,
1378 2055 1454 2081 cur

117 2103 325 2145 Milonem
355 2102 527 2156 inpulsu
559 2115 653 2142 meo
686 2114 775 2141 rem
805 2100 926 2140 illam
959 2099 1097 2154 egisse
1127 2098 1255 2152 dicas,
1287 2113 1383 2139 cum
1408 2101 1453 2140 te

65 2175 100 2200 35
119 2162 233 2203 ultro
271 2161 379 2202 mihi
414 2161 527 2201 idem
562 2159 669 2199 illud
707 2158 964 2199 deferentem
1002 2171 1237 2210 numquam
1272 2157 1354 2197 sim
1385 2157 1454 2197 ad-

118 2219 328 2261 hortatus.
381 2219 662 2271 Quamquam,
694 2216 730 2257 si
761 2216 806 2257 in
837 2230 886 2257 eo
918 2229 1223 2269 perseverares,
1255 2215 1307 2256 ad
1332 2217 1455 2257 tuam

121 2279 304 2333 gloriam
341 2293 432 2319 rem
469 2277 590 2318 illam
626 2274 776 2316 referri
813 2274 1026 2315 malebam
1064 2288 1192 2330 quam
1229 2273 1282 2314 ad
1313 2288 1454 2315 meam
