1671 2543
557 94 659 130 CAP.
686 98 718 138 6,
746 99 764 129 ἰ
792 98 811 137 ἓ
839 97 988 130 13—17.
1365 94 1452 136 493

110 204 288 258 veniret,
313 203 434 258 isque
462 218 559 246 cum
584 203 671 244 iam
695 217 828 257 prope
856 204 997 244 castra
1021 201 1222 256 venisset,
1247 202 1289 243 vi
1312 202 1452 243 morbi

111 277 343 318 oppressus
369 262 505 304 vitam
525 261 720 303 amiserit
739 261 926 303 maximo
947 261 1008 303 rei
1028 260 1225 315 publicae
1246 262 1452 315 tempore,

112 323 287 376 eiusque
337 335 453 363 mors
503 322 789 363 consentanea
838 320 952 362 vitae
1001 319 1132 361 fuerit
1182 319 1452 361 sanctissime

111 380 502 434 honestissimeque
541 382 679 433 actae,
716 379 761 420 in
800 393 883 433 qua
915 393 1041 433 saepe
1073 392 1231 434 magno
1262 378 1360 420 usui
1391 378 1453 419 rei

77 453 93 478 s
111 439 309 494 publicae
337 437 424 480 Ser.
452 437 667 493 Sulpicius
700 440 743 478 et
768 438 962 492 privatus
988 440 1031 479 et
1055 437 1101 478 in
1126 437 1454 493 magistratibus

110 498 261 539 fuerit:
306 512 403 539 cum
440 497 539 538 talis
576 496 641 538 vir
680 497 735 538 ob
773 511 864 537 rem
899 496 1118 551 publicam
1154 496 1200 537 in
1235 495 1452 552 legatione
1469 504 1512 534 16

111 559 295 598 mortem
329 556 497 609 obierit,
529 555 697 597 senatui
728 555 897 609 placere
925 553 1013 596 Ser.
1041 553 1232 609 Sulpicio
1263 557 1454 596 statuam

110 615 355 670 pedestrem
381 618 556 656 aeneam
581 614 628 656 in
652 614 806 655 rostris
834 628 884 655 ex
908 613 1036 655 huius
1058 613 1219 655 ordinis
1240 613 1455 655 sententia

112 674 248 715 statui
280 673 523 728 circumque
556 687 650 714 eam
682 675 872 714 statuam
900 672 1043 714 locum
1068 672 1180 713 ludis
1207 671 1455 727 gladiatori—

58 745 92 771 ιο
111 732 278 787 busque
314 732 474 774 liberos
506 735 789 786 posterosque
822 731 913 772 eius
946 745 1118 785 quoquo
1150 745 1298 772 versus
1324 730 1454 785 pedes

112 791 299 845 quinque
343 791 519 845 habere,
564 790 678 845 quod
719 791 754 832 is
793 790 847 832 ob
885 804 977 831 rem
1013 789 1233 844 publicam
1271 791 1455 830 mortem

111 850 286 904 obierit,
331 863 509 904 eamque
553 864 726 891 causam
767 848 812 890 in
848 849 943 890 basi
980 848 1176 903 inscribi3
1220 848 1370 902 utique
1409 846 1454 890 C.

110 907 252 950 Pansa
271 907 322 949 A..
343 907 514 949 Hirtius
535 908 744 961 consules,
770 907 880 949 alter
901 907 1091 961 ambove,
1119 907 1155 948 si
1175 906 1227 948 iis
1247 907 1455 960 videatur,

112 967 414 1021 quaestoribus
445 967 566 1008 urbis
598 966 827 1020 imperent,
866 968 914 1007 ut
947 980 1040 1007 eam
1071 965 1212 1007 basim
1244 968 1456 1006 statuam-

60 1038 92 1063 15
115 1040 196 1079 que
222 1025 462 1067 faciendam
488 1028 531 1066 et
556 1025 602 1066 in
626 1025 781 1066 rostris
809 1025 1082 1066 statuendam
1107 1024 1262 1078 locent,
1290 1024 1457 1078 quanti-

113 1098 193 1138 que
237 1084 492 1138 locaverint,
541 1085 709 1124 tantam
752 1084 978 1138 pecuniam
1021 1082 1282 1137 redemptori
1326 1082 1456 1124 adtri-

110 1142 325 1184 buendam
351 1142 682 1197 solvendamque
709 1144 869 1184 curent.
920 1141 1113 1195 Cumque
1134 1143 1260 1183 antea
1280 1144 1455 1182 senatus

112 1202 418 1243 auctoritatem
444 1216 567 1242 suam
592 1201 638 1242 in
662 1201 853 1242 virorum
879 1200 1058 1242 fortium
1083 1199 1306 1241 funeribus
1335 1214 1456 1241 orna*

111 1260 355 1314 mentisque
394 1260 648 1313 ostenderit,
685 1260 854 1314 placere
886 1274 983 1300 eum
1015 1273 1144 1313 quam
1177 1258 1455 1312 amplissume

57 1330 93 1356 20
113 1333 313 1373 supremo
347 1333 423 1359 suo
457 1319 522 1360 die
556 1318 709 1360 efferri.
757 1317 817 1359 Et
849 1332 946 1359 cum
979 1316 1068 1359 Ser.
1101 1316 1318 1371 Sulpicius
1351 1316 1400 1366 Q.
1425 1316 1511 1358 f.l⁷

111 1376 319 1419 Lemonia
350 1376 489 1418 Rufus
526 1377 589 1418 ita
626 1377 676 1418 de
714 1391 759 1418 re
789 1376 964 1431 publica
995 1376 1175 1417 meritus
1208 1375 1284 1430 sit,
1320 1377 1370 1417 ut
1401 1375 1454 1417 iis

113 1435 377 1477 ornamentis
409 1435 601 1477 decorari
633 1436 804 1489 debeat,
836 1437 1034 1476 senatum
1066 1449 1237 1477 censere
1270 1437 1399 1488 atque
1432 1449 1454 1475 e

111 1508 157 1535 re
194 1494 368 1548 publica
407 1494 652 1536 existimare
691 1494 848 1535 aediles
887 1494 1054 1536 curules
1093 1493 1298 1547 edictum,
1341 1493 1456 1547 quod

113 1552 164 1593 de
196 1551 418 1593 funeribus
449 1553 650 1606 habeant,
684 1551 772 1594 Ser.
799 1551 963 1607 Sulpici
989 1551 1036 1601 Q.
1067 1551 1096 1592 f.
1122 1551 1329 1593 Lemonia
1354 1551 1456 1593 Rufi

59 1622 93 1647 25
112 1610 253 1652 funeri
296 1611 536 1665 remittere3
578 1611 727 1665 utique
770 1611 914 1652 locum
957 1609 1183 1665 sepulchro
1220 1609 1266 1650 in
1304 1624 1455 1664 campo

110 1669 341 1723 Esquilino
368 1668 413 1711 C.
438 1669 580 1710 Pansa
612 1669 773 1723 consul,
805 1683 880 1710 seu
912 1683 995 1723 quo
1027 1669 1073 1709 in
1103 1668 1198 1709 loco
1227 1668 1456 1722 videbitur,

111 1728 240 1782 pedes
273 1728 456 1782 triginta
489 1741 660 1781 quoquo
692 1741 840 1768 versus
873 1727 1090 1782 adsignet,
1123 1740 1206 1780 quo
1242 1725 1330 1769 Ser.
1363 1725 1457 1768 Sul-

110 1786 249 1841 picius
287 1786 517 1840 inferatur3
561 1785 674 1839 quod
711 1785 985 1839 sepulchrum
1021 1784 1176 1839 ipsius,
1219 1785 1457 1826 liberorum

111 1848 469 1899 posterorumque
497 1844 586 1886 eius
614 1846 739 1897 esset,
764 1843 829 1884 uti
856 1843 969 1898 quod
989 1843 1152 1898 optimo
1173 1843 1264 1885 iure
1283 1843 1457 1899 publice

60 1914 96 1941 80
114 1903 390 1959 sepulchrum
421 1903 570 1944 datum
603 1901 742 1944 esset?
