1671 2543
584 104 685 140 CAP.
712 108 804 140 2-5
831 108 850 148 g
877 109 1002 140 6-12.
1377 103 1464 144 285

125 214 312 269 eriperet
344 214 473 255 militi
504 214 702 255 tribunus
736 212 937 254 militaris
970 212 1015 254 in
1045 211 1234 254 exercitu
1263 210 1308 253 G.
1339 210 1463 264 Mari,

126 273 392 328 propinquus
436 272 526 314 61113
568 271 860 327 imperatoris,
906 270 1159 312 interfectus
1204 270 1257 311 ab
1297 284 1346 311 eo
1385 271 1463 322 est,

128 332 196 374 cui
240 332 327 373 vim
371 331 585 373 afferebat.
652 330 810 372 Facere
856 330 969 371 enim
1012 329 1172 384 probus
1215 328 1463 370 adulescens

127 391 364 445 periculose
397 404 525 445 quam
555 390 722 445 perpeti
754 389 940 444 turpiter
966 387 1129 430 maluit.
1179 387 1324 442 Atque
1349 387 1463 428 hunc

92 468 108 494 5
129 449 202 491 ille
242 463 434 491 summus
476 449 542 490 vir
585 448 742 491 scelere
786 448 977 490 solutum
1020 446 1210 501 periculo
1250 445 1462 487 liberavit.

128 507 376 550 Insidiator-i
411 522 510 549 vero
543 509 586 549 et
616 507 775 548 latroni
808 521 915 561 quae
946 508 1092 560 potest
1122 504 1271 546 inferri
1302 504 1464 546 iniusta
1482 515 1522 546 10

128 567 238 609 nex?
283 566 394 616 Quid
420 566 651 608 comitatus
676 565 828 620 nostri,
861 565 962 620 quid
988 563 1121 620 gladii
1146 563 1326 606 volunt?
1356 576 1463 617 quos

127 626 285 668 habere
312 628 425 667 certe
450 639 538 666 non
562 625 724 679 liceret,
751 624 787 666 si
812 624 877 666 uti
902 623 989 665 illis
1014 623 1133 665 nullo
1156 624 1283 677 pacto
1304 621 1464 663 liceret.

128 685 211 726 Est
247 684 382 740 igitur
417 684 552 738 haec,
578 683 756 737 iudices,
792 697 880 724 non
917 682 1097 736 scripta,
1136 681 1209 722 sed
1245 683 1348 722 nata
1384 680 1464 730 lex,

79 758 259 798 mquam
295 758 382 785 non
419 742 660 796 didicimus,
699 741 956 796 accepimus,
994 740 1196 796 legimus,
1233 753 1382 781 verum
1414 753 1465 780 ex

127 805 284 844 natura
324 802 420 856 ipsa
457 801 732 856 arripuimus,
776 800 1015 853 hausimus,
1059 797 1368 852 expressimus,
1411 797 1464 838 ad

130 875 259 915 quam
289 875 376 902 non
407 860 539 913 docti,
577 860 649 901 sed
680 859 803 913 facti,
840 873 927 900 non
957 857 1168 910 instituti,
1204 856 1277 898 sed
1307 855 1464 896 imbuti

131 934 290 970 sumus,
320 922 380 973 ut,
413 919 449 960 si
476 919 566 960 vita
589 920 740 959 nostra
764 917 810 958 in
834 917 1000 971 aliquas
1026 915 1215 970 insidias,
1247 914 1284 955 si
1308 914 1355 955 in
1379 914 1466 955 vim

130 981 173 1020 et
215 978 261 1019 in
304 978 391 1019 tela
435 979 510 1018 aut
551 977 769 1018 latronum
811 978 885 1016 aut
922 974 1195 1016 inimicorum
1231 972 1465 1022 incidisset,

80 1057 110 1082 15
131 1037 270 1079 omnis
299 1036 483 1077 honesta
512 1035 623 1076 ratio
655 1037 769 1075 esset
800 1033 1081 1088 expediendae
1107 1032 1272 1074 salutis.
1322 1030 1535 1077 Silenum)

132 1095 245 1137 enim
281 1095 399 1150 leges
436 1094 549 1135 inter
580 1107 699 1135 arma
729 1107 806 1135 nec
838 1107 882 1134 se
915 1091 1131 1146 expectari
1162 1091 1329 1140 iubent,
1368 1104 1465 1131 cum

132 1154 189 1204 ei,
225 1153 297 1208 qui
330 1155 553 1207 expectare
584 1152 701 1206 velit,
734 1154 832 1192 ante
864 1150 1025 1192 111111316
1054 1164 1193 1204 poena
1223 1148 1378 1190 luenda
1409 1148 1467 1189 311

132 1227 261 1266 quam
297 1212 412 1253 iusta
447 1211 688 1265 repetenda.
748 1209 847 1251 Etsi
878 1209 1171 1264 persapienter
1202 1210 1246 1250 et
1278 1207 1465 1262 quodam
1482 1217 1520 1248 11

133 1271 258 1312 modo
291 1270 421 1312 tacite
453 1270 527 1311 dat
557 1269 652 1324 ipsa
679 1269 747 1310 lex
772 1270 1034 1323 potestatem
1059 1266 1323 1320 defendendi,
1356 1279 1464 1319 quae

80 1349 114 1375 ει)
131 1344 218 1371 11011
248 1329 374 1370 modo
399 1328 618 1370 hominem
645 1327 792 1378 occidi,
824 1327 898 1369 sed
924 1341 1016 1368 esse
1042 1340 1139 1368 cum
1164 1325 1252 1366 telo
1277 1323 1465 1366 hominis

133 1388 350 1438 occidendi
376 1401 502 1428 causa
526 1389 658 1437 vetat,
688 1388 749 1440 ut,
781 1400 879 1427 611111
903 1400 1041 1439 661136,
1069 1399 1157 1426 11011
1181 1384 1316 1425 telum
1343 1396 1467 1437 quae-

117 1449 312 1497 .reretur,
343 1446 416 1500 qui
449 1445 514 1487 3111
546 1444 795 1486 defendendi
828 1458 956 1485 causa
981 1444 1068 1485 telo
1096 1445 1209 1484 esset
1233 1456 1350 1496 usus,
1379 1455 1467 1482 non

130 1504 324 1554 hominis¹
350 1503 581 1546 'occidendi
619 1506 746 1545 causa
782 1502 983 1544 habuisse
1022 1502 1157 1543 telum
1194 1500 1466 1542 iudicaretur.

135 1562 413 1616 Quapropter·
441 1563 524 1603 1106
561 1564 732 1603 maneat
763 1561 808 1602 in
839 1575 983 1615 causa,
1021 1560 1199 1614 iudices3
1234 1573 1321 1600 non
1353 1558 1467 1599 enim

82 1640 115 1665 25
135 1621 298 1674 dubito,
330 1620 433 1673 quin
458 1621 718 1674 probaturus
746 1619 827 1660 sim
851 1619 974 1660 vobis
1001 1617 1290 1659 defensionem
1316 1631 1467 1669 meam,

136 1680 172 1721 si
196 1679 240 1720 id
265 1678 560 1730 memineritis,
594 1678 706 1732 quod
733 1677 928 1718 oblivisci
954 1690 1040 1717 non
1065 1675 1264 1730 potestis,
1296 1674 1468 1715 insidia-

135 1742 275 1779 torem
307 1737 396 1778 iure
427 1736 612 1777 interfici
643 1749 781 1789 posse.

225 1795 428 1849 Sequitur
458 1794 576 1846 illud,
609 1793 721 1847 quod
752 1807 776 1834 a
801 1792 975 1833 Milonis
1007 1792 1190 1832 inimicis
1218 1775 1507 1845 saepissime5

137 1855 304 1907 dicitur,
330 1852 511 1905 caedem,
536 1852 581 1892 in
607 1866 690 1905 qua
709 1850 755 1891 P.
779 1849 951 1892 Clodius
978 1850 1142 1891 occisus
1168 1852 1245 1903 est,
1271 1852 1468 1890 senatum
1485 1835 1525 1865 12

85 1937 118 1962 30
136 1913 346 1954 iudicasse
389 1913 539 1952 contra
581 1924 671 1950 rem
713 1908 929 1962 publicam
973 1922 1064 1949 esse
1104 1907 1275 1949 factam.
1341 1907 1468 1948 Illam

136 1985 236 2013 vero
281 1971 454 2011 senatus
497 1982 584 2009 non
626 1966 850 2008 sententiis
894 1966 982 2007 suis
1027 1966 1183 2020 solum,
1227 1966 1300 2006 sed
1338 1966 1467 2007 etiam

138 2029 291 2071 studiis
331 2026 637 2081 comprobavit.
700 2024 906 2074 Quotiens
939 2024 1051 2065 enim
1083 2027 1149 2065 est
1180 2024 1255 2065 illa
1286 2038 1414 2065 causa
1445 2039 1469 2065 a

135 2088 261 2129 nobis
306 2091 402 2128 acta
443 2086 489 2126 in
531 2086 681 2125 senatu
725 2083 878 2136 quibus
922 2082 1241 2123 assensionibus
1281 2082 1469 2123 universi

139 2145 310 2199 ordinis,
343 2159 470 2199 quam
500 2157 577 2184 nec
609 2141 754 2182 tacitis
784 2155 862 2182 nec
895 2141 1091 2182 occultis!
1144 2140 1321 2188 Quando
1355 2140 1469 2181 enim

86 2220 119 2245 35
139 2203 485 2257 frequentissimo
519 2202 670 2242 senatu
702 2201 906 2252 quattuor
932 2201 1006 2239 aut
1037 2212 1251 2239 summum
1283 2198 1469 2252 quinque

140 2264 240 2303 sunt
289 2261 469 2314 inventi,
520 2259 593 2313 qui
640 2257 814 2298 Milonis
866 2271 1036 2297 causam
1080 2271 1166 2297 non
1208 2256 1469 2309 probarent?

138 2318 372 2361 Declarant
401 2318 528 2359 huius
556 2316 743 2357 ambusti
769 2315 930 2356 tribuni
955 2315 1012 2370 pl.
1037 2313 1136 2356 illae
1160 2314 1469 2356 intermortuae
