1671 2543
204 57 257 98 16
587 52 680 87 PRO
707 52 745 87 P.
774 51 932 87 SESTIO
959 50 1146 87 ORATIO.

201 163 462 216 insultabat,
487 161 806 213 dominabatur,
838 159 933 201 aliis
964 155 1260 215 pollicebatur,
1291 161 1454 201 terrore
1485 172 1536 201 ac

202 226 319 264 metu
350 221 528 274 multos,
564 220 700 275 pluris
733 218 865 260 etiam
888 233 976 273 ,spe
1007 221 1051 260 et
1086 218 1310 273 promissis
1348 217 1536 258 tenebat.

143 289 188 321 35
291 280 409 330 Quae
440 294 537 321 cum
567 280 711 320 essent
743 276 833 318 eius
865 276 991 332 modi,
1021 277 1202 331 iudices,
1234 291 1331 318 cum
1363 278 1536 316 senatus

203 339 329 381 duces
371 338 512 380 nullos
557 351 606 379 ac
647 350 725 390 pro
771 335 948 377 ducibus
991 336 1231 389 proditores
1273 336 1348 375 aut
1390 334 1535 388 potius

204 400 375 452 apertos
406 397 554 438 hostes
584 395 776 449 liaberet,
808 396 1005 448 equester
1036 394 1138 435 ordo
1171 407 1267 435 reus
1301 407 1325 433 a
1356 391 1537 434 consuli·
1573 407 1590 433 5

203 458 283 498 bus
322 456 544 508 citaretur,
586 453 740 495 Italiae
778 453 914 494 totius
952 453 1187 494 auctoritas
1230 450 1538 505 repudiaretur,

205 515 279 557 alii
321 513 577 555 nominatim
620 512 935 567 relegarentur,
983 511 1057 551 alii
1101 513 1219 552 metu
1263 513 1306 551 et
1348 509 1537 563 periculo

203 575 482 626 terrerentur,
523 586 643 612 arma
674 572 817 612 essent
855 570 901 611 in
937 569 1127 623 templis,
1165 568 1319 609 armati
1350 567 1396 608 in
1430 567 1540 620 foro,

205 647 337 686 eaque
373 646 460 672 non
492 629 662 671 silentio
701 628 925 671 consulum
962 627 1350 680 dissimularentur,
1391 625 1464 667 sed
1496 628 1540 666 et

204 705 307 733 voce
339 693 382 731 et
413 689 627 730 sententia
658 687 1051 742 comprobarentur,
1083 700 1180 727 cum
1211 699 1357 726 omnes
1389 684 1539 725 urbem
1559 698 1593 724 10

204 749 393 790 nondum
431 747 616 788 excisam
648 749 691 787 et
729 760 936 799 eversam,
975 745 1048 785 sed
1079 745 1166 785 iam
1204 746 1375 797 captam
1411 745 1540 796 atque

207 821 454 861 oppressam
490 806 747 847 videremus:
790 807 936 844 tamen
971 803 1040 844 his
1078 802 1212 843 tantis
1251 801 1376 842 malis
1417 803 1540 841 tanto

206 867 417 907 bonorum
455 864 615 917 studio,
658 863 836 916 iudices,
878 861 1206 915 restitissemus3
1250 860 1323 901 sed
1360 874 1427 900 me
1468 858 1542 900 alii

207 927 346 965 metus
380 926 507 977 atque
540 923 648 963 aliae
681 936 805 963 curae
838 920 1186 974 suspicionesque
1218 920 1453 960 moverunt.

294 982 520 1036 Exponam
551 981 665 1022 enim
700 980 906 1021 hodierno
939 979 1023 1033 die,
1063 978 1241 1032 iudices,
1279 991 1450 1018 omnem
1480 991 1544 1017 ra·
1563 990 1596 1017 1⁵

149 1027 192 1057 36
208 1042 370 1082 tionem
400 1040 506 1081 facti
537 1042 581 1080 et
613 1038 780 1080 consilii
817 1037 901 1078 mei
931 1051 1068 1091 neque
1105 1036 1206 1078 huic
1236 1038 1380 1077 vestro
1418 1038 1542 1076 tanto

208 1100 350 1141 studio
401 1097 599 1139 audiendi
647 1111 725 1138 nec
771 1110 870 1137 vero
919 1096 1019 1137 huic
1068 1097 1214 1136 tantae
1264 1094 1544 1148 multitudini,

209 1160 369 1211 quanta
400 1170 496 1197 mea
531 1155 738 1196 memoria
773 1168 1006 1207 numquam
1045 1153 1133 1194 ullo
1170 1153 1216 1194 in
1251 1153 1408 1194 iudicio
1448 1152 1542 1205 fuit,

208 1217 344 1257 deero.
404 1214 518 1255 Nam
550 1214 585 1254 si
618 1227 697 1268 ego
729 1212 774 1253 in
811 1227 939 1253 causa
970 1215 1059 1252 tam
1101 1212 1214 1252 bona
1244 1213 1366 1251 tanto
1400 1210 1542 1251 studio

209 1277 400 1326 senatus,
444 1286 652 1313 consensu
689 1274 780 1311 tam
816 1270 1056 1312 incredibili
1092 1270 1304 1311 bonorum
1342 1268 1544 1321 omm'um,
1563 1283 1598 1309 20

209 1336 299 1373 tam
341 1333 492 1385 parato
530 1330 699 1383 populo,
742 1331 837 1370 tota
880 1328 1060 1382 denique
1103 1327 1234 1368 Italia
1277 1327 1330 1368 ad
1374 1341 1545 1368 omnem

210 1389 527 1432 contentionem
559 1388 755 1442 expedita
786 1387 894 1428 cessi
924 1386 1088 1427 tribuni
1113 1386 1182 1440 pl.,
1213 1385 1546 1440 despicatissimi

208 1448 417 1501 hominis,
459 1446 610 1499 furori,
655 1446 1137 1499 contemptissumorum
1181 1444 1404 1485 consulum
1446 1444 1545 1485 levi·

211 1509 346 1547 tatem
389 1505 693 1558 audaciamque
738 1504 959 1558 pertimui,
1002 1503 1183 1544 nimium
1228 1517 1294 1544 me
1331 1503 1544 1556 timidum,

154 1578 195 1609 37
211 1565 370 1606 nullius
403 1563 551 1616 animi,
587 1562 746 1604 nullius
780 1562 947 1603 consilii
983 1561 1115 1603 fuisse
1154 1561 1370 1602 confiteor.
1434 1561 1545 1610 Quid
1565 1575 1599 1602 25

212 1623 326 1664 enim
363 1622 501 1663 simile
544 1621 628 1662 fuit
664 1621 710 1662 in
748 1620 795 1669 Q.
833 1620 1040 1661 Metello?
1085 1620 1204 1662 cuius
1248 1634 1420 1661 causam
1463 1619 1547 1661 etsi

214 1695 359 1723 omnes
389 1680 492 1721 boni
524 1680 784 1734 probabant,
821 1682 966 1720 tamen
996 1693 1133 1732 neque
1165 1681 1338 1720 senatus
1375 1678 1546 1732 publice

212 1754 348 1793 neque
367 1739 480 1779 ullus
502 1739 603 1779 ordo
618 1737 788 1792 proprie
802 1752 938 1791 neque
953 1737 1039 1778 suis
1056 1737 1236 1778 decretis
1251 1736 1380 1777 Italia
1394 1738 1547 1778 cuncta

214 1800 471 1851 susceperat.
532 1796 600 1837 Ad
638 1810 759 1837 suam
798 1796 911 1837 enim
944 1796 1156 1850 quandam
1188 1796 1325 1850 magis
1357 1795 1430 1836 ille
1456 1794 1545 1849 glo-

214 1856 322 1897 riam
348 1870 476 1909 quam
502 1855 554 1896 ad
579 1855 848 1909 perspicuam
874 1854 1059 1895 salutem
1083 1854 1145 1895 rei
1163 1854 1359 1908 publicae
1377 1853 1547 1906 spiritus
1564 1867 1600 1894 80

215 1917 473 1968 sumpserat,
505 1928 602 1955 cum
632 1928 741 1954 unus
773 1913 818 1954 in
847 1913 987 1968 legem
1018 1927 1094 1967 per
1125 1912 1212 1954 vim
1241 1912 1375 1953 latam
1405 1911 1546 1952 iurare

215 1972 427 2026 noluerat,
468 1972 647 2025 denique
678 1971 902 2012 videbatur
934 1986 983 2012 ea
1014 1971 1260 2012 condicione
1291 1972 1381 2010 tam
1418 1969 1545 2010 fortis

215 2030 364 2083 fuisse,
407 2033 457 2071 ut
495 2045 591 2071 cum
627 2029 791 2084 patriae
837 2030 1014 2070 caritate
1053 2028 1319 2071 constantiae
1362 2027 1545 2082 gloriam

216 2091 510 2129 commutaret.
570 2088 678 2129 Erat
703 2090 847 2128 autem
873 2102 939 2129 res
966 2088 1005 2129 ei
1031 2102 1127 2129 cum
1151 2086 1338 2128 exercitu
1364 2085 1409 2128 C.
1435 2085 1545 2126 Mari

216 2146 393 2199 invicto,
423 2146 610 2187 habebat
639 2146 861 2187 inimicum
893 2145 936 2188 G.
968 2145 1171 2199 Marium,
1202 2145 1545 2186 conservatorem
1563 2157 1598 2187 36

217 2204 400 2257 patriae,
433 2207 598 2245 sextum
631 2204 717 2245 iam
747 2204 871 2244 illum
902 2204 1173 2246 consulatum
1203 2204 1440 2258 gerentem3
1477 2215 1545 2243 res

218 2265 310 2302 erat
343 2276 438 2303 cum
469 2261 514 2303 L.
544 2261 793 2316 Saturnino,
826 2262 984 2303 iterum
1020 2262 1194 2304 tribuno
1225 2260 1300 2315 pl„
1338 2259 1544 2314 vigilante
