1671 2543
254 115 341 156 560
410 115 460 150 IN
488 116 535 150 M.
562 115 824 150 ANTONJUM
852 115 1028 150 ORATIO
1056 115 1325 151 PHILIPPICA
1349 116 1444 154 XIV.

255 238 494 265 sermonem
527 238 594 265 me
626 223 862 277 Parilibus,
906 223 977 276 qui
1010 223 1099 264 dies
1131 223 1257 265 hodie
1291 227 1374 278 est,
1411 239 1509 267 cum
1538 225 1597 268 fa-

255 282 398 323 scibus
425 282 739 323 descensurum.
778 281 830 322 In
856 281 1043 335 aliquem
1065 282 1189 324 credo
1211 282 1292 325 hoc
1313 283 1597 338 gladiatorem

254 343 329 382 aut
373 341 585 382 latronem
630 344 704 382 aut
743 340 975 382 Catilinam
1017 355 1109 383 esse
1149 341 1387 396 conlatum,
1429 357 1515 384 non
1552 343 1599 384 in

253 413 363 454 eum,
396 400 481 454 qui,
512 414 564 440 ne
597 399 698 453 quid
731 400 816 440 tale
849 400 894 440 in
925 414 969 440 re
994 400 1168 454 publica
1193 400 1286 441 fieri
1311 403 1472 456 posset,
1503 401 1598 443 effc-

254 458 371 499 cerit.
432 457 503 499 An
534 461 582 500 ut
614 472 706 513 ego,
739 458 811 512 qui
838 457 1072 500 Catilinam
1098 459 1203 500 haec
1232 459 1482 501 molientem
1508 475 1597 502 sus·
1634 474 1649 498 5

253 516 445 571 tulerim,
484 517 728 572 everterim,
761 517 1008 570 adflixerim‚
1040 517 1130 571 ipse
1164 517 1391 560 existerem
1421 522 1597 574 repente

253 574 471 617 Catilina?
540 574 703 624 Quibus
748 575 950 630 auspiciis
995 576 1102 617 istos
1146 575 1276 619 fascis
1319 591 1455 633 augur
1491 578 1597 620 acci-

252 648 410 688 perem,
432 637 642 688 quatenus
662 634 877 689 haberem,
898 634 965 675 cui
986 635 1228 676 traderem?
1274 635 1595 690 Quemquamne

253 691 384 734 fuisse
412 695 502 733 tam
529 693 797 748 sceleratum,
828 694 901 747 qui
926 693 1008 734 hoc
1033 694 1228 749 fingeret,
1257 697 1347 736 tam
1372 694 1596 750 furiosum,

255 751 326 805 qui
373 752 593 793 crederet?
660 751 783 794 Unde
824 752 959 807 igitur
999 752 1085 794 ista
1122 753 1308 807 suspicio
1345 753 1413 795 vel
1449 754 1595 808 potius
1616 767 1649 793 ιο

197 841 238 872 15
254 810 362 851 unde
407 810 489 851 iste
535 811 704 852 sermo?
773 810 900 865 Cum,
942 814 991 852 ut
1035 811 1173 865 scitis,
1215 812 1297 853 hoc
1342 812 1484 854 triduo
1528 813 1596 854 vel

254 868 491 923 quadriduo
523 870 664 911 tristis
698 884 722 911 a
752 869 921 911 Mutina
952 869 1068 911 fama
1098 873 1312 926 manaret,
1342 871 1482 912 inflati
1514 871 1596 913 lae·

253 927 352 968 titia
391 930 519 982 atque
558 928 789 970 insolentia
810 927 947 983 ‘impii
986 929 1097 970 cives
1136 944 1270 971 unum
1302 943 1346 971 se
1377 930 1423 971 in
1453 929 1596 972 locum

253 986 305 1027 ad
340 986 461 1027 illam
499 987 660 1028 curiam
692 987 816 1028 furiis
847 988 992 1042 potius
1026 988 1114 1029 suis
1147 1002 1275 1042 quam
1307 988 1368 1030 rei
1398 989 1595 1043 publicae

251 1044 467 1087 infelicem
505 1046 838 1101 congregabant.
900 1045 967 1087 Ibi
1006 1061 1102 1088 cum
1141 1047 1320 1088 consilia
1352 1047 1511 1089 inirent
1542 1048 1593 1090 de
1614 1061 1647 1087 15

252 1104 379 1146 caede
410 1107 561 1146 nostra
592 1105 941 1159 partirenturque
973 1105 1086 1146 inter
1118 1120 1180 1160 se,
1216 1106 1288 1160 qui
1321 1104 1595 1162 Capitolium,

253 1163 325 1216 qui
364 1165 524 1217 rostra,
563 1164 636 1217 qui
667 1163 787 1205 urbis
819 1166 966 1218 portas
1001 1167 1275 1219 occuparent,
1315 1164 1367 1206 ad
1399 1180 1466 1206 me
1499 1180 1594 1207 con-

252 1236 424 1263 cursum
455 1221 650 1263 futurum
683 1218 872 1264 civitatis
904 1223 1128 1276 putabant.
1184 1222 1305 1272 Quod
1337 1226 1386 1264 ut
1411 1238 1508 1266 cum
1533 1224 1594 1266 in-

250 1280 364 1321 vidia
396 1295 491 1321 mea
520 1280 642 1322 fieret
675 1283 718 1322 et
750 1296 847 1322 cum
878 1281 991 1322 vitae
1024 1281 1154 1322 etiam
1184 1282 1395 1336 periculo,
1432 1282 1593 1324 famam

250 1338 381 1379 istam
406 1338 588 1380 fascium
615 1339 941 1394 dissipaverunt,
973 1339 1101 1381 fascis
1128 1340 1211 1394 ipsi
1237 1340 1290 1381 ad
1315 1354 1382 1381 me
1409 1340 1592 1382 delaturi
1612 1356 1646 1381 20

249 1396 436 1438 fuerunt.
487 1397 610 1446 Quod
637 1412 733 1438 cum
760 1401 872 1439 esset
899 1399 1020 1452 quasi
1048 1413 1141 1439 mea
1166 1398 1389 1440 voluntate
1415 1398 1591 1455 factum,

250 1458 345 1496 tum
382 1455 427 1497 in
464 1470 531 1497 me
568 1456 755 1510 impetus
795 1456 1102 1498 conductorum
1139 1456 1362 1498 hominum
1394 1458 1517 1512 quasi
1547 1458 1594 1500 in

251 1517 482 1568 tyrannum
525 1515 780 1569 parabatur,
829 1529 879 1556 ex
923 1529 1007 1569 quo
1053 1515 1200 1556 caedes
1245 1518 1358 1557 esset
1400 1519 1592 1558 vestrum

253 1573 442 1614 omnium
482 1576 720 1615 consecuta.
790 1573 905 1623 Quae
944 1588 1011 1615 res
1049 1573 1271 1628 patefecit,
1311 1576 1456 1629 patres
1495 1590 1593 1617 con-

253 1632 420 1686 scripti,
464 1632 537 1673 sed
581 1646 656 1674 suo
703 1635 895 1686 tempore
939 1632 1074 1674 totius
1118 1632 1244 1674 huius
1283 1633 1455 1675 sceleris
1494 1633 1591 1676 fons
1610 1649 1645 1675 25

197 1698 237 1728 16
254 1691 479 1745 aperietur.
541 1690 692 1745 Itaque
725 1690 772 1733 P.
803 1691 1029 1746 Apuleius,
1063 1691 1262 1733 tribunus
1293 1692 1367 1746 pl„
1398 1707 1591 1735 meorum

253 1749 442 1791 omnium
481 1750 757 1791 consiliorum
788 1750 1160 1804 periculorumque
1193 1750 1278 1791 iam
1309 1750 1405 1792 inde
1439 1765 1464 1792 a
1495 1765 1591 1793 con-

253 1808 396 1850 sulatu
441 1823 534 1849 meo
579 1809 722 1861 testis,
767 1808 980 1862 conscius,
1021 1809 1209 1863 adiutor,
1251 1809 1442 1850 dolorem
1478 1809 1589 1852 ferre

250 1881 337 1908 non
377 1867 521 1921 potuit
559 1866 719 1908 doloris
757 1867 858 1921 mci3
896 1867 1138 1908 contionem
1175 1867 1328 1908 habuit
1359 1868 1590 1910 maximam

250 1925 410 1980 populo
443 1924 638 1967 Romano
672 1941 804 1967 unum
836 1929 962 1980 atque
995 1926 1107 1967 idem
1140 1926 1361 1968 sentiente.
1423 1925 1474 1968 In
1505 1941 1590 1981 qua
1609 1941 1642 1967 30

252 1984 451 2026 contione
491 1999 586 2025 cum
624 1999 690 2025 me
728 1999 805 2038 pro
839 1999 1004 2025 summa
1034 1987 1184 2025 nostra
1215 1985 1514 2026 coniunctione
1546 1988 1590 2027 et

251 2042 547 2084 familiaritate
595 2043 776 2084 liberare
820 2043 1060 2097 suspicione
1099 2042 1279 2084 fascium
1317 2043 1464 2098 vellet,
1505 2058 1590 2085 una

252 2116 354 2143 voce
399 2104 553 2143 cuncta
594 2101 736 2143 contio
779 2101 1011 2143 declaravit
1050 2101 1158 2142 nihil
1203 2116 1294 2143 esse
1333 2116 1357 2143 a
1397 2116 1464 2143 me
1500 2117 1588 2143 um—

253 2174 383 2214 quam
432 2160 482 2201 de
526 2175 570 2201 re
614 2160 787 2214 publica
826 2160 909 2201 nisi
954 2160 1114 2214 optime
1159 2160 1408 2215 cogitatum.
1481 2159 1587 2201 Post

251 2218 362 2260 hanc
427 2217 623 2260 habitam
689 2219 932 2261 contionem
993 2219 1156 2260 duabus
1218 2218 1407 2260 tribusve
1468 2217 1585 2260 horis
1605 2234 1637 2260 85

254 2277 516 2330 optatissimi
571 2277 710 2318 nuntii
767 2280 809 2318 et
863 2277 1033 2319 litterae
1088 2279 1311 2330 venerunt,
1373 2278 1421 2317 ut
1474 2276 1586 2318 idem

254 2334 341 2375 dies
402 2350 489 2377 non
550 2335 675 2378 modo
730 2335 1000 2390 iniquissima
1055 2351 1121 2377 me
1175 2335 1333 2376 invidia
1380 2334 1586 2387 liberarit,
