1671 2543
540 111 641 148 CAP.
669 116 782 147 9—11
811 116 829 155 ξ
858 116 1004 147 19—24.
1360 113 1445 156 543

91 220 183 261 sule
216 220 343 262 modo
378 220 542 274 accepi.
598 219 686 261 Eas
719 220 819 261 dum
852 220 985 262 recito
1012 220 1198 275 dumque
1225 220 1275 262 de
1303 220 1446 276 singu-

91 278 145 320 lis
172 278 399 320 sententiis
429 278 624 320 breviter
650 279 835 333 disputo,
862 279 1002 332 velim,
1028 281 1174 333 patres
1199 279 1446 334 conscripti,

92 339 142 379 ut
189 337 326 379 adhuc
363 337 549 392 fecistis,
593 351 660 379 me
700 340 863 379 attente
903 337 1098 380 audiatis.
1166 337 1445 380 ‘Antonius

95 395 277 438 Hirtio
320 399 370 438 et
401 395 637 439 Caesari?
700 395 850 451 Neque
889 411 933 438 se
972 396 1278 451 imperatorem
1308 411 1446 451 neque

59 472 75 498 5
95 454 294 496 Hirtium
327 455 548 497 consulem
579 469 657 496 nec
689 469 767 509 pro
799 458 998 509 praetore
1031 454 1269 498 Caesarem.
1330 453 1445 497 Satis

94 514 177 555 hoo
218 513 391 568 quidem
425 514 551 568 scite3
590 514 800 568 deponere
834 514 1020 556 alienum
1050 528 1208 556 nomen
1238 514 1329 569 ipse
1360 529 1446 556 ma-

94 571 177 613 luit
217 586 350 626 quam
389 572 477 613 illis
519 587 643 613 suum
676 572 861 614 reddere.
924 571 1169 628 ‘Cognita
1205 575 1367 615 morte
1401 572 1445 615 G.

95 630 324 672 Treboni
367 645 468 672 non
509 631 624 686 plus
669 631 878 687 gavisus
925 645 1049 685 sum,
1096 646 1241 686 quam
1278 631 1446 673 dolui?

98 688 268 743 Videte,
306 689 408 744 quid
441 703 484 731 se
517 690 727 745 gavisum,
761 690 861 744 quid
894 690 1080 732 doluisse
1114 691 1246 745 dicat3
1277 690 1446 732 facilius

0 761 1 764 ’
48 766 78 790 ιο
99 749 149 790 de
174 762 282 803 pace
303 748 610 790 deliberabitis.
656 747 894 790 eDedisse
920 763 1108 803 poenas
1137 749 1448 791 sceleratum

99 807 264 849 cineri
308 809 462 861 atque
508 808 712 848 ossibus
752 807 1034 849 clarissimi
1073 807 1172 849 viri
1211 810 1260 849 et
1298 822 1447 862 appa-

97 865 268 908 ruisse
300 880 483 907 numen
515 866 722 907 deorum
754 866 892 907 intra
917 866 1075 907 finem
1101 866 1218 908 anni
1244 869 1447 908 verten-

98 924 168 966 tis
201 927 291 966 aut
322 924 421 966 iam
454 925 629 966 soluto
663 925 920 979 supplicio
947 925 1219 979 parricidii
1246 927 1335 966 aut
1360 925 1447 967 im-

101 983 354 1038 pendente
386 983 683 1024 laetandum
710 983 815 1025 est.'
867 982 900 1025 O
931 982 1153 1038 Spartace!
1182 998 1309 1038 quem
1334 984 1448 1026 enim

50 1059 82 1084 15
102 1044 145 1083 te
177 1042 323 1096 potius
359 1042 580 1096 appellem,
619 1041 738 1083 cuius
770 1045 947 1097 propter
979 1042 1160 1084 nefanda
1193 1043 1355 1084 scelera
1385 1045 1448 1084 to-

101 1100 293 1142 lerabilis
320 1099 452 1141 fuisse
479 1100 648 1142 videtur
675 1099 892 1143 Catilina?
924 1101 1172 1142 laetandum
1199 1115 1290 1143 esse
1318 1115 1447 1143 ausus

103 1173 147 1200 es
200 1159 385 1200 scribere
429 1158 691 1201 Trebonium
742 1159 906 1201 dedisse
950 1160 1140 1214 poenas?
1191 1160 1446 1202 sceleratum

102 1217 395 1259 Trebonium?
429 1231 511 1272 quo
538 1218 708 1272 scelere,
733 1218 817 1259 nisi
844 1218 957 1273 quod
982 1221 1025 1259 te
1051 1218 1200 1260 Idibus
1226 1218 1396 1260 Martiis
1424 1233 1445 1260 a

103 1276 250 1317 debita
277 1276 358 1317 tibi
378 1279 499 1330 peste
521 1276 718 1318 seduxit?
762 1276 868 1332 Age,
893 1276 975 1319 hoc
994 1277 1190 1331 laetaris3
1216 1277 1445 1329 videamus,

51 1352 84 1377 20
105 1335 207 1390 quid
245 1335 426 1376 moleste
464 1334 588 1376 feras.
650 1334 707 1376 ‘A
744 1339 886 1377 senam
922 1335 1208 1377 iudicatum
1245 1335 1447 1378 hostem

103 1393 281 1448 populi
313 1393 529 1435 Romani
563 1392 886 1435 Dolabellam
924 1408 998 1447 eo,
1036 1395 1166 1448 quod
1205 1394 1446 1436 sicarium

107 1451 375 1506 occiderit,
419 1454 469 1493 et
506 1452 669 1494 videri
707 1453 957 1494 cariorem
993 1453 1183 1507 populo
1222 1452 1447 1494 Romano

106 1509 276 1551 filium
314 1523 518 1552 scurrae
558 1525 703 1566 quam
735 1510 780 1553 C.
813 1510 1096 1564 Caesarem,
1132 1511 1334 1565 patriae
1365 1526 1448 1566 pa-

107 1570 323 1622 rentem,
371 1568 809 1624 ingemiscendum
859 1569 962 1611 est?
1041 1569 1152 1618 Quid
1200 1569 1448 1624 ingemiscis

56 1643 89 1668 25
107 1627 280 1668 hostem
334 1626 556 1668 iudicatum
609 1626 911 1669 Dolabellam?
968 1627 1096 1682 quid?
1151 1629 1195 1669 te
1248 1642 1336 1669 non
1389 1629 1450 1670 in-

109 1685 282 1740 tellegis
321 1684 480 1726 dilectu
518 1687 612 1726 tota
643 1685 772 1726 Italia
808 1685 977 1740 habito,
1015 1686 1260 1727 consulibus
1293 1686 1450 1741 missis,

113 1743 297 1787 Caesare
330 1746 493 1796 ornato,
525 1743 640 1798 sagis
673 1744 853 1797 denique
886 1743 1070 1798 sumptis
1098 1744 1270 1786 hostem
1294 1745 1450 1786 iudica-

111 1802 234 1844 tum?
296 1800 405 1850 Quid
437 1804 504 1843 est
531 1805 686 1856 autem,
719 1803 935 1856 scelerate,
968 1803 1080 1857 quod
1106 1816 1253 1858 gemas
1278 1802 1450 1846 hostem

111 1860 387 1903 Dolabellam
430 1860 665 1902 iudicatum
706 1875 731 1902 a
771 1861 950 1902 senatu?
995 1875 1123 1915 quem
1166 1864 1214 1903 tu
1258 1861 1451 1904 ordinem

62 1936 96 1961 ao
116 1919 289 1961 omnino
322 1932 415 1960 esse
446 1919 613 1960 nullum
642 1921 782 1973 putas,
815 1919 887 1960 sed
919 1933 1013 1960 eam
1038 1920 1119 1961 tibi
1148 1934 1320 1962 causam
1345 1920 1450 1962 belli

115 1977 288 2033 gerendi
318 1977 541 2031 proponis,
571 1979 621 2019 ut
653 1979 848 2019 senatum
878 1976 1071 2019 funditus
1104 1978 1264 2033 deleas,
1295 1978 1451 2033 reliqui

115 2035 217 2077 boni
261 2037 305 2076 et
347 2035 582 2090 locupletes
624 2050 771 2078 omnes
815 2050 1029 2077 summum
1073 2037 1264 2078 ordinem
1308 2037 1451 2079 subse-

117 2096 314 2149 quantur.
387 2093 448 2135 At
497 2108 667 2136 scurrae
716 2094 853 2135 filium
902 2095 1101 2149 appellat.
1175 2094 1306 2144 Quasi
1349 2110 1450 2138 vero

116 2153 292 2208 ignotus
329 2152 454 2193 nobis
492 2152 623 2194 fuerit
661 2153 905 2207 splendidus
938 2167 1066 2207 eques
1097 2152 1316 2196 Romanus
1354 2153 1452 2196 Tre-

64 2227 98 2253 85
118 2211 219 2253 boni
263 2212 398 2265 pater.
464 2209 507 2252 Is
551 2213 695 2253 autem
736 2210 1027 2252 humilitatem
1071 2211 1286 2266 despicere
1323 2213 1451 2255 audet

119 2269 388 2323 cuiusquam,
424 2269 496 2323 qui
528 2283 578 2311 ex
609 2268 743 2311 Fadia
774 2269 997 2311 sustulerit
1027 2270 1216 2312 liberos?
1278 2270 1450 2313 ‘Acer-

119 2327 387 2369 bissimum
419 2341 538 2369 vero
570 2331 651 2369 est
677 2330 743 2381 te,
775 2329 825 2369 A.
851 2327 1012 2380 Hirti,
1044 2331 1279 2370 ornatum
1304 2329 1449 2372 bene-

1461 1286 1505 1316 23

1466 2244 1513 2284 11

1465 2303 1508 2333 24
