1671 2543
169 77 225 118 70
334 76 387 111 IN
412 75 450 110 P.
478 72 723 110 VATINIUM
747 71 941 108 TESTEM
965 70 1346 106 INTERROGATIO.

168 184 361 227 Puteolis
406 197 557 225 manus
602 195 693 223 esse
733 180 915 233 adlatas,
960 179 1014 220 ad
1049 194 1117 221 me
1154 177 1375 220 consulem
1413 192 1512 232 que-

168 243 297 285 rellas
341 242 678 284 Puteolanorum
722 253 814 280 esse
859 238 1041 292 delatas,
1089 239 1190 292 post
1235 238 1511 290 quaesturam

169 302 377 344 exierisne
402 301 571 355 legatus
597 298 643 340 in
668 297 919 339 ulteriorem
943 296 1201 350 Hispaniam
1227 294 1271 337 C.
1299 294 1510 337 Cosconio

169 375 246 416 pro
283 359 474 412 consule3
512 372 609 400 cum
640 357 748 397 illud
778 356 861 397 iter
891 354 1178 409 Hispaniense
1210 353 1390 408 pedibus
1421 353 1511 395 fere

171 419 321 461 confici
354 418 491 459 soleat
517 419 601 470 aut,
636 416 672 456 si
699 415 772 469 qui
798 414 1000 469 navigare
1027 413 1143 467 velit,
1175 415 1291 454 certa
1317 413 1374 453 sit
1398 412 1510 453 ratio
1547 422 1565 448 ⁵

172 477 412 533 navigandi,
443 475 664 516 venerisne
693 473 739 514 in
766 471 1007 514 Sardiniam
1039 474 1167 526 atque
1198 471 1296 512 inde
1327 471 1374 512 in
1398 470 1512 512 Afri-

170 551 282 589 cam,
320 535 524 588 fuerisne,
557 532 670 587 quod
702 532 793 573 sine
825 533 998 573 senatus
1032 530 1227 572 consulto
1258 529 1341 570 tibi
1371 529 1512 571 facere

168 610 257 636 non
298 594 437 647 licuit,
480 592 525 633 in
568 605 700 646 regno
739 589 1021 644 Hiempsalis,
1064 589 1252 630 fuerisne
1294 588 1341 629 in
1377 601 1510 643 regno

169 651 473 705 Mastanesosi,
517 650 738 691 venerisne
780 650 832 690 ad
868 649 1028 689 fretum
1063 662 1140 702 per
1176 646 1511 701 Mauretaniam3

171 727 297 766 quem
327 711 435 752 scias
461 723 667 763 umquam
691 708 885 763 legatum
909 706 1242 761 Hispaniensem
1266 705 1362 746 istis
1388 705 1511 746 itine-
1531 717 1566 742 ιο

171 771 291 812 ribus
323 770 368 810 in
399 769 519 809 illam
550 767 819 822 provinciam
850 765 1106 820 pervenisse.

115 843 157 872 13
260 828 418 870 Factus
457 842 501 868 es
538 827 738 867 tribunus
778 825 834 880 pl.
874 823 997 879 (quid
1036 824 1151 865 enim
1187 825 1229 864 te
1269 823 1319 864 de
1356 821 1513 877 Hispa-

170 887 391 930 niensibus
432 885 609 941 flagitiis
656 884 742 925 tuis
783 882 1174 937 sordidissimisque
1214 881 1342 923 furtis
1383 882 1512 922 inter—

171 960 319 1001 rogem
330 944 368 1000 22)
416 944 583 994 Quaero
611 958 686 997 aps
712 945 755 983 te
781 942 969 996 primum
993 941 1202 995 universe,
1237 940 1350 994 quod
1376 953 1511 994 genus

170 1003 462 1059 improbitatis
489 1005 532 1044 et
556 1002 727 1043 sceleris
748 1001 793 1042 in
813 1015 861 1042 eo
882 1000 1141 1055 magistratu
1160 998 1511 1053 praetermiseris
1533 1009 1567 1035 15

171 1064 235 1105 Ac
274 1063 356 1104 tibi
387 1063 474 1103 iam
505 1061 602 1102 inde
634 1060 880 1114 praescribo
911 1073 964 1100 ne
996 1061 1092 1100 tuas
1126 1058 1272 1100 sordes
1304 1072 1400 1098 cum
1432 1057 1514 1098 cla-

172 1121 443 1163 rissimorum
486 1120 677 1160 virorum
722 1118 946 1172 splendore
990 1117 1260 1171 permisceas.
1330 1115 1426 1171 Ego
1470 1117 1514 1157 te

173 1193 464 1235 quaecumque
504 1178 686 1233 rogabo,
724 1177 774 1217 de
812 1179 854 1217 te
892 1176 987 1230 ipso
1022 1175 1186 1230 rogabo
1218 1189 1355 1228 neque
1387 1177 1430 1215 te
1462 1188 1514 1215 ex

173 1238 428 1293 amplissimi
466 1237 547 1277 viri
585 1235 813 1290 dignitate,
852 1235 924 1275 sed
957 1248 1008 1275 ex
1038 1234 1124 1274 tuis
1155 1233 1344 1274 tenebris
1377 1234 1513 1273 extra-

172 1298 285 1351 ham,
312 1296 539 1349 omniaque
565 1309 660 1335 mea
684 1293 770 1334 tela
797 1293 857 1334 sic
883 1293 928 1333 in
952 1294 994 1333 te
1019 1291 1293 1345 conicientur,
1319 1293 1368 1331 ut
1386 1305 1511 1332 nemo
1533 1305 1569 1329 20

173 1371 250 1409 per
280 1358 403 1395 tuum
434 1354 566 1407 latus,
605 1352 718 1406 quod
750 1351 861 1392 soles
895 1351 1051 1403 dicere,
1086 1350 1319 1403 saucietur3
1349 1349 1395 1390 in
1425 1349 1512 1390 tuis

174 1413 450 1468 pulmonibus
501 1426 550 1452 ac
598 1410 833 1451 visceribus
883 1409 1132 1450 haerebunt.
1204 1407 1264 1448 Et
1310 1407 1514 1461 quoniam

176 1472 367 1513 omnium
404 1485 546 1511 rerum
584 1483 838 1524 magnarum
871 1468 923 1508 ab
957 1467 1020 1508 dis
1052 1466 1369 1508 immortalibus
1400 1466 1515 1520 prin-

175 1531 287 1584 cipia
323 1529 552 1582 ducuntur,
590 1528 707 1581 volo,
744 1529 793 1568 ut
829 1526 936 1567 mihi
972 1525 1230 1580 respondeas
1261 1527 1327 1578 tu,
1365 1525 1440 1578 qui
1470 1527 1514 1565 te

174 1589 497 1643 Pythagoreum
523 1586 634 1628 soles
661 1586 799 1627 dicere
826 1587 869 1625 et
890 1584 1077 1626 hominis
1099 1583 1338 1625 doctissimi
1356 1597 1514 1624 nomen
1533 1596 1566 1622 25

174 1648 261 1688 tuis
293 1646 537 1687 inmanibus
570 1647 612 1686 et
642 1644 838 1685 barbaris
868 1643 1058 1684 moribus
1085 1642 1373 1696 praetendere,
1405 1655 1514 1696 quae

174 1709 217 1747 te
246 1707 368 1746 tanta
392 1704 581 1759 pravitas
607 1703 763 1744 mentis
789 1701 987 1755 tenuerit,
1020 1701 1093 1755 qui
1119 1703 1264 1742 tantus
1290 1699 1422 1753 furor,
1453 1702 1514 1754 ut,

176 1779 272 1805 cum
302 1763 495 1804 inaudita
526 1777 575 1804 ac
605 1761 770 1803 nefaria
801 1774 922 1802 sacra
954 1759 1203 1813 susceperis,
1236 1773 1332 1800 cum
1359 1757 1515 1799 infero·

175 1837 270 1864 rum
306 1822 469 1862 animas
503 1821 671 1874 elicere,
710 1834 806 1861 cum
837 1833 1068 1873 puerorum
1101 1818 1210 1858 extis
1242 1817 1342 1858 deos
1374 1816 1514 1857 manis

175 1883 362 1922 mactare
388 1880 539 1934 soleas,
572 1878 955 1933 auspicia,·quibus
980 1877 1085 1918 haec
1109 1877 1212 1917 urbs
1240 1875 1411 1917 condita
1436 1876 1514 1929 est,
1533 1889 1568 1914 30

177 1940 331 1993 quibus
358 1939 497 1980 omnis
524 1952 590 1979 res
616 1937 790 1992 publica
815 1938 942 1990 atque
966 1935 1193 1990 imperium
1211 1936 1393 1987 tenetur,
1418 1947 1516 1974 con-

175 1997 400 2051 tempseris
435 1997 644 2050 initioque
676 1995 922 2036 tribunatus
954 1994 1019 2035 tui
1051 1992 1217 2034 senatui
1249 1991 1514 2032 denuntiaris

176 2056 262 2097 tuis
302 2055 542 2096 actionibus
579 2067 790 2108 augurum
821 2067 1027 2106 responsa
1060 2054 1187 2105 atque
1219 2049 1309 2091 eius
1342 2047 1515 2104 collegii

121 2122 162 2153 15
178 2114 476 2168 adrogantiam
513 2113 804 2167 inpedimento
842 2125 929 2152 non
965 2110 1121 2151 futura.
1186 2107 1428 2149 Secundum
1465 2121 1515 2147 ea

179 2186 348 2225 quaero,
380 2171 618 2213 servarisne
648 2170 694 2211 in
725 2183 774 2210 eo
806 2169 952 2222 fidem3
982 2182 1086 2209 num
1117 2166 1285 2221 quando
1316 2165 1399 2206 tibi
1427 2179 1515 2206 mo·
1534 2179 1570 2205 35

178 2244 270 2271 ram
301 2229 514 2283 adtulerit,
547 2243 631 2282 quo
664 2228 804 2268 minus
838 2227 1067 2268 concilium
1098 2225 1327 2266 advocares
1357 2224 1515 2278 legem-

180 2301 259 2341 que
290 2287 435 2341 ferres,
468 2288 582 2341 quod
613 2300 662 2328 eo
695 2286 762 2327 die
788 2285 918 2326 scires
945 2285 995 2326 de
1022 2284 1138 2325 caelo
1166 2297 1258 2324 esse
1284 2284 1515 2323 servatum.

134 1391 159 1432 6

117 1451 161 1482 14
