1671 2543
567 79 669 116 CAP.
699 84 836 115 16—-18
863 83 882 123 ξ
909 82 1059 115 35—41.
1413 79 1491 121 149

147 189 403 244 Pompeium
428 189 478 230 de
506 189 675 231 consilii
702 188 916 229 sententia
945 187 1166 229 civitatem
1189 186 1290 228 huic
1316 187 1494 241 dedisse,

148 249 316 291 nullum
341 248 490 303 populi
514 248 654 289 nostri
678 247 844 288 iussum
871 246 1108 288 Gaditanos
1139 246 1316 300 habere3
1347 246 1493 300 itaque

149 308 258 349 nihil
280 322 372 349 esse
393 309 727 357 sacrosanctum,
755 306 868 360 quod
887 306 982 360 lege
1009 308 1235 359 exceptum
1260 304 1495 359 videretur3

152 367 189 408 81
221 369 352 420 esset,
383 368 530 407 tamen
564 365 609 406 in
646 365 815 406 foedere
852 365 962 405 nihil
995 379 1086 406 esse
1119 366 1293 405 cautum
1324 366 1495 417 praeter

116 439 318 479 5pacem3
356 425 548 466 additum
586 438 677 466 esse
716 424 847 464 etiam
885 423 1009 477 illud,
1046 426 1096 464 ut
1126 423 1399 464 maiestatem
1430 421 1496 462 1111

151 487 345 525 nostram
377 497 627 525 conservare
660 483 881 535 deberent,
920 497 1027 536 quae
1067 483 1180 523 certe
1217 482 1495 534 minueretur,

153 543 190 584 si
221 546 295 583 aut
327 542 594 583 adiutoribus
627 542 802 582 illorum
834 541 998 582 civibus
1030 541 1096 581 uti
1127 541 1172 581 in
1205 540 1329 581 bellis
1368 539 1496 581 nobis

151 616 238 643 non
274 601 424 642 liceret
461 604 536 642 aut
572 600 752 656 praemii
784 600 1001 641 tribuendi
1032 601 1297 654 potestatem
1332 599 1497 640 nullam

151 660 417 701 haberemus.
478 658 605 701 Nunc
648 674 748 700 vero
795 659 897 712 quid
941 672 1020 714 ego
1066 661 1217 700 contra
1259 657 1495 699 Gaditanos
1511 663 1554 694 39

100 736 133 762 10
152 720 318 773 loquar,
344 733 442 760 cum
461 718 516 773 id,
537 719 651 772 quod
671 718 862 772 defendo,
887 718 1109 759 voluntate
1131 732 1290 770 eorum,
1316 716 1498 758 auctori-

153 780 255 832 tate,
286 777 502 833 legatione
528 778 624 830 ipsa
656 777 991 831 comprobetur?
1025 776 1098 830 qui
1131 791 1155 816 a
1186 775 1397 830 principio
1431 775 1498 816 sui

154 836 323 892 generis
348 837 378 890 †
405 838 479 877 aut
504 836 647 877 studio
673 836 736 876 rei
761 835 958 889 publicae
979 835 1010 875 ii
1031 835 1083 875 ab
1106 835 1222 876 omni
1243 834 1385 875 studio
1407 848 1498 875 sen-

155 909 289 949 suque
320 894 564 936 Poenorum
602 898 767 936 mentes
807 909 905 935 81138
944 894 997 934 ad
1032 896 1231 935 nostrum
1269 893 1499 946 imperium

154 968 395 1007 nomenque
421 954 651 1008 flexerunt3
684 953 768 1007 qui,
802 968 898 994 cum
923 953 1111 994 maxima
1135 952 1250 993 116113
1280 952 1406 993 nobis
1438 951 1499 992 in-

104 1029 136 1054 15
156 1013 389 1066 ferrentur,
427 1025 510 1062 eos,
548 1027 576 1053 a
611 1012 755 1064 quibus
790 1012 1058 1065 iwferrentur,
1097 1011 1323 1052 moenibus
1362 1010 1500 1051 exclu-

157 1074 321 1125 serunt,
366 1071 575 1112 classibus
618 1070 803 1113 insecuti
845 1073 962 1124 sunt,
1011 1070 1282 1124 corporibus,
1332 1069 1500 1123 opibus,

157 1130 291 1184 copiis
324 1130 596 1184 depulerunt3
634 1130 708 1183 qui
740 1132 783 1170 et
814 1132 1002 1177 veterem
1033 1129 1154 1182 1113111
1191 1128 1378 1182 speciem
1414 1127 1500 1168 foe-

158 1189 270 1229 deris
295 1187 506 1229 Marciani
541 1203 710 1242 semper
741 1188 858 1229 omni
890 1187 1150 1229 sanctiorem
1182 1202 1256 1227 ara
1288 1187 1501 1227 duxerunt

158 1250 202 1288 et
225 1247 307 1288 hoc
332 1247 502 1288 foedere
530 1246 673 1289 Catuli
699 1250 958 1300 senatusque
991 1246 1250 1287 auctoritate
1283 1260 1327 1286 se
1358 1244 1501 1286 nobis-

104 1323 139 1348 20
159 1320 256 1347 611111
305 1306 679 1347 coniunctissimos
735 1320 826 1346 esse
883 1305 1084 1346 arbitrati
1140 1307 1261 1359 sunt3
1319 1318 1501 1358 quorum

158 1364 344 1419 moenia,
390 1365 585 1419 delubra,
624 1378 751 1418 agros
789 1367 838 1405 ut
868 1363 1077 1405 Hercules
1114 1363 1319 1404 itinerum
1357 1377 1406 1403 36
1442 1362 1501 1402 13-

158 1424 313 1465 borum
346 1437 537 1477 suorum,
577 1423 639 1464 816
675 1423 859 1464 maiores
896 1423 1036 1464 nostri
1073 1422 1243 1476 imperii
1282 1436 1331 1462 36
1366 1421 1502 1462 nomi-

158 1482 226 1523 nis
251 1482 400 1536 populi
419 1481 604 1523 Romani
629 1482 836 1523 terminos
863 1496 954 1522 esse
979 1481 1220 1522 voluerunt.
1267 1480 1501 1521 Testantur
1515 1485 1560 1516 40

161 1543 204 1581 et
234 1543 427 1582 mortuos
458 1543 630 1582 nostros
662 1541 962 1594 imperatores,
994 1554 1177 1594 quorum
1207 1539 1315 1580 vivit
1346 1539 1502 1580 inmor-

109 1616 142 1641 25
161 1599 261 1639 talis
292 1599 500 1640 memoria,
531 1602 573 1640 et
604 1599 760 1654 gloria,
794 1599 1033 1653 Scipiones,
1065 1598 1243 1651 Brutos,
1282 1597 1503 1651 Horatios,

163 1657 347 1711 Cassios,
378 1657 589 1712 Metellos,
621 1660 664 1698 et
693 1658 807 1699 hunc
838 1660 1110 1711 praesentem
1136 1656 1210 1698 Cn.
1237 1656 1503 1709 Pompeium,

164 1730 290 1770 quem
326 1716 475 1769 procul
514 1717 567 1757 ab
603 1716 778 1757 illorum
816 1716 1039 1757 moenibus
1078 1729 1173 1756 acre
1212 1717 1255 1755 et
1297 1728 1503 1769 magnum

162 1774 324 1815 bellum
361 1776 581 1828 gerentem
619 1777 859 1815 commeatu
896 1773 1159 1827 pecuniaque
1197 1773 1415 1826 iuverunt,
1460 1775 1503 1812 et

162 1833 246 1874 hoc
271 1836 463 1886 tempore
489 1832 631 1886 ipsum
656 1833 864 1887 populum
888 1832 1143 1884 Romanum,
1177 1845 1304 1884 quem
1328 1830 1375 1871 in
1400 1830 1504 1871 6311-

111 1908 146 1933 30
164 1894 254 1932 tate
276 1905 479 1943 annonae,
504 1894 553 1931 ut
573 1905 698 1944 saepe
719 1893 818 1931 ante
838 1890 1041 1944 fecerant,
1065 1889 1282 1930 frumento
1309 1889 1504 1942 suppedi-

167 1952 258 1991 tato
284 1950 492 2002 leva-runt,
524 1963 567 1990 se
593 1949 676 1990 hoc
701 1949 767 1989 ius
798 1963 889 1989 esse
921 1948 1041 2002 velle,
1072 1951 1122 1988 ut
1154 1947 1237 1988 sibi
1270 1950 1313 1988 et
1343 1947 1504 2000 liberis,

166 2009 203 2049 81
247 2008 319 2062 qui
363 2008 519 2048 eximia
560 2008 720 2048 virtute
763 2007 910 2060 fuerit,
955 2007 1012 2047 sit
1055 2006 1100 2047 in
1135 2005 1297 2047 nostris
1339 2005 1506 2059 castris,

167 2067 225 2108 sit
249 2067 294 2107 in
324 2067 633 2120 imperatorum
663 2065 904 2120 praetoriis,
936 2065 993 2106 sit
1024 2065 1204 2118 denique
1236 2064 1349 2104 inter
1380 2064 1506 2118 signa,

167 2128 296 2179 atque
334 2125 379 2166 in
416 2125 504 2166 3616
536 2125 674 2177 106118,
715 2124 773 2164 sit
803 2124 871 2165 his
903 2123 1107 2178 gradibus
1140 2136 1341 2164 ascensus
1374 2122 1504 2163 etiam

113 2200 148 2226 35
168 2184 221 2225 ad
264 2184 496 2225 civitatem.
560 2183 721 2232 Quodsi
758 2181 895 2235 Afris,
939 2182 976 2223 si
1015 2180 1178 2234 Sardis,
1221 2181 1259 2222 si
1298 2180 1504 2235 Hispanis
1522 2163 1575 2205 18

169 2242 284 2297 agris
314 2242 612 2295 stipendioque
644 2241 839 2281 multatis
871 2240 1031 2281 virtute
1064 2239 1241 2293 adipisci
1272 2239 1374 2280 licet
1408 2223 1562 2280 civi-41

168 2303 321 2355 tatem,
354 2299 577 2341 Gaditanis
611 2302 755 2340 autem
787 2299 959 2353 officiis,
991 2301 1225 2353 vetustate,
1262 2297 1361 2352 fide,
1397 2297 1506 2352 peri—
