1671 2543
417 393 479 440 M.
519 392 708 439 TULLI
747 391 1078 440 CICERONIS

75 526 150 580 IN
198 525 267 580 M.
318 524 680 580 ANTONIUM
724 524 976 579 ORATIO
1020 523 1422 579 PHILIPPICA

601 629 895 697 QUARTA.

556 873 944 913 ARGUMENTUM.

171 986 311 1021 Habita
337 986 525 1031 superiore
552 984 720 1020 oratione
740 984 788 1019 M.
811 984 937 1020 Cicero
961 985 1034 1019 iam
1055 985 1092 1019 in
1114 984 1297 1027 contione,
1325 993 1420 1027 quae

77 1036 163 1069 aeta
183 1035 258 1068 sint
278 1033 314 1068 in
335 1035 477 1075 senatu,
498 1032 660 1078 exponit.
702 1031 736 1067 C.
759 1031 953 1066 Caesarem
973 1033 1011 1066 et
1028 1030 1072 1066 D.
1092 1031 1247 1065 Brutum
1267 1029 1421 1065 summis

78 1081 204 1116 adficit
224 1080 407 1123 laudibus,
428 1081 607 1125 populum
625 1079 833 1113 Romanum
855 1079 903 1113 ad
921 1078 1135 1113 libertatem
1155 1077 1422 1122 capessendam

77 1128 298 1163 adhortatur
323 1127 490 1171 beneque
517 1128 560 1162 de
586 1138 624 1161 re
650 1126 801 1170 publica
827 1136 975 1170 sperare
1001 1125 1114 1160 iubet.

1438 1338 1454 1377 1

166 1363 427 1418 Frequentia
445 1365 637 1404 vestrum
657 1361 933 1415 incredibilis,
961 1360 1163 1413 Quirites,
1190 1359 1418 1413 contioque
1437 1398 1453 1426 1

79 1425 219 1479 tanta,
252 1424 458 1476 quantam
489 1420 735 1462 meminisse
766 1435 854 1462 non
884 1419 1043 1473 videor,
1075 1421 1118 1460 et
1150 1418 1420 1460 alacritatem

80 1480 186 1521 mihi
213 1494 422 1521 summam
451 1479 734 1521 defendendae
760 1479 821 1520 rei
847 1478 1044 1532 publicae
1071 1477 1210 1518 adfert
1237 1479 1280 1517 et
1301 1491 1419 1530 spem

82 1538 406 1595 recuperandae.
459 1537 728 1591 Quamquam
761 1537 927 1578 animus
961 1536 1067 1577 mihi
1100 1535 1271 1589 quidem
1301 1549 1422 1575 num-

44 1616 61 1641 5
82 1611 210 1651 quam
249 1595 402 1649 defuit,
440 1599 635 1650 tempora
672 1595 915 1648 defuerunt,
954 1608 1060 1648 quae
1097 1593 1225 1634 simul
1258 1607 1306 1634 ac
1337 1593 1421 1646 pri-

81 1670 198 1696 mum
227 1654 388 1708 aliquid
409 1653 517 1695 lucis
539 1654 761 1694 ostendere
781 1654 873 1694 visa
893 1655 1005 1705 sunt,
1030 1651 1230 1705 princeps
1251 1653 1419 1691 vestrae

80 1712 296 1755 libertatis
318 1711 601 1753 defendendae
621 1711 693 1752 fui.
723 1710 884 1760 Quodsi
904 1710 947 1750 id
968 1712 1066 1750 ante
1086 1709 1225 1750 facere
1241 1711 1421 1749 conatus

82 1786 232 1824 essem,
266 1784 378 1812 nune
409 1769 548 1811 facere
580 1783 666 1810 non
697 1783 879 1822 possem.
940 1767 1160 1808 Hodierno
1194 1766 1308 1807 enim
1340 1766 1418 1818 die,

84 1830 286 1879 Quirites,
316 1842 369 1869 ne
396 1827 652 1869 mediocrem
678 1841 767 1867 rem
794 1829 936 1867 actam
962 1825 1243 1874 arbitremini,
1272 1824 1420 1865 funda·

32 1907 63 1932 10
82 1891 228 1930 menta
277 1887 390 1928 iacta
439 1888 539 1927 sunt
588 1885 849 1938 reliquarum
893 1883 1122 1925 actionum.
1195 1882 1309 1923 Nam
1353 1885 1419 1923 est

82 1946 222 1988 hostis
256 1960 280 1986 a
311 1947 463 1986 senatu
493 1944 682 1985 nondum
713 1942 842 1983 verbo
876 1941 1127 1996 adpellatus,
1162 1941 1234 1982 sed
1262 1955 1306 1981 re
1333 1940 1419 1981 iam

82 2005 295 2047 iudicatus
331 2002 555 2044 Antonius.
617 2001 741 2042 Nunc
779 2015 878 2041 vero
918 2000 1054 2040 multo
1094 2014 1188 2040 sum
1223 1999 1452 2051 erectim-‚2

85 2064 198 2118 quod
236 2076 310 2104 vos
350 2075 517 2115 quoque
554 2060 678 2101 illum
714 2059 886 2100 hostem
923 2072 1013 2099 esse
1052 2060 1174 2098 tanto
1211 2071 1418 2098 consensu

84 2125 292 2176 tantoque
321 2120 504 2162 clamore
532 2117 857 2172 adprobavistis.
896 2116 1045 2170 Neque
1066 2116 1190 2167 enim,
1218 2114 1419 2168 Quirites,

34 2197 66 2223 15
84 2181 178 2222 fieri
208 2181 364 2235 potest,
395 2180 444 2219 ut
474 2191 561 2218 non
592 2179 667 2217 aut
697 2176 728 2216 ii
760 2176 847 2216 sint
878 2174 1011 2228 impii,
1044 2174 1115 2228 qui
1148 2175 1299 2215 contra
1324 2187 1418 2214 eon-

87 2239 223 2281 sulem
255 2237 465 2279 exercitus
498 2236 847 2289 conparaverunt,
879 2238 951 2274 aut
983 2232 1054 2273 ille
1086 2231 1237 2285 hostis,
1269 2234 1419 2273 contra

87 2311 214 2351 quem
232 2297 323 2340 iure
345 2309 461 2337 arma
482 2296 653 2347 sumpta
671 2295 781 2334 sunt.
807 2291 928 2332 Hanc
946 2290 1080 2346 igitur
1094 2290 1417 2341 dubitationem,
