1671 2543
566 83 665 119 CAP.
696 88 831 119 16—18
857 88 876 128 ἓ
902 87 1049 120 3-1-37.
1382 86 1466 126 549

130 194 302 233 mento
333 190 537 233 iuvero.'
601 190 687 232 Alii
720 192 832 232 istuc
863 194 1041 247 negant3
1084 205 1163 246 ego
1196 206 1314 245 vero,
1345 207 1397 233 ne
1431 192 1467 233 si

132 251 219 291 ista
250 250 421 304 quidem
452 249 620 304 feceris,
658 264 861 304 umquam
888 253 1029 292 tecum
1060 264 1208 304 pacem
1238 250 1337 292 huic
1370 251 1467 292 civi-

132 311 212 350 tati
251 308 441 350 futuram
477 311 594 363 puto.
657 308 836 357 ‘Quum
875 308 967 350 1100
1004 309 1239 363 placetne
1271 312 1467 350 vetera-

131 367 209 408 nis
250 367 390 421 istis,
435 367 618 421 quibus
658 367 817 408 adhuc
857 367 1024 408 omnia
1060 367 1267 423 integra
1304 366 1468 409 sunt‘?'

96 444 112 469 5
132 425 254 467 Nihil
286 425 372 466 vidi
405 428 494 467 tam
525 425 753 481 integrum,
787 440 914 479 quam
939 428 988 466 ut
1015 439 1262 481 oppugnare
1288 426 1468 480 impera-

132 487 271 526 torem
296 483 517 538 incipiant,
543 498 669 538 quem
696 486 818 525 tanto
845 484 987 525 studio
1015 499 1308 539 consensuque
1329 487 1467 526 osten-

131 542 272 584 derint
313 556 436 595 quam
473 544 637 585 oderint.
709 542 1030 597 ‘quamquam
1067 558 1154 585 vos
1193 557 1255 585 eos
1292 544 1525 585 adsen-35

131 601 421 643 tationibus
478 603 526 642 et
581 601 848 642 venenatis
904 602 1198 643 muneribus
1248 601 1467 643 venistis

131 659 489 714 depravatum.’
539 658 662 701 Itane
690 660 880 714 corrupti
905 663 1015 714 sunt,
1042 660 1196 714 quibus
1216 674 1469 715 persuasum

81 737 112 762 ιο
131 718 189 760 sit
233 717 527 760 foedissimum
575 718 745 760 hostem
795 719 1032 760 iustissimo
1082 719 1196 760 bello
1240 718 1469 774 persequi?

132 776 219 818 ‘At
281 777 541 818 militibus
596 777 814 819 inclusis
871 791 1013 831 opem
1068 777 1233 819 fertis.
1319 777 1468 819 Nihil

130 849 299 877 moror
349 849 432 877 eos
483 835 653 876 salvos
703 850 812 876 esse
857 838 905 877 et
954 836 1026 877 ire
1078 851 1172 890 quo
1214 836 1376 891 lubet,
1426 835 1469 878 si

131 896 333 936 tantum
358 894 502 935 modo
522 894 792 948 patiuntur
812 894 979 948 perire
1000 909 1124 949 eum,
1152 895 1235 948 qui
1255 894 1468 936 meruit.'

133 952 271 1002 Quam
302 952 502 1008 benigne!
535 953 714 1006 denique
740 953 806 994 usi
832 953 1092 994 liberalitate
1119 953 1282 995 Antoni
1307 953 1468 995 milites

80 1028 113 1054 15
131 1011 436 1065 imperatorem
474 1011 740 1065 reliquerunt
777 1014 820 1053 et
857 1026 901 1052 se
939 1012 991 1053 ad
1028 1012 1195 1053 hostem
1228 1014 1346 1053 metu
1376 1026 1469 1066 per-

132 1070 273 1111 territi
314 1069 605 1124 contulerunt3
647 1084 723 1124 per
768 1084 872 1123 quos
918 1070 954 1111 si
997 1085 1083 1112 non
1127 1070 1339 1125 stetisset,
1381 1085 1469 1111 non

130 1127 358 1169 Dolabella
388 1128 506 1182 prius
538 1128 789 1182 imperatori
821 1143 897 1169 suo
932 1143 1059 1182 quam
1089 1128 1304 1170 Antonius
1338 1129 1467 1170 etiam

132 1187 321 1241 collegae
370 1190 650 1240 parentasset.
730 1186 1065 1229 eConcordiae
1116 1187 1305 1229 factam
1356 1201 1465 1229 esse
1481 1201 1524 1232 36

131 1245 440 1286 mentionem
479 1245 714 1286 scribitis
750 1245 800 1286 in
832 1248 1010 1287 senatu
1042 1249 1090 1287 et
1120 1246 1324 1301 legatos
1358 1260 1467 1287 esse

79 1321 114 1346 20
133 1303 427 1346 consularis
455 1303 687 1357 quinque.
732 1303 968 1345 Difficile
996 1307 1072 1346 est
1101 1305 1339 1357 [credere]
1366 1319 1467 1359 003,

133 1362 219 1416 qui
257 1376 330 1403 me
367 1362 704 1416 praecipitem
743 1362 944 1417 egerint
979 1363 1322 1418 aequissimas
1356 1377 1468 1405 0011-

132 1421 360 1462 diciones
398 1419 646 1462 ferentem
684 1423 733 1462 et
771 1423 938 1462 tamen
976 1436 1031 1462 ex
1069 1421 1133 1462 iis
1166 1421 1362 1476 aliquid
1393 1436 1467 1463 re-

132 1478 339 1519 mittere
378 1479 711 1534 cogitantem,
748 1482 928 1533 putare
967 1480 1165 1534 aliquid
1204 1481 1466 1522 moderate

134 1539 221 1577 aut
268 1535 480 1577 humane
531 1551 638 1578 esse
688 1537 933 1579 facturos.
1011 1538 1105 1578 Vix
1155 1538 1309 1579 etiam
1359 1539 1466 1579 veri

79 1612 112 1638 25
133 1594 301 1636 simile
328 1597 422 1647 est,
449 1595 531 1648 qui
557 1595 904 1637 iudicaverint
922 1596 1122 1637 hostem
1142 1595 1467 1638 Dolabellam

133 1654 193 1695 ob
226 1652 571 1694 rectissimum
602 1652 821 1706 facinus,
854 1654 1053 1695 eosdem
1083 1654 1231 1695 nobis
1257 1669 1467 1708 parcere

119 1725 281 1777 posse
321 1710 450 1751 idem
489 1711 864 1752 sentientibus?
930 1712 1141 1753 Parumne
1179 1713 1348 1753 videtur
1380 1727 1467 1754 om-

133 1770 253 1811 nium
287 1768 525 1810 facinorum
552 1769 634 1810 sibi
661 1784 755 1810 cum
782 1769 1009 1811 Dolabella
1035 1771 1285 1812 societatem
1311 1771 1465 1812 initam

134 1827 357 1870 confiteri?
406 1826 559 1868 Nonne
593 1828 765 1868 cernitis
799 1842 849 1869 ex
880 1843 964 1870 uno
990 1829 1110 1870 fonte
1137 1829 1280 1870 omnia
1306 1830 1467 1880 scelera

79 1904 114 1928 30
132 1886 335 1927 manare?
415 1884 511 1939 Ipse
561 1886 740 1939 denique
790 1885 968 1941 fatetur,
1016 1887 1098 1929 1100
1143 1888 1314 1942 quidem
1359 1888 1465 1930 satis

133 1947 268 1998 acute,
298 1957 384 1985 11011
414 1957 540 1997 posse
572 1958 662 1997 eos,
702 1944 774 1998 qui
804 1945 975 1986 hostem
1007 1945 1278 1987 Dolabellam
1309 1947 1466 1988 iudica-

131 2003 272 2044 verint
304 2002 373 2043 ‘ob
406 2002 693 2043 rectissimum
723 2002 904 2044 facinus'
937 2002 1018 2059 (ita
1049 2004 1162 2045 enim
1187 2005 1356 2046 videtur
1381 2005 1466 2046 An-

133 2060 286 2126 tonio),
318 2060 401 2101 sibi
432 2074 603 2113 parcere
635 2060 748 2102 idem
780 2061 993 2103 sentienti.
1049 2060 1159 2111 Quid
1189 2063 1289 2104 huic
1320 2063 1464 2119 facias,
1484 2049 1533 2090 18

134 2119 205 2174 qui
243 2119 325 2159 hoc
359 2118 516 2159 litteris
548 2119 861 2173 memoriaeque
894 2120 1124 2174 mandarit,
1160 2121 1223 2162 ita
1255 2122 1337 2163 sibi
1370 2136 1464 2163 con·
1480 2108 1522 2139 37

81 2194 113 2220 35
132 2177 299 2218 venisse
327 2191 422 2217 cum
448 2175 686 2230 Dolabella,
711 2180 760 2218 ut
785 2178 856 2219 ille
877 2178 1137 2220 Trebonium
1163 2182 1218 2230 et,
1245 2180 1281 2221 si
1305 2183 1464 2235 posset,

132 2236 264 2277 etiam
283 2234 477 2287 Brutum,
505 2234 700 2276 Cassium
719 2235 998 2278 discruciatos
1024 2240 1196 2278 necaret
1214 2236 1239 2262 '¹‘
1257 2236 1283 2263 ’¹‘
1303 2239 1464 2280 eadem-

133 2308 214 2347 que
246 2293 460 2334 inhiberet
491 2293 700 2347 supplicia
729 2294 884 2335 nobis?
947 2294 980 2336 Ο
1015 2296 1326 2338 conservandus
1360 2297 1463 2339 civis
