1671 2543
199 113 283 155 126
380 114 444 149 DE
469 113 745 149 PROVINCIIS
771 112 1137 148 CONSULARIBUS
1165 113 1356 150 ORATIO.

195 224 356 262 virtute
392 221 467 263 Cn.
499 221 678 275 Pompei
711 221 772 262 sic
804 235 829 261 a
858 221 1018 275 populo
1050 220 1246 262 Romano
1279 221 1333 262 ab
1366 220 1537 263 Oceano

195 294 330 334 usque
369 280 422 321 ad
459 280 662 321 ultimum
699 278 895 320 Pontum
927 282 1148 333 tamquam
1186 294 1319 320 unum
1351 280 1537 334 aliquem

195 341 370 392 portum
403 341 547 379 tutum
579 341 622 379 et
655 338 847 379 clausum
879 339 1033 392 teneri3
1070 338 1268 379 nationes
1301 353 1391 392 eas,
1429 353 1537 392 quae

193 412 372 438 numero
393 397 617 438 hominum
638 411 685 437 ac
700 396 1000 437 multitudine'
990 372 1084 450 1p⁷sa
1096 397 1322 451 poterant
1312 412 1355 438 ln
1370 397 1538 451 provin-

195 456 282 497 cias
302 458 474 497 nostias
494 455 743 509 redundare,
762 455 826 496 ita
846 455 898 496 ab
920 455 1067 496 eodem
1088 470 1179 496 esse
1194 455 1354 509 partim
1368 455 1539 509 recisas,
1575 466 1591 493 5

194 514 355 568 partim
375 528 604 568 repressas,
624 516 673 554 ut
686 514 805 567 Asia,
825 528 932 567 quae
951 514 1181 568 imperium
1201 517 1328 555 antea
1341 490 1539 555 nostruni

194 573 468 626 terminabat,
499 587 609 613 nunc
635 572 775 613 tribus
800 572 923 613 novis
949 572 1182 626 provinciis
1208 573 1304 626 ipsa
1329 573 1539 628 cingatur.

194 631 378 672 Possum
422 631 471 671 de
516 631 632 671 omni
674 630 867 685 regione,
911 631 961 672 de
1000 631 1116 672 omni
1155 645 1309 686 genere
1346 631 1539 672 hostium

196 690 346 731 dicere.
395 689 527 730 Nulla
559 703 664 743 gens
698 692 775 742 est,
809 704 915 743 quae
946 704 1034 730 non
1065 693 1140 730 aut
1170 690 1234 730 ita
1266 690 1438 731 sublata
1470 690 1539 741 sit,

195 751 244 789 ut
275 749 345 789 vix
377 751 511 801 extet,
546 751 620 788 aut
652 748 714 788 ita
746 748 921 802 domita,
952 751 1001 788 ut
1033 748 1240 802 quiescat,
1270 751 1344 789 aut
1375 749 1439 789 ita
1470 763 1540 802 pa·
1560 761 1594 786 10

197 810 304 859 cata,
343 810 391 847 ut
422 807 605 847 victoria
635 809 787 847 nostra
818 807 1084 860 imperioque
1116 807 1311 848 laetetur.
1370 806 1539 847 Bellum

198 864 429 918 Gallicum,
476 868 621 918 patres
668 865 919 919 conscripti,
963 864 1008 906 C.
1054 865 1235 907 Caesare
1280 865 1539 919 imperatore

197 927 367 978 gestum
406 926 488 977 est,
526 927 653 964 antea
690 926 861 964 tantum
900 924 1026 965 modo
1065 924 1297 978 repulsum.
1364 923 1541 977 Semper

196 983 292 1023 illas
342 982 540 1023 nationes
589 983 729 1023 nostri
776 983 1058 1035 imperatores
1103 982 1350 1023 refutandas
1394 982 1540 1036 potius

195 1041 309 1081 bello
338 1055 465 1094 quam
488 1041 758 1082 lacessendas
778 1044 1050 1095 putaverunt.
1088 1040 1186 1095 Ipse
1206 1041 1279 1082 ille
1300 1040 1345 1083 G.
1365 1040 1540 1095 Marius,
1561 1055 1594 1080 15

197 1100 316 1141 cuius
343 1099 487 1141 divina
512 1103 640 1153 atque
665 1100 821 1140 eximia
841 1100 978 1140 virtus
999 1100 1167 1154 magnis
1187 1099 1337 1153 populi
1356 1099 1541 1140 Romani

196 1158 384 1199 luctibus
422 1157 729 1212 funeribusque
769 1158 985 1211 subvenit,
1025 1158 1246 1201 influentis
1284 1159 1329 1199 in
1367 1157 1541 1199 Italiam

199 1216 424 1257 Gallorum
449 1216 658 1257 maximas
686 1217 830 1270 copias
857 1217 1074 1269 repressit,
1099 1232 1184 1257 non
1208 1217 1299 1270 ipse
1321 1216 1373 1257 ad
1393 1231 1540 1258 eorum

198 1275 324 1315 urbes
353 1275 557 1328 sedesque
583 1275 836 1328 penetravit.
875 1274 1003 1315 Modo
1025 1275 1097 1315 ille
1117 1290 1311 1315 meorum
1331 1275 1541 1323 laborum,

196 1333 503 1387 periculorum,
547 1333 826 1373 consiliorum
865 1333 1024 1386 socius,
1062 1332 1107 1374 C.
1145 1332 1420 1386 Pomptinus,
1458 1333 1540 1374 for·
1560 1348 1595 1373 20

197 1391 393 1432 tissimus
425 1391 502 1444 vir,
536 1394 678 1431 ortum
711 1394 883 1444 repente
909 1391 1071 1431 bellum
1097 1391 1385 1446 Allobrogum
1411 1394 1540 1445 atque

198 1450 278 1490 hac
329 1449 537 1490 scelerata
581 1449 874 1490 coniuratione
919 1450 1153 1490 excitatum
1192 1450 1368 1503 proeliis
1408 1449 1542 1505 fregit

199 1521 355 1560 eosque
394 1508 577 1556 domuit,
617 1508 689 1561 qui
734 1508 1029 1562 lacessierant,
1064 1511 1106 1548 et
1145 1522 1194 1549 ea
1231 1508 1414 1549 victoria
1446 1523 1541 1549 con-

199 1569 344 1606 tentus
383 1580 427 1606 re
465 1566 638 1619 publica
675 1569 794 1607 metu
825 1566 1008 1607 liberata
1040 1567 1214 1620 quievit.
1277 1567 1318 1609 C.
1345 1566 1541 1608 Caesaris

199 1625 326 1679 longe
366 1624 494 1665 aliam
537 1624 659 1665 video
701 1624 833 1665 fuisse
871 1625 1094 1666 rationem.
1166 1624 1269 1667 Non
1306 1626 1419 1666 enim
1457 1625 1541 1666 sibi
1560 1640 1594 1666 25

199 1683 340 1723 solum
378 1697 475 1724 cum
518 1683 589 1736 iis,
634 1697 740 1736 quos
785 1683 871 1723 iam
913 1686 1103 1724 armatos
1148 1687 1299 1725 contra
1333 1684 1541 1738 populum

199 1740 443 1782 Romanum
476 1741 666 1795 videbat,
704 1741 950 1782 bellandum
988 1756 1079 1783 esse
1118 1742 1256 1796 duxit,
1296 1743 1370 1783 sed
1402 1745 1542 1783 totam

141 1807 185 1838 33
202 1798 389 1840 Galliam
414 1800 459 1840 in
483 1803 678 1841 nostram
704 1799 915 1841 dicionem
941 1815 1033 1841 esse
1059 1800 1345 1855 redigendam.
1389 1800 1541 1854 Itaque

201 1872 297 1899 cum
346 1858 564 1898 acerrimis
608 1858 857 1899 nationibus
902 1861 944 1899 et
988 1859 1187 1900 maximis
1230 1858 1541 1901 Germanorum

201 1919 243 1957 et
274 1915 574 1957 Helvetiorum
605 1916 780 1970 proeliis
812 1917 1059 1958 felicissime
1091 1917 1344 1972 decertavit,
1376 1920 1540 1958 ceteras
1560 1933 1595 1958 30

202 1975 457 2028 conterruit,
491 1975 716 2029 compulit,
749 1975 927 2030 domuit,
962 1975 1144 2030 imperio
1175 1976 1325 2030 populi
1355 1975 1541 2016 Romani

199 2047 349 2086 parere
393 2033 627 2074 adsuefecit
672 2036 732 2087 et,
776 2048 881 2088 quas
922 2034 1119 2089 regiones
1165 2048 1353 2088 quasque
1398 2034 1540 2088 gentis

200 2091 342 2132 nullae
385 2092 511 2132 nobis
556 2094 684 2132 antea
726 2092 915 2146 litterae,
964 2093 1085 2133 nulla
1126 2107 1225 2146 vox,
1268 2092 1388 2133 nulla
1425 2091 1542 2132 fama

201 2152 327 2189 notas
366 2149 544 2203 fecerat,
584 2150 662 2191 has
700 2153 848 2190 noster
884 2151 1120 2205 imperator
1154 2153 1387 2203 nosterque
1427 2163 1541 2190 exer-

204 2207 315 2247 citus
354 2211 396 2248 et
430 2209 577 2261 populi
609 2207 795 2249 Romani
828 2223 947 2249 arma
978 2211 1274 2264 peragrarunt.
1330 2207 1539 2249 Semitam
1559 2225 1593 2250 35

204 2268 374 2305 tantum
413 2265 577 2307 Galliae
623 2266 876 2307 tenebamus
915 2270 1058 2321 antea,
1106 2269 1250 2320 patres
1289 2265 1539 2320 conscripti3

205 2326 368 2363 ceterae
407 2327 552 2378 partes
591 2339 616 2365 a
653 2324 856 2379 gentibus
894 2328 970 2366 aut
1006 2325 1191 2366 inimicis
1227 2325 1327 2366 huic
1358 2325 1540 2380 imperio

129 783 181 823 13

140 843 183 873 32
