1671 2543
194 93 278 134 150
441 93 534 128 PRO
560 93 598 128 L.
629 92 1053 128 CORNELIO-BALBO
1082 92 1273 128 ORATIO.

193 200 318 255 culis,
361 200 530 242 foedere
569 199 808 241 coniunctis
844 199 926 241 1100
963 199 1077 241 idem
1112 214 1202 241 non
1236 199 1401 254 licebit,
1443 214 1531 242 non

190 258 341 300 foedus
373 258 457 300 sibi
486 259 722 311 nobiscum,
754 258 829 299 sed
858 258 1151 312 iniquissimas
1176 258 1294 314 leges
1319 258 1530 312 inpositas

192 332 218 358 a
241 317 367 358 nobis
400 331 492 358 esse
525 317 863 358 arbitrabuntur.
912 317 1055 371 Atque
1086 317 1209 371 hanc,
1240 316 1413 371 iudices,
1443 331 1531 358 non

192 390 217 416 a
247 390 314 417 me
346 376 452 431 fingi
483 375 738 428 orationem,
776 375 848 416 sed
885 389 953 416 me
990 375 1147 429 dicere,
1186 389 1294 429 quae
1327 374 1530 416 Gaditani

190 434 432 488 iudicarint,
464 447 530 474 res
562 433 657 487 ipsa
688 433 887 474 declarat.
941 432 1194 488 Hospitium
1224 433 1373 475 multis
1405 433 1529 475 annis
1565 444 1582 470 5

192 495 291 533 ante
328 492 410 533 1100
448 495 617 546 tempus
657 506 753 532 cum
784 490 831 532 L.
863 490 1065 534 Cornelio
1099 491 1335 534 Gaditanos
1375 491 1529 533 fecisse

190 550 360 605 publice
393 550 499 592 (1100.
548 549 771 591 Proferam
802 553 1027 604 tesseram3
1057 550 1226 605 legatos
1253 550 1411 605 excito3
1441 550 1530 591 lau-

192 610 362 650 datores
390 609 442 649 ad
466 608 549 650 1100
574 608 779 650 iudicium
805 622 994 650 summos
1018 609 1214 650 homines
1241 623 1290 650 ac
1313 609 1529 650 nobilissi-

191 681 284 708 mos
335 667 630 721 deprecatores
676 667 804 708 huius
847 667 1027 721 periculi
1069 667 1224 708 missos
1267 667 1440 722 videtis3
1483 682 1528 708 re

191 725 373 779 denique
402 725 539 766 multo
567 728 666 766 ante
694 724 885 767 Gadibus
909 725 1114 779 inaudita,
1145 725 1236 767 fore
1267 729 1315 767 ut
1341 725 1442 767 huic
1473 726 1527 767 ab
1548 736 1582 761 1⁰

191 784 266 825 illo
287 784 524 838 periculum
550 786 768 825 crearetur
786 782 862 808 *ἧς*
881 784 1137 839 gravissima
1157 786 1301 825 autem
1326 784 1372 825 in
1395 784 1529 825 istum

132 848 177 879 4⁶2
194 842 328 883 civem
355 857 479 883 suum
500 841 701 883 Gaditani
721 845 894 884 senatus
920 843 1116 884 consulta
1141 842 1345 884 fecerunt.
1377 841 1529 883 Potuit

191 901 328 955 magis
367 900 522 941 fundus
560 901 744 955 populus
784 900 1022 942 Gaditanus
1059 900 1170 955 fieri,
1208 901 1410 955 quoniam
1445 901 1528 942 1100

190 973 448 1013 magnopere
487 959 696 1001 delectare
735 960 884 1013 verbo,
922 959 958 1001 si
995 962 1089 1000 tum
1125 959 1176 1000 fit
1212 959 1386 1013 fundus,
1431 973 1529 1000 cum

190 1018 300 1059 scita
331 1032 378 1059 30
409 1017 527 1059 iussa
555 1020 707 1059 nostra
738 1032 816 1059 sua
846 1018 1060 1059 sententia
1092 1018 1362 1072 comprobat,
1399 1031 1528 1071 quam
1547 1027 1580 1054 15

191 1091 288 1117 cum
324 1076 565 1130 hospitium
600 1076 720 1129 fecit,
765 1080 813 1118 ut
851 1079 895 1118 ct
932 1076 1106 1118 civitate
1147 1076 1270 1117 illum
1312 1078 1529 1117 mutatum

191 1149 282 1176 esse
313 1134 524 1175 fateretur
555 1137 598 1175 et
634 1134 761 1176 huius
801 1135 989 1176 civitatis
1026 1135 1189 1176 honore
1229 1135 1528 1190 dignissimum

189 1193 430 1234 iudicaret?
473 1193 618 1247 potuit
650 1193 807 1234 certius
839 1193 1110 1248 interponere
1141 1193 1346 1234 iudicium
1382 1193 1528 1234 volun-

190 1251 295 1292 tatis
323 1265 435 1306 suae,
468 1266 596 1305 quam
625 1266 720 1292 cum
753 1252 883 1292 etiam
909 1253 1202 1292 accusatorem
1231 1251 1358 1292 huius
1390 1251 1527 1292 multa

191 1312 234 1350 et
264 1324 402 1363 poena
431 1309 628 1350 notavit‘.>
663 1310 807 1363 potuit
838 1310 976 1364 magis
1008 1310 1058 1350 de
1091 1324 1135 1350 re
1166 1310 1367 1363 iudicare,
1398 1323 1526 1363 quam
1546 1320 1580 1345 20

191 1382 287 1409 cum
325 1368 377 1408 ad
413 1370 605 1408 vestrum
642 1367 846 1409 iudicium
885 1368 987 1409 civis
1033 1367 1322 1421 amplissimos
1365 1367 1526 1422 legavit

190 1427 314 1467 testis
345 1425 472 1466 huius
504 1426 627 1480 iuris,
664 1426 776 1467 vitae
815 1426 1077 1480 laudatores,
1116 1425 1295 1480 periculi
1333 1425 1527 1479 depreca-

132 1490 176 1521 43
191 1484 336 1525 tores?
373 1484 549 1524 Etenim
575 1484 669 1538 quis
702 1487 768 1525 est
799 1487 888 1525 tam
920 1485 1104 1538 demens,
1136 1484 1239 1538 quin
1270 1484 1428 1525 sentiat
1458 1484 1525 1525 ius

190 1543 273 1584 hoc
299 1541 523 1583 Gaditanis
550 1556 641 1583 esse
668 1543 950 1596 retinendum,
980 1557 1032 1583 ne
1059 1546 1255 1596 saeptum
1281 1543 1339 1583 sit
1363 1542 1416 1582 iis
1444 1542 1527 1583 iter

189 1602 235 1641 in
254 1603 509 1655 perpetuum
524 1601 575 1641 ad
588 1601 670 1642 hoc
685 1601 996 1655 amplissimum
1010 1601 1247 1655 praemium
1262 1600 1462 1654 civitatis,
1482 1603 1526 1641 et
1545 1611 1578 1636 25

190 1673 448 1714 magnopere
481 1659 535 1700 iis
569 1673 660 1700 esse
692 1659 939 1700 laetandum
968 1659 1095 1700 huius
1127 1658 1174 1700 L.
1207 1658 1379 1701 Corneli
1411 1659 1526 1700 bem·-

189 1717 424 1759 volentiam
462 1731 564 1772 erga
602 1732 701 1758 suos
742 1732 959 1758 remanere
1001 1717 1210 1771 Gadibus,
1254 1717 1440 1772 gratiam
1483 1719 1526 1758 et

189 1776 441 1817 facultatem
467 1776 790 1817 commendandi
814 1776 860 1817 in
883 1776 964 1817 hac
990 1776 1164 1817 civitate
1189 1775 1380 1817 versari?
1420 1775 1524 1824 Quis

191 1837 258 1875 est
283 1835 397 1875 enim
418 1837 627 1888 nostrum,
653 1834 721 1876 cui
745 1849 833 1875 non
857 1834 933 1875 illa
959 1834 1109 1875 civitas
1136 1834 1194 1875 sit
1217 1834 1344 1875 huius
1371 1833 1524 1888 studio,

122 1891 174 1934 19
191 1907 302 1946 cura,
334 1893 559 1947 diligentia
584 1893 949 1934 commendatior?
995 1892 1174 1946 Omitto,
1207 1892 1378 1946 quantis
1405 1906 1525 1933 01113,-
1543 1901 1578 1927 30

189 1951 346 1992 mentis
365 1951 573 2006 populum
591 1951 724 1992 istum
745 1950 789 1993 C.
811 1951 978 2005 Caesar,
1002 1965 1097 1992 cum
1118 1954 1230 1992 esset
1250 1950 1295 1991 in
1313 1949 1525 2004 Hispania

189 2012 376 2063 praetor,
408 2009 623 2063 adfecerit,
655 2010 968 2051 controversias
1001 2009 1177 2063 sedarit,
1207 2008 1302 2049 iura
1332 2008 1524 2062 ipsorum

189 2068 401 2121 permissu
439 2043 658 2121 statuerit,
700 2068 984 2109 inveteratam
1025 2067 1237 2121 quandam
1279 2067 1523 2107 barbariam

190 2139 241 2165 ex
268 2124 577 2167 Gaditanorum
601 2125 794 2167 moribus
820 2126 1129 2180 disciplinaque
1162 2124 1325 2178 delerit,
1357 2139 1523 2165 summa

187 2183 236 2223 in
279 2197 372 2224 eam
417 2184 637 2225 civitatem
678 2184 804 2225 huius
848 2186 1005 2239 rogatu
1047 2183 1189 2224 studia
1232 2185 1276 2223 et
1317 2182 1523 2223 beneficia
1542 2192 1576 2217 35

191 2241 432 2282 contulerit
479 2241 619 2283 Multa
643 2244 877 2307 praetereo,
909 2256 1017 2296 quae
1043 2241 1198 2283 cotidie
1223 2240 1370 2281 labore
1394 2240 1523 2282 huius

189 2301 233 2338 et
260 2299 401 2341 studio
434 2302 508 2340 aut
540 2300 712 2342 omnino
745 2302 819 2341 aut
852 2303 964 2342 certe
995 2299 1164 2341 facilius
1196 2301 1524 2352 consequantur.
