1671 2543
203 100 288 141 368
387 99 438 134 IN
466 99 514 134 M.
542 98 803 134 ANTONIUM
829 99 1008 135 ORATIO
1034 99 1305 135 PHILIPPICA
1331 104 1355 135 1.

203 208 362 249 dicium
388 209 668 250 vocabuntur.
719 207 778 249 At
804 222 871 249 res
897 208 1129 263 popularis.
1180 207 1359 250 Utinam
1380 209 1553 264 quidem

202 267 366 322 aliquid
397 267 566 308 velletis
597 281 689 308 esse
716 267 940 321 populare!
999 266 1157 308 Omnes
1185 267 1299 309 enim
1324 268 1411 309 iam
1438 268 1551 310 cives

203 326 253 367 de
280 326 340 368 rei
367 326 565 380 publicae
592 326 729 367 salute
749 340 835 366 una
855 328 898 367 et
917 328 1059 367 mente
1081 329 1124 367 et
1142 340 1244 368 voce
1265 327 1552 369 consentiunt.

203 384 320 433 Quae
348 387 413 426 est
439 385 575 440 igitur
600 385 685 426 ista
712 385 925 439 cupiditas
951 385 1060 440 legis
1088 385 1178 426 eius
1204 385 1414 440 ferendae,
1444 400 1552 440 quae

200 443 513 498 turpitudinem
540 458 753 485 summam
778 443 948 497 habeat,
978 444 1166 499 gratiam
1190 444 1383 486 nullam?
1441 445 1553 494 Quid
1589 455 1607 482 ⁶

202 503 315 544 enim
359 503 528 557 turpius
568 517 714 557 quam,
759 503 831 557 qui
869 503 1141 545 maiestatem
1179 503 1327 558 populi
1366 503 1552 546 Romani

201 561 406 603 minuerit
431 576 508 616 per
533 562 631 616 vim7
659 577 756 603 eum
777 562 1028 603 damnatum
1047 562 1205 603 iudicio
1227 562 1278 603 ad
1299 577 1394 604 eam
1412 563 1552 618 ipsam

143 627 186 658 22
202 620 289 661 vim
328 621 502 674 reverti,
540 623 718 675 propter
757 635 885 675 quam
923 621 981 662 sit
1017 621 1108 662 iure
1147 621 1403 663 damnatus?
1470 620 1552 664 Sed

204 679 304 733 quid
343 680 468 733 plura
504 680 555 721 de
593 680 688 735 lege
726 679 930 734 disputo?
994 679 1127 729 Quasi
1164 695 1265 722 vero
1303 680 1346 721 id
1384 683 1551 736 agatur,

201 741 250 779 ut
289 739 516 792 quisquam
555 742 777 794 provocet3
815 739 1056 793 idagitur,
1093 739 1135 780 id
1173 738 1330 793 fertur,
1366 754 1420 781 ne
1455 739 1551 794 quis
1573 750 1606 776 ιο

203 797 377 839 omnino
418 812 623 852 umquam
660 797 758 839 istis
795 798 965 853 legibus
1002 812 1100 840 reus
1138 798 1225 839 fiat.
1295 797 1400 848 Quis
1439 798 1552 840 enim

201 859 277 898 aut
296 860 522 898 accusator
541 860 632 898 tam
654 871 800 898 amens
821 857 1068 911 reperietur,
1089 857 1163 911 qui
1179 871 1252 898 reo
1268 857 1551 899 condemnato

204 915 372 957 obicere
406 930 449 957 se
483 916 750 957 multitudini
784 916 1017 958 conductae
1048 916 1170 969 velit,
1203 918 1278 957 aut
1308 916 1447 971 iudex,
1479 917 1551 971 qui

202 989 323 1015 reum
355 975 557 1016 damnare
588 975 753 1029 audeat,
785 977 835 1016 ut
860 975 951 1029 ipse
978 975 1031 1016 ad
1057 989 1209 1029 operas
1235 975 1551 1017 mercennarias

202 1033 351 1074 statim
388 1033 698 1088 protrahatur?
759 1032 861 1075 Non
892 1034 1027 1089 igitur
1058 1033 1309 1088 provocatio
1340 1034 1426 1076 ista
1455 1034 1550 1089 lege
1572 1044 1605 1070 1⁵

203 1092 341 1146 datur⁷
369 1092 441 1133 sed
469 1093 575 1134 duae
602 1093 786 1134 maxime
812 1093 1024 1134 salutares
1049 1092 1167 1148 leges
1194 1093 1550 1148 quaestionesque

202 1151 426 1192 tolluntur.
502 1151 613 1200 Quid
663 1155 729 1192 est
773 1151 888 1193 aliud
931 1152 1098 1193 hortari
1143 1151 1453 1206 adulescentes,
1502 1154 1552 1193 ut

202 1209 455 1264 turbulenti,
487 1213 535 1251 ut
562 1210 768 1262 seditiosi,
797 1213 845 1251 ut
870 1211 1101 1265 perniciosi
1129 1211 1240 1252 cives
1266 1210 1403 1251 velint
1427 1211 1550 1252 esse?

204 1268 342 1315 Quam
376 1272 520 1310 autem
553 1269 603 1309 ad
637 1272 803 1323 pestem
835 1268 956 1310 furor
988 1269 1245 1310 tribunicius
1275 1268 1438 1323 impelli
1463 1283 1550 1310 non

201 1327 363 1380 poterit
400 1327 468 1368 his
508 1327 672 1368 duabus
712 1327 1035 1381 quaestionibus
1074 1328 1123 1368 de
1162 1327 1202 1367 vi
1236 1330 1279 1368 et
1309 1327 1548 1369 maiestatis
1570 1339 1604 1364 2⁰

95 1365 186 1422 (10)
202 1385 417 1426 sublatis?
470 1385 592 1439 Quid,
619 1386 732 1439 quod
760 1386 996 1441 obrogatur
1016 1386 1185 1440 legibus
1207 1384 1415 1440 Caesaris,
1442 1401 1549 1441 quae

145 1428 162 1457 ²
168 1427 186 1457 3
202 1443 353 1484 iubent
386 1443 441 1497 ei,
476 1445 548 1497 qui
581 1444 631 1485 de
663 1444 723 1498 vi,
753 1444 942 1498 itemque
976 1444 1025 1494 ei,
1059 1444 1131 1498 qui
1165 1444 1404 1486 maiestatis
1436 1445 1549 1487 dam-

201 1505 329 1543 natus
350 1502 419 1556 sit,
447 1517 558 1556 aqua
578 1506 620 1543 et
639 1503 730 1557 igni
750 1503 978 1544 interdici?
1006 1503 1161 1557 quibus
1183 1518 1279 1545 cum
1299 1504 1548 1557 provocatio

202 1560 340 1612 datur,
366 1575 506 1602 nonne
528 1565 623 1603 acta
645 1562 840 1604 Caesaris
861 1562 1191 1604 rescinduntur?
1241 1561 1358 1611 Quae
1379 1563 1549 1617 quidem

203 1634 294 1675 ego,
320 1623 464 1675 patres
487 1621 730 1675 conscripti,
752 1621 824 1675 qui
844 1621 919 1662 illa
937 1636 1172 1676 numquam
1191 1620 1383 1676 probavi,
1403 1624 1549 1663 tamen
1567 1632 1600 1659 25

201 1679 264 1719 ita
302 1680 591 1720 conservanda
630 1680 881 1721 concordiae
920 1694 1047 1722 causa
1081 1680 1316 1721 arbitratus
1350 1694 1461 1735 sum,
1498 1683 1548 1722 ut

200 1752 287 1779 non
314 1738 453 1792 modo,
480 1753 584 1793 quas
605 1739 725 1780 vivus
746 1739 863 1794 leges
885 1737 1043 1781 Caesar
1061 1739 1244 1792 tulisset,
1271 1739 1546 1781 infirmandas

200 1795 282 1838 hoc
314 1800 507 1851 tempore
539 1811 624 1838 non
657 1800 872 1851 putarem,
905 1798 978 1839 sed
1010 1812 1061 1839 ne
1093 1798 1189 1849 illas
1223 1798 1406 1852 quidem,
1441 1812 1546 1852 quas

201 1859 300 1908 post
342 1859 525 1897 mortem
563 1855 759 1898 Caesaris
797 1856 989 1910 prolatas
1028 1871 1119 1898 esse
1157 1859 1200 1898 et
1236 1856 1342 1898 fixas
1381 1857 1545 1898 videtis.

133 1901 187 1942 10
288 1913 352 1956 De
381 1914 507 1956 exilio
534 1915 698 1956 reducti
725 1930 749 1956 a
776 1918 958 1962 mortuo,
991 1915 1142 1957 civitas
1170 1916 1269 1956 data
1293 1930 1379 1957 non
1405 1915 1545 1957 solum
1565 1927 1599 1952 80

144 1963 187 1991 ²4
201 1973 396 2028 singulis,
417 1974 490 2015 sed
509 1974 759 2015 nationibus
780 1978 823 2015 et
842 1974 1074 2028 provinciis
1094 1974 1305 2015 universis
1323 1989 1348 2015 a
1361 1976 1545 2028 mortuo,

201 2032 534 2074 inmunitatibus
577 2033 758 2074 infinitis
804 2033 974 2074 sublata
1017 2033 1248 2088 vectigalia
1293 2047 1318 2073 a
1360 2035 1543 2074 mortuo.

200 2089 317 2145 Ergo
355 2090 461 2132 haec
493 2105 595 2144 uno,
633 2106 780 2132 verum
813 2091 976 2145 optimo
1011 2094 1184 2133 auctore
1216 2091 1342 2133 domo
1373 2090 1564 2145 prolata*

200 2148 481 2204 defendimu83
514 2164 585 2191 eas
617 2150 751 2205 leges,
785 2164 889 2204 quas
922 2150 1013 2204 ipse
1044 2150 1168 2192 nobis
1200 2149 1542 2204 inspectantibus

199 2207 414 2261 recitavit,
452 2209 765 2262 pronuntiavit,
801 2209 919 2258 tulit,
953 2209 1107 2263 quibus
1140 2208 1241 2249 latis
1273 2207 1543 2263 gloriabatur
1560 2218 1595 2245 ³⁵

200 2265 344 2319 eisque
388 2266 557 2321 legibus
601 2282 691 2309 rem
733 2267 950 2321 publicam
994 2266 1204 2308 contineri
1246 2266 1446 2320 putabat,
1491 2266 1541 2308 de

199 2324 442 2377 provinciis,
475 2325 524 2366 de
550 2325 731 2380 iudiciis,
764 2340 846 2379 eas,
872 2326 1060 2379 inquam,
1087 2324 1281 2367 Caesaris
1307 2324 1425 2378 leges
1450 2339 1543 2374 nos,
