1671 2543
518 72 618 108 CAP.
647 77 781 108 19-21
810 77 827 116 g
854 77 1003 108 43-49.
1343 71 1429 112 553

88 194 167 222 nec
206 181 368 235 pietate
401 180 610 222 abductus
642 194 846 234 umquam
878 183 944 221 est
976 183 1019 222 et
1050 179 1267 235 intellegit
1299 179 1428 220 maxi-

91 254 205 280 mam
236 239 443 293 pietatem
475 239 797 281 conservatione
822 240 987 293 patriae
1014 238 1235 280 contineri.
1291 236 1424 286 Quod>
1444 249 1483 279 >27

91 298 128 339 si
174 298 362 352 partium
407 300 624 339 certamen
668 300 798 351 esset,
844 312 1023 351 quarum
1062 296 1234 339 omnino
1272 310 1426 337 nomen

93 357 330 398 extinctum
363 359 439 410 est,
472 356 739 397 Antoniusne
772 356 916 410 potius
949 359 992 397 et
1022 355 1251 397 Ventidius
1283 357 1428 409 partes

56 427 71 453 ⁵
92 413 286 456 Caesaris
313 414 587 456 defenderent
614 429 741 468 quam
767 415 953 469 primum
980 412 1149 468 Caesar,
1182 413 1429 455 adulescens

91 487 259 515 summa
289 473 450 527 pietate
483 476 526 514 et
557 473 763 514 memoria
787 473 978 527 parentis
1006 473 1084 527 sui,
1116 472 1264 514 deinde
1291 472 1430 513 Pansa

91 535 134 573 et
165 531 354 586 Hirtius,
392 531 465 586 qui
504 532 627 586 quasi
667 546 824 573 cornua
856 532 937 573 duo
970 534 1200 573 tenuerunt
1231 529 1429 573 Caesaris

90 593 202 641 tum,
246 604 342 631 cum
387 590 485 631 illae
522 605 619 632 vere
656 593 800 644 partes
838 590 1132 632 vocabantur?
1199 589 1292 631 Hae
1329 602 1429 630 vero

93 663 199 704 quae
233 652 333 690 sunt
362 652 526 703 partes,
558 663 655 690 cum
688 649 833 690 alteris
867 652 1040 690 senatus
1072 648 1328 702 auctoritas,
1357 662 1431 702 po-

40 724 73 750 ιο
90 708 181 762 puli
224 707 408 749 Romani
458 707 655 761 libertas,
704 708 766 748 rei
808 708 1004 761 publicae
1049 708 1163 748 salus
1206 706 1430 761 proposita

93 767 162 820 sit,
194 766 341 807 alteris
374 766 522 807 caedes
553 767 777 819 bonorum,
807 767 926 807 urbis
953 766 1189 820 Italiaeque
1221 764 1430 819 partitio?

91 824 326 866 Veniamus
354 825 582 879 aliquando
610 825 662 865 ad
689 825 935 866 clausulam.
986 823 1231 880 ‘Legatos
1257 823 1428 865 venire
1445 827 1496 868 ΕΙ

90 898 191 925 non
222 883 398 925 credo.²
448 883 564 924 Bene
596 898 663 924 me
695 883 815 924 novit
840 881 864 907 ‘³‘
889 882 913 908 'ff‘
946 884 1059 937 quod
1089 882 1248 936 venias,
1279 896 1430 936 propo-

93 942 177 984 sito
208 942 464 996 praesertim
497 942 690 996 exemplo
722 941 985 983 Dolabellae.
1039 940 1261 983 Sanctiore
1293 943 1431 995 erunt,

41 1017 72 1043 ιε
93 1001 238 1055 credo,
284 1001 374 1041 iure
411 1000 547 1055 legati
586 1015 714 1054 quam
751 1000 834 1041 duo
873 1000 1086 1053 consules,
1134 1002 1285 1041 contra
1323 1012 1430 1053 quos

93 1073 212 1100 arma
260 1058 362 1107 fert,
410 1073 537 1113 quam
578 1058 750 1109 Caesar,
801 1059 920 1100 cuius
969 1059 1106 1113 patris
1155 1058 1310 1099 flamen
1353 1060 1432 1112 est,

94 1132 222 1171 quam
260 1117 409 1159 consul
441 1117 708 1172 designatus,
747 1132 871 1172 quem
905 1120 1143 1172 oppugnat,
1181 1131 1309 1172 quam
1339 1115 1431 1157 Mu-

92 1176 202 1230 tina,
250 1190 379 1229 quam
418 1175 602 1229 obsidet,
640 1190 768 1230 quam
804 1176 962 1230 patria,
1001 1176 1068 1217 cui
1104 1175 1196 1231 igni
1232 1175 1430 1229 ferroque

93 1235 330 1275 minitatur.
393 1233 535 1276 ‘Cum
572 1234 828 1288 venerint,
872 1249 995 1288 quae
1035 1234 1322 1288 postulant,
1354 1244 1489 1275 co-48

40 1309 74 1334 20
93 1292 360 1347 gnoscam.'
412 1292 525 1342 Quin
550 1295 597 1333 tu
625 1292 717 1333 abis
744 1293 788 1333 in
813 1293 971 1333 malam
996 1295 1162 1347 pestem
1187 1292 1430 1346 malumque

94 1352 348 1393 cruciatum!
412 1351 478 1392 Ad
518 1353 560 1392 te
600 1351 825 1405 quisquam
863 1351 1006 1392 veniat
1044 1351 1127 1392 nisi
1165 1350 1341 1392 Ventidi
1380 1350 1432 1391 si·

93 1410 238 1451 milis?
301 1409 452 1451 Oriens
489 1409 733 1451 incendium
766 1410 839 1464 qui
869 1410 1202 1465 restinguerent,
1240 1422 1431 1450 summos

93 1468 208 1509 viros
246 1468 459 1522 misimus3
501 1468 754 1523 repudiasti3
790 1483 902 1510 nunc
939 1469 984 1509 in
1015 1471 1183 1509 tantam
1213 1467 1432 1509 flammam

94 1529 268 1580 tamque
305 1526 589 1567 inveteratam
626 1527 868 1581 mittamus,
906 1541 1003 1568 cum
1039 1527 1182 1568 locum
1219 1526 1301 1566 tibi
1338 1526 1432 1567 reli-

42 1601 75 1626 25
97 1599 227 1638 quum
269 1598 357 1625 non
399 1584 525 1625 modo
570 1585 622 1625 ad
662 1599 827 1638 pacem,
872 1585 944 1625 sed
986 1599 1038 1625 ne
1083 1585 1135 1625 ad
1172 1584 1433 1625 deditionem

96 1643 268 1697 quidem
298 1642 480 1683 feceris?

183 1700 306 1742 Hanc
344 1713 424 1756 ego
464 1700 711 1754 epistulam,
748 1703 894 1754 patres
933 1701 1187 1755 conscripti,
1223 1715 1311 1742 non
1349 1714 1432 1754 quo

95 1759 219 1800 illum
251 1759 429 1814 dignum
460 1761 668 1812 putarem,
699 1758 887 1812 recitavi,
919 1759 992 1799 sed
1017 1761 1066 1800 ut
1093 1758 1432 1800 confessionibus

97 1818 233 1872 ipsius
267 1817 409 1858 omnia
440 1816 658 1871 patefacta
690 1816 779 1857 eius
808 1816 1037 1870 parricidia
1062 1817 1276 1858 videretis.
1325 1816 1433 1859 Cum
1448 1827 1490 1857 49

44 1876 178 1918 sohoc
215 1890 365 1930 pacem
395 1874 452 1915 M.
484 1874 688 1929 Lepidus,
725 1875 790 1915 vir
829 1875 1127 1917 ornatissimus
1160 1875 1358 1917 omnibus
1391 1877 1434 1916 et

97 1934 269 1975 virtutis
297 1937 340 1974 et
359 1933 556 1975 fortunae
576 1933 713 1987 bonis,
739 1933 774 1974 si
793 1933 899 1974 haec
920 1934 1067 1987 leym-et,
1093 1934 1301 1987 suaderet,
1322 1933 1435 1975 deni-

99 2007 179 2046 que
211 1995 285 2033 aut
318 1992 446 2033 vellet
484 1994 558 2033 aut
594 1991 687 2032 fieri
723 2005 849 2045 posse
889 1992 1200 2033 arbitraretur?
1262 1991 1434 2033 ‘Prius

52 2103 58 2107 .
97 2051 246 2091 undis
278 2049 518 2104 flamma',
548 2052 597 2091 ut
624 2049 685 2090 ait
715 2052 843 2103 poeta
867 2050 1010 2091 nescio
1039 2050 1146 2104 quis,
1177 2050 1296 2104 prius
1323 2050 1435 2091 deni-

99 2123 180 2163 que
214 2109 373 2161 omnia,
412 2122 540 2162 quam
575 2111 649 2149 aut
686 2123 782 2149 cum
813 2108 1014 2149 Antoniis
1052 2123 1119 2150 res
1157 2109 1330 2163 publica
1361 2111 1436 2150 aut

46 2183 80 2210 ³5
100 2181 197 2208 cum
228 2181 273 2208 re
304 2167 477 2221 publica
502 2166 683 2207 Antonii
710 2167 886 2207 redeant
916 2166 962 2207 in
992 2167 1190 2222 gratiam.
1239 2166 1436 2208 Monstra

101 2225 310 2279 quaedam
341 2226 427 2266 ista
459 2227 502 2265 et
526 2227 728 2278 portenta
754 2227 854 2265 sunt
881 2225 1111 2280 [prodigia]
1140 2225 1202 2266 rei
1226 2225 1436 2279 publicae.

99 2283 265 2324 Moveri
304 2283 474 2324 sedibus
511 2283 611 2324 huic
647 2283 744 2324 urbi
781 2282 932 2324 melius
972 2286 1038 2324 est
1075 2286 1204 2337 atque
1241 2283 1286 2324 in
1317 2283 1435 2338 alias,
