1671 2543
221 308 248 349 3

222 368 242 398 6

265 107 295 146 4
655 104 748 139 PRO
774 104 813 140 P.
841 103 1002 139 SESTIO
1029 103 1217 140 ORATIO.

266 213 557 255 fundamentis
588 212 693 254 haec
725 214 872 253 tantae
911 212 1088 253 summis
1119 212 1164 253 in
1195 212 1322 253 rebus
1355 211 1501 253 laudes
1538 227 1607 254 ex-

269 272 426 314 citatae
458 272 556 313 sint.

385 330 569 371 Parente
600 328 647 370 P.
674 327 840 370 Sestius
870 331 996 370 natus
1029 331 1107 383 est,
1137 328 1311 383 iudices,
1340 328 1526 379 homine,
1556 331 1607 370 ut

268 388 461 444 plerique
494 387 770 440 meministiS,
811 389 854 428 et
886 387 1077 441 sapiente
1110 389 1153 428 et
1185 390 1334 429 sancto
1365 390 1410 429 et
1441 401 1607 441 severo3

269 447 343 501 qui
374 461 470 489 cum
507 446 705 487 tribunus
736 445 792 499 pl.
830 445 993 499 primus
1024 446 1138 487 inter
1167 445 1363 487 homines
1393 445 1608 487 nobilissi-
1643 457 1660 483 5

269 520 363 547 mos
407 505 674 559 temporibus
720 504 908 557 optumis
951 503 1092 546 factus
1134 507 1265 558 esset,
1315 504 1492 558 reliquis
1534 504 1608 546 ho-

268 564 448 606 noribus
478 578 565 605 non
598 566 687 603 tam
718 562 783 603 uti
815 562 953 604 voluit
985 577 1113 616 quam
1153 563 1306 618 dignus
1338 563 1482 604 videri.
1542 562 1608 604 Eo

271 625 444 664 auctore
483 622 604 663 duxit
641 620 949 662 honestissumi
986 624 1030 662 et
1067 621 1388 676 spectatissumi
1425 621 1524 675 viri,
1562 619 1607 663 C.

272 680 433 735 Albini,
465 680 609 733 filiam,
642 693 692 720 ex
724 693 807 733 qua
833 679 903 721 hic
936 682 1001 721 est
1026 694 1132 734 puer
1163 682 1206 721 et
1229 682 1366 734 nupta
1390 680 1478 721 iam
1506 679 1607 721 filia.

270 737 450 780 Duobus
476 739 544 779 his
571 738 862 793 gravissumae
890 738 1162 792 antiquitatis
1183 738 1287 780 viris
1315 738 1376 780 sic
1400 738 1608 792 probatus
1628 749 1663 774 10

270 798 375 850 fuit,
411 800 460 838 ut
498 797 669 850 utrique
702 810 849 837 eorum
881 799 924 837 et
956 811 1078 838 carus
1110 797 1293 838 maxime
1327 800 1370 838 et
1400 797 1609 838 iucundus

273 858 398 897 esset.
458 855 634 896 Ademit
665 854 824 896 Albino
863 855 999 896 soceri
1030 869 1188 896 nomen
1218 869 1332 896 mors
1364 855 1495 910 filiae,
1536 856 1610 896 sed

273 914 498 955 caritatem
538 914 654 954 illius
691 913 1018 954 necessitudinis
1058 916 1102 955 et
1145 913 1481 955 benivolentiam
1522 927 1611 955 non

274 972 443 1014 ademit.
504 971 644 1013 Hodie
678 972 737 1012 sic
768 972 882 1013 hunc
914 972 1069 1026 diligit,
1100 974 1149 1013 ut
1175 986 1250 1013 vos
1282 972 1486 1013 facillime
1516 975 1611 1026 pot-

273 1031 377 1072 estis
404 1045 454 1072 ex
481 1030 563 1072 hac
583 1030 647 1071 vel
670 1030 927 1071 adsiduitate
949 1031 1040 1071 eius
1060 1031 1125 1071 vel
1147 1030 1434 1072 sollicitudine
1460 1033 1504 1072 et
1523 1045 1610 1072 mo-
1630 1041 1663 1067 15

273 1090 402 1130 lestia
437 1089 635 1130 iudicare.
697 1088 831 1129 Duxit
867 1103 1044 1130 uxorem
1080 1092 1202 1143 patre
1233 1089 1330 1130 vivo
1369 1089 1536 1143 optumi
1567 1092 1611 1130 et

273 1147 653 1190 calamitosissumi
696 1147 777 1187 viri
820 1148 975 1202 filiam,
1018 1146 1065 1188 L.
1111 1146 1334 1201 Scipionis.
1396 1147 1524 1189 Clara
1565 1147 1612 1189 in

271 1206 353 1247 hoc
384 1205 430 1246 P.
459 1204 572 1247 Sesti
605 1206 743 1259 pietas
777 1206 922 1246 extitit
955 1208 998 1247 et
1024 1206 1221 1247 omnibus
1254 1209 1390 1261 grata,
1423 1206 1536 1260 quod
1567 1209 1611 1247 et

272 1264 512 1306 Massiliam
556 1264 705 1304 statim
748 1264 965 1318 profectus
1010 1268 1096 1318 est,
1138 1267 1188 1305 ut
1232 1278 1426 1305 socerum
1468 1264 1610 1305 videre

274 1323 570 1376 consolarique
617 1325 764 1376 posset
806 1322 1008 1363 fluctibus
1048 1323 1109 1363 rei
1147 1322 1343 1376 publicae
1388 1323 1611 1376 expulsum
1630 1333 1666 1358 2⁰

273 1382 319 1422 in
351 1381 499 1421 alienis
532 1381 658 1421 terris
690 1381 917 1434 iacentem,
956 1395 1082 1434 quem
1112 1381 1157 1421 in
1188 1381 1397 1422 maiorum
1436 1395 1610 1422 suorum

273 1439 469 1494 vestigiis
509 1442 622 1480 stare
661 1439 904 1493 oportebat,
950 1442 992 1480 et
1024 1439 1076 1480 ad
1108 1453 1205 1480 eum
1240 1439 1375 1480 filiam
1413 1438 1502 1480 eius
1543 1440 1611 1480 ad-

274 1498 412 1551 duxit,
450 1500 498 1538 ut
529 1498 601 1538 ille
638 1497 856 1551 insperato
895 1500 1070 1551 aspectu
1107 1497 1414 1552 complexuque
1452 1501 1489 1539 si
1523 1512 1612 1539 non

276 1570 461 1609 omnem,
506 1559 550 1596 at
588 1556 776 1609 aliquam
812 1558 981 1609 partem
1017 1556 1222 1597 maeroris
1261 1556 1327 1596 sui
1368 1556 1611 1610 deponeret,

276 1617 319 1655 et
368 1614 565 1655 maximis
615 1618 837 1668 praeterea
887 1614 1158 1669 adsiduisque
1208 1614 1362 1656 officiis
1406 1617 1450 1656 et
1493 1615 1609 1655 illius
1630 1625 1665 1652 2⁵

275 1687 540 1726 aerumnam,
579 1673 718 1726 quoad
749 1672 873 1727 vixit,
911 1675 954 1713 et
984 1673 1096 1714 filiae
1136 1673 1411 1714 solitudinem
1449 1675 1627 1715 susten--

275 1732 397 1772 tavit.
458 1731 640 1772 Possum
681 1731 818 1772 multa
860 1731 997 1773 dicere
1036 1732 1086 1773 de
1129 1731 1408 1785 liberalitate,
1452 1731 1502 1773 de
1541 1731 1611 1773 do-

275 1789 466 1831 mesticis
500 1789 672 1842 officiis,
711 1790 760 1830 de
793 1789 1017 1830 tribunatu
1049 1790 1246 1842 militari,
1278 1790 1328 1831 de
1358 1789 1611 1844 provinciali

274 1848 320 1889 in
357 1863 405 1889 eo
450 1849 710 1903 magistratu
748 1848 1027 1903 apstinentia3
1068 1848 1141 1890 sed
1178 1848 1285 1889 mihi
1323 1851 1421 1889 ante
1465 1848 1610 1889 oculos

277 1907 528 1948 obversatur
553 1907 615 1947 rei
639 1907 835 1960 publicae
861 1906 1062 1961 dignitas,
1089 1921 1195 1961 quae
1215 1921 1280 1947 me
1302 1907 1354 1947 ad
1373 1920 1465 1947 sese
1485 1906 1611 1960 rapit,
1630 1917 1664 1943 3⁰

276 1965 380 2006 haec
425 1965 590 2006 minora
634 1965 872 2019 relinquere
915 1965 1125 2006 hortatur.
1200 1964 1411 2014 Quaestor
1452 1964 1522 2006 hic
1566 1964 1612 2006 C.

276 2024 452 2077 Antoni,
484 2023 672 2078 collegae
704 2024 799 2077 mei,
830 2023 1002 2078 iudices,
1033 2024 1117 2065 fuit
1142 2025 1268 2076 sorte,
1301 2022 1374 2063 sed
1405 2023 1611 2064 societate

278 2082 555 2122 consiliorum
598 2096 728 2122 meus.
798 2081 999 2135 Inpedior
1040 2097 1127 2124 non
1161 2081 1319 2122 nullius
1365 2080 1514 2134 officii,
1562 2084 1612 2122 ut

278 2152 356 2193 ego
389 2140 660 2193 interpretor,
691 2139 908 2194 religione,
942 2155 1024 2194 quo
1057 2140 1197 2181 minus
1226 2153 1452 2192 exponam,
1483 2153 1612 2193 quam

278 2197 415 2237 multa
446 2197 491 2238 P.
525 2197 708 2252 Sestius,
749 2212 844 2239 cum
882 2202 995 2239 esset
1033 2213 1130 2240 cum
1168 2197 1332 2252 collega
1369 2211 1481 2251 meo,
1519 2211 1663 2240 sen-3⁵

279 2255 395 2309 serit,
428 2256 479 2296 ad
511 2271 577 2296 me
605 2256 818 2309 detulerit,
850 2260 1010 2309 quanto
1038 2259 1135 2298 ante
1160 2255 1406 2310 providerit.
1468 2255 1611 2310 Atque

279 2326 359 2365 ego
398 2312 447 2353 de
479 2314 668 2355 Antonio
707 2315 813 2355 nihil
852 2315 944 2356 dico
989 2317 1157 2369 praeter
1193 2328 1342 2367 unum,
1378 2328 1613 2367 numquam
