1671 2543
219 98 276 139 32
603 96 695 132 PRO
724 97 760 131 P.
789 96 951 132 SESTIO
979 95 1168 132 ORATIO.

161 206 265 247 72in
297 204 422 260 Syria
460 207 504 246 et
544 204 733 246 cohortis
773 205 958 259 optimas
990 205 1335 260 perdidissemus.
1397 203 1555 246 Ineunt

152 1296 207 1337 34

219 265 526 319 magistratum
557 263 720 304 tribuni
745 263 820 317 pl.;
853 262 927 317 qui
953 278 1099 304 omnes
1126 278 1170 305 se
1197 264 1246 304 de
1273 277 1341 304 me
1366 263 1554 317 promul-

220 326 397 378 gaturos
437 322 759 375 confirmarant3
797 336 847 362 ex
883 321 937 363 iis
971 321 1170 376 princeps
1202 322 1360 362 emitur
1391 321 1444 362 ab
1476 321 1554 362 ini-

219 381 342 422 micis
369 381 474 422 meis
501 380 550 434 is,
577 394 702 434 quem
727 379 924 421 homines
949 380 996 421 in
1019 380 1139 422 luctu
1164 380 1398 421 inridentes
1427 378 1555 421 Grac-

220 439 347 481 chum
373 439 596 491 Vocabant,
624 438 827 491 quoniam
851 438 895 479 id
921 438 1052 479 etiam
1077 438 1216 479 fatum
1243 438 1432 479 civitatis
1458 437 1554 492 fuit,
1591 450 1609 477 5

218 501 268 539 ut
304 497 380 538 illa
418 512 468 538 ex
498 496 733 550 vepreculis
773 499 964 538 extracta
993 497 1186 538 nitedula
1217 511 1308 538 rem
1337 496 1556 551 publicam

220 558 447 597 conaretur
480 555 693 596 adrodere.
754 554 880 597 Alter
910 570 1022 609 vero,
1052 570 1140 597 non
1167 555 1239 596 ille
1267 554 1474 596 Serranus
1501 555 1554 596 ab

220 617 376 667 aratro,
409 614 482 655 sed
513 628 563 654 ex
589 614 756 654 deserto
782 614 812 666 †
833 613 1134 669 gaviolaeliore
1161 629 1186 655 a
1213 613 1378 654 Galatis
1407 612 1554 654 Gaviis

219 673 265 713 in
290 672 510 714 Calatinos
537 671 696 713 Atilios
722 672 891 726 insitus,
920 672 1065 713 subito
1089 672 1336 714 nominibus
1362 672 1408 712 in
1433 672 1555 713 tabu-

218 731 284 771 las
323 731 470 771 relatis
505 745 663 771 nomen
694 745 818 771 suum
849 731 899 771 de
931 731 1081 771 tabula
1113 730 1301 771 sustulit.
1362 729 1555 771 Veniunt
1575 744 1608 768 10

219 789 438 830 Kalendae
470 788 705 830 Ianuariae.
767 788 859 830 Vos
895 789 1002 831 haec
1033 789 1185 830 melius
1219 789 1327 830 scire
1357 788 1555 843 potestis,

221 848 417 901 equidem
462 847 610 888 audita
653 848 765 901 dico,
810 862 917 902 quae
958 851 1051 888 tum
1088 847 1332 901 frequentia
1369 849 1555 901 senatus,

220 921 328 959 quae
366 906 606 960 expectatio
644 906 812 960 populi,
849 906 922 960 qui
961 920 1191 948 concursus
1230 906 1474 961 legatorum
1504 919 1557 947 ex

219 963 349 1005 Italia
381 967 551 1017 cuncta,
591 979 698 1018 quae
730 964 886 1018 virtus,
919 964 1049 1018 actio,
1081 964 1273 1019 gravitas
1305 964 1350 1005 P.
1381 963 1556 1005 Lentuli

221 1023 408 1064 consulis
440 1022 582 1075 fuerit,
616 1037 722 1076 quae
749 1023 880 1064 etiam
905 1023 1094 1078 collegae
1121 1023 1211 1064 eius
1238 1022 1476 1064 moderatio
1503 1022 1554 1063 de
1575 1035 1608 1061 15

220 1095 297 1121 me.
362 1081 445 1130 Qui
477 1096 574 1122 cum
605 1081 854 1122 inimicitias
886 1082 970 1123 sibi
1002 1096 1169 1123 mecum
1195 1096 1247 1122 ex
1271 1081 1333 1122 rei
1357 1081 1555 1135 publicae

220 1139 484 1180 dissensione
530 1142 751 1193 susceptas
796 1154 888 1181 esse
927 1139 1123 1193 dixisset,
1167 1154 1237 1180 eas
1277 1154 1321 1180 se
1357 1139 1554 1194 patribus

221 1197 476 1251 conscriptis
515 1197 623 1238 dixit
661 1200 704 1238 et
742 1198 1007 1252 temporibus
1046 1198 1108 1238 rei
1145 1198 1341 1252 publicae
1378 1197 1555 1252 permis-

223 1270 380 1296 surum.

309 1314 419 1354 Tum
456 1313 654 1368 princeps
692 1317 870 1369 rogatus
909 1315 1164 1356 sententian]
1198 1313 1246 1356 L.
1279 1313 1408 1356 Cotta
1446 1313 1555 1355 dixit
1574 1328 1609 1353 20

165 1357 207 1387 73
222 1372 282 1425 id,
326 1371 440 1426 quod
479 1372 779 1427 dignissimum
815 1388 860 1414 re
897 1373 1071 1427 publica
1106 1373 1208 1427 fuit,
1250 1373 1360 1414 nihil
1398 1372 1448 1413 de
1487 1386 1555 1413 me

221 1433 365 1471 actum
404 1445 494 1471 esse
526 1431 634 1484 iure,
670 1431 779 1471 nihil
812 1446 928 1472 more
961 1432 1188 1484 maiorum,
1225 1431 1334 1473 nihil
1365 1431 1555 1486 legibus3

219 1502 307 1529 non
349 1503 474 1542 posse
519 1503 776 1543 quemquam
815 1490 863 1530 de
903 1490 1076 1531 civitate
1115 1490 1212 1531 tolli
1251 1489 1341 1530 sine
1378 1489 1556 1543 iudicio3

221 1547 271 1587 de
317 1547 455 1601 capite
498 1562 585 1588 non
627 1548 753 1589 modo
797 1548 917 1601 ferri,
961 1549 1034 1590 sed
1075 1563 1128 1590 ne
1165 1548 1344 1590 iudicari
1383 1547 1555 1602 quidem

220 1619 345 1658 posse
376 1605 461 1646 m‘si
487 1606 674 1647 comitiis
702 1607 971 1661 centuriatis,
1002 1607 1089 1648 vim
1114 1607 1247 1648 fuisse
1272 1607 1405 1660 illam,
1436 1606 1554 1647 flam·
1573 1620 1606 1646 25

221 1677 335 1703 mam
369 1667 594 1717 quassatae
620 1664 682 1705 rei
706 1665 902 1718 publicae
928 1666 1365 1719 perturbatorumque
1390 1667 1553 1719 tempo·

220 1735 334 1775 rum,
370 1721 461 1763 iure
498 1722 751 1776 iudiciisque
789 1724 989 1777 sublatis,
1028 1738 1185 1778 magna
1215 1738 1358 1765 rerum
1388 1737 1554 1777 permu-

220 1780 385 1820 tatione
406 1780 662 1834 inpendente
682 1781 915 1823 declinasse
937 1797 1003 1823 me
1023 1783 1198 1836 paulum
1218 1785 1263 1823 et
1277 1796 1351 1836 spe
1364 1781 1553 1835 reliquae

220 1839 550 1892 tranquillitatis
592 1840 831 1893 praesentis
874 1841 1030 1882 fluctus
1068 1843 1454 1894 tempestatemque
1489 1838 1554 1880 fu-

221 1897 346 1951 gisse.
410 1896 566 1950 Quare,
604 1913 700 1939 cum
738 1899 891 1940 absens
923 1914 1015 1940 rem
1045 1899 1264 1954 publicam
1291 1913 1380 1940 non
1410 1897 1551 1939 minus
1571 1912 1606 1938 30

221 1955 389 2009 magnis
444 1956 645 2009 periculis
697 1971 825 2010 quam
874 1958 1057 2012 quodam
1107 1960 1301 2011 tempore
1349 1970 1552 2010 praesens

221 2012 488 2066 liberassem,
524 2029 612 2055 non
642 2015 813 2055 restitui
846 2031 913 2057 me
945 2017 1102 2070 solum,
1141 2016 1214 2057 sed
1245 2015 1376 2055 etiam
1409 2013 1552 2056 ornari

223 2084 247 2109 a
284 2074 435 2112 senatu
472 2072 630 2114 decere.
690 2072 942 2126 Disputavit
979 2075 1110 2115 etiam
1141 2073 1279 2114 multa
1308 2072 1551 2127 prudenter,

222 2127 285 2167 ita
327 2129 377 2170 de
421 2144 488 2171 me
528 2131 652 2171 illum
690 2132 1033 2173 amentissimum
1071 2135 1114 2173 et
1150 2130 1552 2186 profligatissimum

222 2185 393 2227 hostem
423 2189 596 2240 pudoris
629 2191 673 2230 et
700 2190 931 2243 pudicitiae
959 2190 1193 2244 scripsisse,
1226 2203 1332 2243 quae
1359 2188 1551 2242 scripsis-
1570 2203 1604 2229 35

224 2246 300 2296 set,
332 2244 385 2284 iis
411 2246 565 2299 verbis,
597 2248 735 2301 rebus,
768 2249 1005 2302 sententiis,
1035 2251 1097 2303 ut,
1124 2247 1295 2288 etiamsi
1319 2246 1411 2287 iure
1438 2248 1551 2288 esset

223 2304 440 2355 rogatum,
479 2307 623 2346 tamen
653 2305 741 2346 vim
772 2305 929 2348 habere
962 2321 1049 2348 non
1079 2308 1237 2361 posset.
1301 2304 1440 2354 Quare
1471 2319 1551 2359 ine,
