1671 2543
576 96 677 132 CAP.
704 101 794 132 7-s
820 101 839 140 ς
868 100 1015 132 15—20.
1406 97 1461 138 89

131 207 207 246 est.
270 204 353 254 Qui
396 219 493 247 cum
536 207 578 246 et
622 219 672 246 ex
715 203 777 245 rei
819 204 1016 258 publicae
1060 218 1188 246 001180
1224 203 1311 245 iam
1350 207 1462 245 esset

131 263 238 304 mihi
276 263 446 317 quidem
482 264 726 317 molestam,
763 262 847 304 sibi
885 265 1030 304 tamen
1065 263 1300 318 gloriosam
1331 263 1461 304 victo-

132 322 240 363 riam
285 325 537 363 consecutus
580 324 623 363 et
664 336 740 376 per
777 324 962 362 aetatem
999 322 1280 376 magistratus
1317 324 1460 375 petere

130 382 294 435 posset,
330 394 417 422 non
453 380 578 422 modo
616 380 890 435 permittente
927 383 1066 434 patre,
1104 380 1177 421 sed
1209 380 1338 421 etiam
1370 394 1462 421 sua-

96 455 113 481 5
132 439 255 480 dente
287 439 340 479 ab
373 453 422 480 eo
453 439 704 494 semigravit
735 441 794 492 et,
833 453 928 480 cum
962 439 1112 480 domus
1142 439 1280 492 patris
1312 452 1337 478 a
1366 438 1460 480 foro

132 498 258 553 longe
291 497 472 551 abesset,
504 511 587 552 quo
619 496 787 539 facilius
820 500 863 538 et
891 499 1062 538 nostras
1094 497 1245 538 domus
1274 497 1393 539 obire
1419 499 1462 537 et

132 556 222 610 ipse
249 570 274 596 a
298 556 386 597 suis
412 556 495 597 coli
519 558 677 610 posset,
704 556 906 598 conduxit
931 556 976 596 in
1001 555 1168 597 Palatio
1193 570 1280 597 non
1304 569 1461 610 magno

132 615 315 656 domum.
378 614 470 663 Quo
502 614 596 656 loco
628 629 804 669 possum
836 615 974 655 dicere
1005 614 1060 668 id,
1092 614 1204 668 quod
1229 614 1295 655 vir
1320 610 1501 655 claris-8

132 673 283 727 simus,
320 672 376 713 M.
409 671 606 727 Crassus,
644 688 740 714 cum
777 673 827 714 de
866 673 1050 714 adventu
1081 673 1195 728 regis
1226 671 1462 714 Ptolemaei

81 748 114 773 ιο
133 734 397 787 quereretur,
427 732 556 786 paulo
589 734 686 773 ante
718 732 842 774 dixit:

190 801 397 844 Utinam
426 816 485 842 ne
516 801 567 842 in
596 816 797 842 nemore
829 800 970 843 Pelio
1007 826 1055 830 —

131 885 196 926 Ac
220 884 392 939 longius
418 883 589 937 quidem
614 883 721 924 mihi
747 886 969 924 contexere
995 883 1078 925 hoc
1103 898 1273 925 carmen
1297 883 1463 925 liceret:

190 953 315 996 Nam
345 956 615 1007 numquam
646 968 729 995 era
760 955 935 994 errans

131 1036 241 1078 hanc
273 1035 515 1076 molestiam
546 1035 671 1076 nobis
704 1035 925 1076 exhiberet

82 1134 113 1159 15
191 1116 364 1159 Medea
395 1117 559 1158 animo
593 1131 762 1172 aegro,
795 1118 960 1158 amore
992 1131 1140 1158 saevo
1173 1117 1357 1159 saucia.

135 1199 205 1241 Sic
242 1199 372 1252 enim,
415 1199 592 1253 iudices,
629 1199 869 1253 reperietis,
908 1199 1038 1252 quod,
1076 1213 1171 1240 cum
1209 1198 1261 1239 ad
1298 1198 1342 1239 id
1378 1198 1463 1240 loci

132 1272 303 1311 venero,
336 1258 574 1311 ostendam,
605 1257 715 1298 hanc
746 1256 988 1298 Palatinam
1019 1256 1213 1298 Medeam
1244 1256 1463 1311 migratio-

131 1331 311 1371 nemque
336 1315 436 1357 huic
462 1316 723 1357 adulescenti
743 1329 914 1357 causam
933 1316 1021 1357 sive
1041 1315 1253 1357 malorum
1273 1315 1463 1356 omnium

133 1376 221 1418 sive
251 1374 394 1429 potius
426 1388 670 1416 sermonum
699 1374 843 1415 fuisse.

81 1450 115 1475 20
222 1433 360 1482 Quam
391 1433 445 1475 ob
477 1448 567 1474 rem
597 1433 684 1486 illa,
720 1447 825 1487 quae
858 1447 908 1474 ex
940 1435 1238 1474 accusatorum
1269 1432 1462 1474 oratione
1479 1442 1520 1472 19

132 1492 393 1548 praemuniri
435 1492 521 1532 iam
565 1494 607 1533 et
642 1492 749 1547 fingi
785 1491 1106 1546 intellegebam,
1148 1490 1285 1532 fretus
1322 1493 1464 1532 vestra

133 1551 371 1605 prudentia,
396 1551 567 1604 iudices,
591 1565 679 1591 non
702 1550 969 1604 pertimesco.
1018 1550 1207 1591 Aiebant
1234 1549 1347 1590 enim
1371 1549 1463 1590 fore

135 1612 291 1651 testem
322 1611 573 1662 senatorem,
605 1609 677 1663 qui
703 1622 747 1650 se
772 1608 1006 1662 pontificiis
1032 1608 1220 1649 comitiis
1244 1607 1464 1662 pulsatum

136 1683 161 1710 a
181 1667 325 1710 Caelio
351 1667 519 1708 diceret.
568 1667 608 1708 A
635 1681 718 1721 quo
740 1681 951 1721 quaeram,
978 1666 1014 1707 si
1033 1666 1251 1720 prodierit,
1276 1666 1463 1720 primum

83 1741 116 1766 25
136 1742 210 1769 cur
236 1725 383 1767 statim
407 1725 516 1766 nihil
542 1725 690 1780 egerit,
721 1725 882 1778 deinde,
908 1725 945 1766 si
969 1724 1012 1765 id
1039 1724 1157 1779 queri
1185 1738 1312 1778 quam
1338 1738 1463 1778 agere

136 1785 346 1837 maluerit,
378 1798 451 1824 cur
481 1784 713 1837 productus
745 1798 770 1824 a
800 1783 922 1824 vobis
947 1782 1092 1836 potius
1119 1796 1246 1836 quam
1271 1782 1362 1836 ipse
1388 1796 1464 1835 per

136 1859 193 1898 se,
219 1858 293 1885 cur
317 1845 439 1883 tanto
459 1844 559 1895 post
577 1842 720 1895 potius
741 1856 868 1896 quam
888 1840 1090 1882 continuo
1112 1840 1232 1894 queri
1252 1840 1464 1880 maluerit.

138 1902 184 1944 Si
226 1901 332 1943 mihi
376 1901 428 1942 ad
468 1900 573 1941 haec
611 1902 733 1941 acute
772 1901 1006 1954 arguteque
1044 1898 1328 1952 responderit,
1372 1901 1465 1939 tum

138 1974 340 2014 quaeram
377 1958 574 2012 denique,
613 1972 663 1998 ex
695 1971 777 2011 quo
809 1958 892 1998 iste
929 1957 1047 1998 fonte
1079 1959 1252 1998 senator
1283 1959 1464 1997 emanet.

84 2032 118 2057 30
137 2018 251 2060 Nam
283 2018 319 2059 si
349 2018 440 2072 ipse
473 2017 635 2058 orietur
667 2018 709 2056 et
739 2018 939 2057 nascetur
970 2030 1020 2056 ex
1052 2029 1155 2068 sese,
1188 2014 1385 2067 fortasse,
1415 2017 1465 2056 ut

138 2077 273 2131 soleo,
310 2075 629 2128 commovebor;
666 2074 733 2115 8111
770 2076 913 2115 autem
944 2076 1010 2115 est
1041 2073 1202 2114 rivolus
1235 2073 1464 2114 accersitus

138 2139 181 2178 et
206 2136 357 2177 ductus
384 2135 437 2176 ab
464 2134 558 2188 ipso
586 2132 724 2187 capite
745 2132 1029 2174 accusationis
1049 2134 1229 2184 vestrae,
1259 2131 1465 2185 laetabor,

138 2209 235 2236 cum
278 2196 400 2234 tanta
443 2192 584 2248 gratia
621 2191 838 2245 tantisque
877 2191 1030 2245 opibus
1068 2189 1284 2231 accusatio
1321 2192 1465 2231 vestra

137 2253 314 2305 nitatur,
345 2266 478 2292 unum
510 2252 750 2291 senatorem
782 2249 921 2291 solum
953 2263 1058 2303 esse,
1090 2248 1163 2302 qui
1187 2247 1309 2290 vobis
1336 2248 1465 2303 grati-

85 2322 121 2348 35
139 2311 257 2353 ficari
282 2310 424 2363 vellet,
450 2309 680 2350 inventum.
730 2307 821 2349 Nec
846 2308 876 2362 †
903 2311 1046 2348 tamen
1070 2307 1177 2348 illud
1203 2320 1336 2362 genus
1364 2307 1465 2347 alte·
1479 2315 1523 2344 20
