1671 2543
613 102 711 139 CAP.
741 108 829 139 1—2
856 108 875 147 g
902 108 1002 140 1-3,
1417 109 1474 151 83

146 210 269 252 festis
311 211 504 266 ludisque
540 211 741 266 publicis,
779 213 975 255 omnibus
1012 213 1253 257 forensibus
1289 218 1475 271 negotiis

146 270 402 312 intermissis
427 284 558 312 unum
582 270 664 312 hoc
688 271 892 312 iudicium
918 274 1173 327 exerceatur,
1197 288 1275 316 nec
1297 274 1475 330 dubitet,

148 328 250 382 quin
274 329 385 369 tanti
410 328 611 370 facinoris
637 343 733 371 reus
759 332 975 385 arguatur,
1005 333 1054 372 ut
1079 345 1128 374 eo
1153 333 1349 388 neglecto
1377 334 1474 376 civi-

146 388 213 428 tas
239 389 351 428 stare
375 402 462 428 non
485 387 638 442 possit3
663 387 776 430 idem
801 403 896 430 cum
916 389 1061 431 audiat
1080 404 1170 432 esse
1190 390 1341 446 legem,
1367 408 1474 447 quae

111 460 127 484 5
147 445 196 486 de
226 445 440 487 seditiosis
467 446 847 502 consceleratisque
874 448 1049 503 civibus,
1081 449 1152 503 qui
1178 450 1332 492 armati
1357 465 1473 492 sena-

145 506 238 546 tum
287 504 546 559 obsederint,
595 505 920 560 magistratibus
963 507 1049 548 vim
1093 508 1333 563 attulerint,
1383 525 1472 551 rem

144 563 360 616 publicam
400 563 708 618 oppugnarint,
753 564 907 606 cotidie
946 566 1091 619 quaeri
1127 566 1289 608 iubeat:
1333 568 1469 624 legem

143 636 230 662 non
259 621 484 676 improbet,
517 621 675 663 crimen
707 623 818 677 quod
850 627 1042 665 versetur
1065 625 1111 666 in
1135 625 1304 680 iudicio,
1336 627 1472 682 requi-

144 682 228 734 rat3
278 695 373 722 cum
417 680 560 722 audiat
602 681 767 722 nullum
810 681 992 737 facinus,
1034 683 1196 725 nullam
1239 685 1471 740 audaciam,

92 754 124 779 ιο
142 739 304 780 nullam
339 739 426 780 vim
457 739 502 780 in
531 739 735 781 iudicium
767 740 927 794 vocari,
965 741 1037 783 sed
1069 742 1380 785 adulescentem
1411 744 1460 785 in

143 797 268 839 lustri
298 797 482 853 ingenio,
516 798 736 852 industria,
768 799 909 853 gratia
940 800 1130 842 accusari
1162 801 1214 842 ab
1247 802 1337 844 eius
1367 803 1470 856 filio,

144 871 268 910 quem
298 857 388 911 ipse
420 856 466 898 in
495 856 699 898 iudicium
731 859 773 897 et
803 860 926 899 vocet
957 860 1000 899 et
1025 860 1198 914 vocarit,
1231 862 1470 916 oppugnari

143 917 285 956 autem
329 916 481 969 opibus
524 916 793 957 meretriciis:
845 916 1070 970 [Atratini]
1112 918 1229 960 illius
1265 919 1470 973 pietatem

141 988 228 1015 non
258 973 549 1028 reprehendat,
579 974 829 1016 muliebrem
860 975 1082 1017 libidinem
1110 977 1470 1031 comprimendam

90 1046 122 1072 15
141 1034 280 1086 putet,
317 1046 393 1073 vos
430 1032 670 1074 laboriosos
704 1033 936 1088 existimet,
974 1035 1128 1088 quibus
1161 1035 1311 1078 otiosis
1341 1051 1394 1078 ne
1424 1037 1470 1078 in

143 1090 356 1132 communi
382 1091 551 1145 quidem
577 1091 665 1133 otio
691 1091 818 1133 liceat
843 1106 944 1134 esse.
987 1092 1160 1135 Etenim
1186 1094 1223 1135 si
1243 1095 1467 1137 adtendere
1482 1103 1502 1133 2

141 1150 378 1205 diligenter,
404 1149 645 1190 existimare
668 1164 764 1191 vere
784 1151 833 1191 de
854 1151 970 1192 omni
988 1150 1068 1193 hac
1089 1166 1216 1193 causa
1234 1153 1470 1208 volueritis,

141 1208 202 1250 sic
234 1208 521 1261 constituetis,
558 1208 736 1263 iudices,
772 1223 850 1250 nec
882 1209 1182 1252 descensurum
1214 1226 1468 1266 quemquam

141 1267 193 1308 ad
217 1267 327 1308 hanc
353 1266 664 1308 accusationem
689 1266 832 1322 fuisse,
865 1267 944 1322 cui,
974 1270 1119 1310 utrum
1143 1269 1283 1324 vellet,
1308 1270 1468 1324 liceret,

88 1341 122 1366 20
139 1340 228 1379 nec,
254 1339 349 1367 cum
374 1325 669 1379 descendisset,
695 1326 922 1381 quicquam
946 1326 1194 1369 habiturum
1214 1329 1304 1383 spei
1323 1329 1467 1383 fuisse,

138 1384 223 1425 nisi
254 1383 432 1425 alicuius
462 1384 722 1426 intolerabili
753 1384 942 1426 lubidine
969 1387 1012 1426 et
1035 1386 1163 1427 nimis
1190 1387 1341 1428 acerbo
1369 1388 1466 1429 odio

138 1442 356 1484 niteretur.
389 1441 471 1484 Sed
485 1456 564 1498 ego
577 1442 791 1497 Atratino,
810 1443 1131 1486 humanissumo
1147 1447 1273 1500 atque
1288 1448 1464 1501 optumo

140 1500 399 1542 adulescenti
429 1515 522 1543 meo
553 1501 810 1555 necessariO,
847 1502 1043 1557 ignosco,
1081 1503 1153 1558 qui
1183 1503 1314 1545 habet
1346 1519 1465 1546 excu-

140 1559 348 1601 sationem
383 1560 449 1600 vel
485 1559 658 1614 pietatis
697 1560 763 1601 vel
793 1560 1061 1602 necessitatis
1092 1561 1159 1602 vel
1192 1563 1356 1604 aetatis.
1418 1562 1464 1604 Si

87 1632 120 1657 25
139 1618 277 1659 voluit
307 1631 520 1671 accusare,
556 1618 708 1672 pietati
739 1618 900 1671 tribuo,
932 1619 969 1660 si
999 1620 1140 1661 iussus
1173 1623 1254 1675 est,
1285 1622 1464 1663 necessi-

139 1676 231 1729 tati,
262 1676 299 1717 si
330 1676 515 1729 speravit
544 1676 716 1731 aliquid,
746 1677 964 1730 pueritiae.
1027 1677 1189 1719 Ceteris
1219 1693 1306 1720 non
1337 1681 1462 1721 modo

138 1734 246 1776 nihil
277 1734 592 1789 ignoscendum,
623 1735 696 1776 sed
727 1735 856 1776 etiam
888 1735 1043 1776 acriter
1074 1739 1139 1778 est
1168 1737 1461 1779 resistendum.

225 1792 290 1834 Ac
331 1792 439 1833 mihi
481 1792 647 1846 quidem
690 1792 874 1847 videtur,
921 1793 1099 1848 iudices,
1146 1794 1217 1836 hic
1258 1779 1504 1837 introitus2

139 1850 395 1892 defensionis
433 1850 740 1892 adulescentiae
772 1850 828 1892 M.
861 1850 977 1893 Caeli
1011 1851 1192 1893 maxime
1225 1839 1495 1908 convenire,3

86 1925 120 1950 30
138 1912 188 1951 ut
224 1909 275 1950 ad
312 1923 377 1962 ea,
415 1922 520 1963 quae
558 1911 823 1950 accusatores
861 1909 1123 1951 deformandi
1158 1910 1284 1952 huius
1323 1926 1460 1967 causa,

139 1967 420 2009 detrahendae
458 1967 784 2021 spoliandaeque
821 1967 1043 2022 dignitatis
1082 1968 1222 2023 gratia
1252 1969 1460 2025 dixerunt,

137 2026 322 2080 primum
352 2025 639 2079 respondeam.
703 2024 904 2067 Obiectus
936 2028 1001 2068 est
1030 2029 1152 2081 pater
1182 2027 1315 2081 varie,
1347 2029 1459 2083 quod

137 2086 212 2126 aut
240 2098 391 2139 parum
422 2083 665 2138 splendidus
696 2083 787 2137 ipse
819 2086 892 2125 aut
920 2099 1071 2139 parum
1101 2085 1169 2139 pie
1200 2088 1408 2129 tractatus
1435 2102 1460 2129 a

136 2143 226 2184 filio
252 2143 471 2184 diceretur.
520 2141 584 2183 De
610 2142 816 2196 dignitate
841 2143 903 2184 M.
923 2142 1092 2185 Caelius
1116 2144 1230 2185 notis
1257 2159 1305 2186 ac
1329 2146 1459 2187 maio-

84 2217 118 2244 35
136 2201 255 2243 ribus
283 2204 388 2242 natu
419 2203 462 2242 et
492 2201 581 2242 sine
613 2214 707 2242 mea
738 2201 927 2242 oratione
960 2203 1002 2243 et
1031 2202 1186 2244 tacitus
1217 2202 1341 2245 facile
1366 2204 1457 2258 ipse

137 2260 380 2314 respondet3
406 2259 558 2314 quibus
586 2261 727 2300 autem
750 2261 924 2314 propter
943 2262 1214 2316 senectutem,
1241 2262 1351 2316 quod
1371 2263 1457 2305 iam

136 2318 208 2360 diu
245 2318 384 2360 minus
420 2318 466 2359 in
501 2316 594 2359 foro
630 2317 934 2373 nobiscumque
965 2321 1173 2375 versatur,
1208 2334 1295 2361 non
1326 2334 1455 2376 aeque

1200 2386 1246 2422 Β*
