1671 2543
593 75 692 111 CAP.
722 78 859 109 12--14
886 78 905 117 ς
931 78 1082 110 32—37.
1409 74 1492 115 567

156 190 242 239 tos,
281 184 394 239 quod
430 186 575 225 tamen
612 183 755 237 ipsum
792 197 869 237 pro
908 182 1050 236 patria
1086 196 1173 224 non
1204 181 1493 222 miserandum

156 246 344 299 putatur,
368 257 446 284 nec
472 242 674 296 dispersis
694 242 835 283 bustis
853 241 1007 282 humili
1028 241 1250 295 sepultura
1269 242 1495 294 crematos,

105 349 108 352 ,
158 303 231 345 sed
258 304 478 343 contectos
503 300 687 355 publicis
714 300 914 354 operibus
942 302 1070 353 atque
1093 299 1341 340 muneribus
1363 312 1494 352 eaque

157 361 442 412 extractione,
483 373 590 413 quae
636 359 693 400 sit
734 359 786 399 ad
823 358 1075 399 memoriam
1113 356 1382 398 aeternitatis
1421 371 1494 398 ara

120 436 136 462 5
156 419 357 460 Virtutis.
418 417 555 466 Quam
592 418 647 458 ob
685 432 775 458 rem
812 417 1046 457 maximum
1083 416 1254 470 quidem
1286 415 1494 456 solacium
1510 426 1553 456 35

156 478 239 518 erit
269 477 607 531 propinquorum
633 476 782 517 eodem
808 478 1086 516 monumento
1114 474 1321 516 declarari
1346 476 1390 514 et
1414 474 1495 514 vir—

156 539 294 577 tutem
326 550 501 577 suorum
532 537 576 576 et
607 535 756 588 populi
788 534 973 575 Romani
1005 534 1212 587 pietatem
1244 535 1288 574 et
1320 535 1494 573 senatus

155 594 283 635 fidem
327 597 371 635 et
414 593 698 635 crudelissimi
742 593 993 634 memoriam
1038 592 1157 645 belli;
1199 591 1245 632 in
1289 605 1373 644 quo
1409 590 1495 631 nisi

156 656 280 694 tanta
310 652 497 694 militum
529 652 666 692 virtus
699 651 948 704 exstitisset,
979 650 1210 705 parricidio
1241 649 1299 690 M.
1330 648 1494 690 Antoni

107 728 137 753 ιο
155 725 312 752 nomen
336 711 485 765 populi
504 710 689 752 Romani
716 710 954 752 occidisset.
1003 709 1148 763 Atque
1174 709 1306 750 etiam
1332 722 1494 760 censeo,

155 772 299 824 patres
332 769 577 823 conscripti,
612 783 719 822 quae
751 768 942 822 praemia
974 767 1184 808 militibus
1217 766 1494 820 promisimus

154 842 234 869 nos
265 842 311 869 re
341 828 515 882 publica
546 830 796 881 recuperata
827 827 1080 880 tributuros,
1112 840 1162 867 ea
1189 825 1297 866 vivis
1323 824 1494 866 victori-

155 887 319 941 busque
358 887 591 940 cumulate,
634 900 731 927 cum
769 888 938 939 tempus
975 883 1157 937 venerit,
1194 883 1494 938 persolvenda,

94 985 103 993 ,
157 945 230 999 qui
256 947 401 986 autem
426 959 477 985 ex
501 945 567 998 iis,
593 945 748 998 quibus
774 944 849 984 illa
874 943 1088 997 promissa
1113 945 1225 996 sunt,
1250 956 1327 996 pro
1353 941 1495 995 patria

105 1018 137 1045 15
158 1003 420 1057 occiderunt,
480 1017 628 1044 eorum
682 1002 951 1056 parentibus,
1005 1001 1171 1054 liberis,
1227 1000 1494 1055 coniugibus,

156 1061 364 1102 fratribus
396 1061 542 1102 eadem
574 1061 801 1102 tribuenda
833 1074 995 1101 censeo.

247 1120 329 1161 Sed
359 1122 409 1160 ut
441 1119 668 1173 aliquando
696 1119 910 1160 sententia
935 1118 1206 1172 complectar,
1237 1118 1301 1158 ita
1326 1131 1494 1158 censeo:

157 1179 270 1221 ‘cum
301 1177 346 1220 C.
374 1177 515 1218 Pansa
547 1177 713 1231 consul,
743 1178 996 1231 imperator,
1027 1176 1199 1217 initium
1232 1190 1329 1217 cum
1359 1174 1493 1216 hosti-

156 1238 237 1279 bus
276 1236 533 1291 confligendi
569 1235 737 1289 fecerit,
776 1250 859 1289 quo
894 1235 1057 1289 proelio
1090 1235 1204 1289 legio
1236 1233 1395 1274 Martia
1428 1233 1496 1274 ad-

104 1312 139 1337 20
157 1295 346 1337 mirabili
382 1294 707 1348 incredibilique
745 1294 905 1335 virtute
942 1293 1190 1334 libertatem
1226 1292 1376 1346 populi
1413 1291 1496 1333 Ro-

158 1354 273 1395 mani
304 1352 552 1407 defenderit,
584 1353 697 1406 quod
729 1352 842 1394 idem
870 1352 1062 1407 legiones
1086 1351 1278 1392 tironum
1302 1350 1495 1403 fecerint,

157 1413 332 1466 ipseque
364 1410 409 1453 C.
438 1411 580 1452 Pansa
612 1411 773 1465 consul,
804 1411 1051 1465 imperator,
1083 1423 1179 1450 cum
1210 1409 1325 1449 inter
1355 1409 1496 1450 media

156 1469 351 1511 hostium
381 1470 469 1510 tela
493 1472 748 1522 versaretur,
779 1469 956 1510 vulnera
982 1467 1204 1521 acceperit,
1237 1481 1417 1520 cumque
1443 1467 1494 1508 A.

157 1528 328 1569 Hirtius
366 1527 532 1580 consul,
569 1527 822 1580 imperator,
858 1527 1021 1581 proelio
1061 1525 1206 1566 audito
1244 1539 1288 1565 re
1321 1525 1495 1580 cognita

105 1603 138 1629 25
158 1585 396 1627 fortissimo
428 1585 884 1638 praestantissimoque
912 1585 1053 1624 animo
1081 1583 1315 1624 exercitum
1342 1584 1494 1624 castris

159 1643 351 1685 eduxerit
393 1643 686 1696 impetumque
724 1643 768 1683 in
804 1642 861 1682 M.
898 1642 1136 1683 Antonium
1176 1641 1494 1695 exercitumque

157 1702 350 1744 hostium
380 1700 531 1741 fecerit
563 1700 736 1754 eiusque
769 1700 913 1754 copias
944 1699 1160 1741 occidione
1188 1700 1390 1740 occiderit
1417 1713 1492 1741 suo

135 1761 347 1802 'exercitu
390 1760 453 1800 ita
495 1758 716 1812 incolumi,
759 1761 808 1798 ut
843 1773 895 1799 ne
933 1772 1065 1799 unum
1104 1757 1274 1811 quidem
1311 1758 1494 1798 militem

159 1818 421 1869 desiderarit,
454 1831 633 1870 cumque
660 1816 704 1858 C.
731 1816 887 1858 Caesar
912 1831 989 1870 pro
1016 1819 1224 1870 praetore,
1249 1816 1494 1869 imperator,
1509 1828 1553 1858 37

105 1894 140 1920 30
160 1877 338 1919 consilio
382 1876 688 1930 diligentiaque
733 1889 809 1916 sua
855 1878 996 1916 castra
1039 1874 1221 1915 feliciter
1259 1873 1495 1915 defenderit

159 1936 388 1990 copiasque
420 1934 622 1987 hostium,
655 1948 762 1987 quae
795 1933 846 1974 ad
876 1936 1017 1974 castra
1043 1935 1321 1986 accesserant,
1352 1932 1496 1986 profli-

159 1994 291 2048 garit,
336 1992 556 2034 occiderit:
604 1992 658 2032 ob
702 2005 772 2032 eas
810 2006 877 2032 res
922 1993 1118 2032 senatum
1163 1991 1408 2031 existimare
1452 1994 1495 2032 et

158 2052 345 2093 iudicare
386 2065 534 2092 eorum
571 2050 704 2091 trium
741 2050 1048 2103 imperatorum
1085 2049 1263 2102 virtute,
1303 2049 1495 2103 imperio,

161 2110 357 2162 consilio,
413 2109 644 2164 gravitate,
700 2108 959 2161 constantia,
1007 2107 1302 2162 magnitudine
1352 2107 1494 2158 animi,

104 2166 142 2209 *85
159 2167 366 2209 felicitate
397 2167 604 2221 populum
632 2165 875 2207 Romanum
905 2166 1153 2207 foedissima
1186 2165 1495 2207 crudelissima-

161 2239 241 2278 que
269 2225 475 2266 servitute
495 2225 743 2278 liberatum,
770 2239 949 2278 cumque
968 2238 1058 2264 rem
1079 2224 1307 2277 publicam,
1332 2224 1495 2277 urbem,
1513 2242 1516 2245 ·

160 2284 323 2337 templa
345 2284 521 2324 deorum
540 2283 848 2336 inmortalium,
873 2283 986 2323 bona
1004 2282 1283 2335 fortunasque
1305 2283 1489 2324 ormiium

1511 1099 1564 1140 14
