1671 2543
538 96 640 131 CAP.
666 100 806 132 27—28
831 101 852 140 ς
878 101 1028 133 73—78.
1368 97 1454 138 309

106 205 196 246 iam
233 207 277 245 et
313 204 637 259 impendebant,
675 219 863 258 quonam
895 205 1022 246 modo
1055 219 1105 246 ea
1137 207 1213 246 aut
1243 204 1454 259 depellere

106 263 362 318 potuissetis
401 266 476 304 aut
506 262 648 305 ferre?
715 262 952 317 Imperium
982 263 1056 304 ille
1089 264 1125 304 si
1155 266 1309 305 nactus
1342 267 1455 305 esset

108 345 165 352 —
199 322 355 363 omitto
388 321 546 376 socios,
578 324 745 362 exteras
776 322 992 376 nat-iones,
1023 336 1164 377 reges,
1196 322 1456 376 tetrarchas3

108 382 211 422 vota
253 380 367 421 enim
403 379 622 434 faceretis,
665 383 715 421 ut
752 380 799 421 in
837 395 909 422 eos
948 395 992 422 se
1031 381 1177 434 potius
1215 380 1456 422 inmitteret

72 448 241 493 squam
280 438 326 480 in
365 441 531 479 vestras
567 438 881 493 possessiones,
930 441 1073 480 vestra
1112 442 1245 493 tecta,
1288 442 1455 481 vestras

107 497 311 552 pecunias
337 520 394 527 —
419 497 622 551 pecunias
650 497 764 552 dico3
795 512 820 538 a
843 498 992 538 liberis
1019 497 1184 539 medius
1209 497 1336 539 fidius
1362 501 1406 539 et
1431 513 1456 538 a

110 555 367 611 coniugibus
405 556 563 597 vestris
594 570 831 610 numquam
862 556 936 597 ille
968 556 1196 597 effrenatas
1230 571 1329 597 suas
1360 556 1456 597 libi-

109 614 229 656 dines
269 614 548 656 cohibuisset.
615 613 744 669 Fingi
783 614 890 656 haec
926 615 1110 669 putatis,
1149 629 1256 669 quae
1292 617 1456 669 patent,

110 687 220 727 quae
262 676 368 714 nota
412 675 514 714 sunt
551 673 768 727 omnibus,
819 687 926 727 quae
965 676 1184 727 tenentur,
1234 688 1454 714 servorum

58 741 91 766 10
111 731 322 773 exercitus
348 731 472 772 illum
497 731 543 772 in
567 732 673 773 urbe
700 732 1045 786 conscripturum
1070 731 1215 785 fuisse,
1245 746 1322 785 per
1348 746 1456 785 quos

110 793 251 831 totam
287 804 379 831 rem
415 790 634 844 publicam
673 804 825 844 resque
862 790 1055 844 privatas
1094 790 1286 831 omnium
1320 791 1456 844 possi-

111 848 261 889 deret?
323 847 463 897 Quam
500 849 554 889 ob
592 863 702 901 rem,
741 849 778 889 si
816 851 1041 890 cruentum
1081 849 1273 904 gladium
1303 851 1455 890 tenens
1470 859 1512 891 ‘17

111 907 319 948 clamaret
356 906 402 947 T.
440 906 627 948 Annius:
673 906 868 961 ‘Adeste,
913 921 1091 960 quaeso,
1132 909 1261 960 atque
1300 906 1458 960 audite,

112 965 246 1007 cives!
307 964 354 1006 P.
381 963 580 1006 Clodium
611 964 820 1019 interfeci,
852 965 942 1006 eius
973 965 1154 1019 furores,
1186 979 1294 1018 quos
1325 964 1454 1005 nullis

59 1033 93 1060 15
112 1024 199 1064 iam
240 1023 429 1078 legibus,
471 1023 602 1064 nullis
645 1023 815 1064 iudiciis
852 1023 1021 1065 frenare
1058 1026 1326 1077 poteramus,
1373 1023 1456 1064 hoc

112 1082 227 1123 ferro
261 1085 304 1122 et
334 1081 415 1122 hac
448 1082 623 1122 dextera
654 1096 680 1122 a
711 1082 947 1123 cervicibus
978 1081 1134 1123 vestris
1166 1081 1346 1135 reppuli,
1380 1095 1457 1135 per

113 1155 181 1181 me
213 1143 263 1181 ut
293 1155 427 1181 unum
459 1140 545 1193 ius,
578 1140 786 1194 aequitas,
817 1140 947 1195 leges,
978 1140 1171 1193 libertas,
1203 1139 1352 1193 pudor,
1383 1154 1457 1193 pu-

114 1199 263 1240 dicitia
312 1199 357 1239 in
407 1198 582 1240 civitate
627 1198 855 1239 maneret'z
906 1201 1020 1239 esset
1046 1212 1163 1239 *vero
1207 1198 1458 1251 timendum,

116 1271 303 1311 quonam
335 1257 462 1298 modo
494 1257 538 1298 id
569 1256 702 1298 ferret
734 1257 897 1298 civitas.
959 1255 1084 1297 Nunc
1117 1256 1232 1296 enim
1259 1256 1354 1309 quis
1381 1259 1458 1309 est,

60 1336 98 1363 ρ.)
115 1316 188 1370 qui
217 1315 321 1357 non‘
336 1315 510 1369 probet
533 1315 622 1381 'qui
652 1330 751 1356 non·
770 1315 933 1369 laudet,
972 1315 1046 1368 qui
1076 1329 1163 1355 non
1193 1329 1327 1355 unum
1357 1317 1458 1368 post

113 1374 339 1415 hominum
364 1374 617 1415 memoriam
635 1373 682 1414 T.
703 1374 894 1415 Annium
919 1373 1155 1427 plurimum
1176 1373 1240 1413 rei
1259 1372 1457 1426 publicae

113 1430 342 1487 profuisse,
361 1432 549 1485 maxima
567 1432 737 1473 laetitia
756 1431 965 1486 populum
983 1431 1239 1485 Romanum,
1260 1434 1458 1472 cunctam

114 1490 307 1544 Italiam,
337 1482 535 1531 nationes
568 1489 715 1544 omnes
748 1490 939 1531 affecisse
972 1493 1016 1531 et
1046 1490 1162 1531 dicat
1193 1465 1239 1530 et
1269 1489 1458 1530 sentiat?

116 1548 219 1590 Non
256 1524 564 1602 q1⁷1e0‚yetera
601 1549 677 1589 illa
712 1548 862 1603 populi
892 1548 1078 1589 Romani
1110 1547 1266 1602 gaudia
1298 1550 1460 1611 quanta

64 1616 98 1642 25
116 1606 290 1660 fuerint,
320 1606 525 1660 iudicare3
555 1607 715 1647 multas
747 1609 894 1647 tamen
922 1606 1010 1646 iam
1036 1620 1302 1647 summorum
1326 1605 1458 1659 impe-

117 1668 313 1706 ratorum
333 1664 593 1705 clarissimas
613 1664 817 1705 victorias
838 1667 955 1705 aetas
974 1666 1125 1704 nostra
1137 1663 1258 1712 vidit,
1279 1677 1460 1716 quarum

117 1723 239 1765 nulla
292 1735 431 1775 neque
486 1725 577 1762 tam
632 1722 878 1763 diuturnam
925 1722 1076 1762 attulit
1120 1720 1334 1761 laetitiam
1381 1734 1458 1761 nec

120 1784 299 1822 tantam.
378 1778 581 1820 Mandate
635 1779 718 1820 hoc
767 1780 1017 1832 memoriae,
1071 1778 1244 1819 iudices.
1326 1776 1460 1831 Spero
1475 1790 1518 1821 78

121 1839 259 1880 multa.
290 1852 366 1879 vos
398 1837 642 1902 liberosque
674 1840 841 1878 vestros
873 1838 918 1877 in
948 1851 993 1878 re
1023 1836 1198 1890 publica
1227 1836 1342 1876 bona
1367 1850 1460 1876 esse

67 1908 103 1933 80
121 1898 308 1949 visuros3
338 1896 385 1936 in
414 1895 468 1936 iis
502 1895 683 1950 singulis
714 1895 778 1935 ita
809 1908 977 1959 semper
1008 1893 1331 1947 existimabitis,
1362 1894 1460 1935 vivo

121 1955 170 1996 P.
205 1929 355 1997 Clodio
392 1953 501 1994 nihil
540 1967 688 1994 eorum
724 1967 801 1994 vos
839 1953 1008 1994 visuros
1045 1952 1189 1993 fuisse.
1251 1951 1303 1992 In
1341 1966 1460 2005 spem

122 2013 355 2054 maximam
398 2015 458 2065 et,
503 2025 630 2065 quem
667 2011 720 2052 ad
757 2011 932 2052 modum
969 2010 1155 2064 confido,
1192 2010 1461 2050 verissimam

124 2085 271 2113 sumus
310 2069 482 2111 adducti
518 2069 631 2110 hunc
668 2069 810 2122 ipsum
847 2083 1005 2109 annum
1040 2069 1123 2110 hoc
1159 2068 1254 2121 ipso
1294 2082 1461 2108 summo

123 2129 217 2171 viro
255 2128 428 2170 consule
461 2141 706 2181 compressa
736 2127 960 2168 hominum
990 2126 1182 2180 licentia,
1220 2126 1462 2179 cupiditati-

70 2197 105 2223 35
123 2188 205 2228 bus
242 2187 411 2240 fractis,
446 2186 617 2240 legibus
655 2188 699 2226 et
734 2185 904 2226 iudiciis
942 2184 1192 2225 constitutis
1230 2183 1463 2224 salutarem

126 2245 294 2286 civitati
329 2244 433 2286 fore.
494 2242 612 2284 Num
649 2242 744 2296 quis
777 2246 843 2283 est
873 2242 1009 2297 igitur
1040 2245 1131 2283 tam
1163 2242 1353 2295 demens,
1391 2242 1464 2295 qui

123 2303 207 2344 hoc
250 2302 296 2343 P.
335 2301 485 2344 Clodio
529 2301 627 2343 vivo
672 2300 921 2355 contingere
963 2300 1157 2354 potuisse
1201 2300 1464 2341 arbitretur?
