1671 2543
523 66 622 103 OAP.
649 71 788 102 22—25
815 71 834 110 ξ
861 71 1012 103 55—62.
1363 67 1451 110 395

105 176 327 228 tamquam
362 190 517 217 nurum
549 176 821 230 sequebatur.
885 174 919 217 O
954 175 1134 218 miserae
1167 175 1359 218 mulieris
1391 176 1450 217 fe-

106 233 372 275 cunditatem
405 234 721 276 calamitosam!
772 233 940 276 Horum
971 234 1239 290 flagitiorum
1270 235 1352 276 iste
1379 250 1449 277 ve—

106 291 250 347 stigiis
283 292 428 334 omnia
459 293 705 347 municipia,
736 293 1041 348 praefecturas,
1074 293 1276 349 colonias,
1307 296 1449 335 totam

106 350 286 405 denique
318 350 492 393 Italiam
523 352 740 406 inpressit.

68 426 85 451 5
193 408 475 464 Reliquorum
506 410 720 452 factorum
747 411 849 465 eius,
880 413 1026 465 patres
1054 411 1300 465 conscripti,
1332 411 1443 452 diffi-
1460 414 1503 445 59

106 467 200 509 cilis
244 471 311 510 est
355 483 456 511 sane
500 469 775 524 reprehensio
821 472 864 511 et
907 469 1085 510 lubrica.
1152 468 1363 511 Versatus
1402 469 1446 510 in

104 526 218 568 bello
257 529 346 581 est3
384 528 596 569 saturavit
634 542 678 570 se
717 528 924 583 sanguine
960 528 1348 570 dissimillimorum
1380 529 1446 569 sui

105 585 281 640 civium3
318 585 422 628 felix
459 586 560 641 fuit,
598 587 635 628 si
667 590 813 641 potest
844 586 932 627 ulla
964 587 1009 627 in
1041 586 1199 628 scelere
1231 601 1324 628 esse
1355 586 1447 628 feli-

104 644 224 686 citas.
288 643 371 686 Sed
409 645 613 699 quoniam
649 646 864 687 veteranis
903 647 1078 687 cautum
1110 659 1202 687 esse
1234 645 1445 698 volumus,

52 720 86 744 10
105 717 367 757 quamquam
407 704 630 746 dissimilis
670 707 736 746 est
774 704 963 745 militum
1002 718 1130 745 causa
1166 707 1210 745 et
1248 707 1324 745 tua
1363 702 1446 758 (illi

48 759 52 762 ’
104 762 240 803 secuti
267 765 378 816 sunt,
410 765 459 804 tu
486 762 695 817 quaesisti
720 761 901 818 ducem),
933 765 1090 816 tamen,
1121 777 1174 804 ne
1201 762 1313 816 apud
1343 762 1443 804 illos

104 834 171 862 me
215 820 261 861 in
296 821 501 862 invidiam
538 836 681 875 voceS,
724 821 833 862 nihil
872 821 922 862 de
960 835 1115 876 genere
1152 821 1255 862 belli
1293 820 1444 862 dicam.

103 877 258 921 Victor
288 893 311 920 e
342 879 567 921 Thessalia
594 880 872 921 Brundisium
905 894 1001 921 cum
1032 879 1276 934 legionibus
1307 893 1445 921 rever-

103 937 210 979 tisti.
283 936 352 979 Ibi
396 953 464 980 me
507 953 594 980 non
638 938 845 980 occidisti.
918 937 1126 993 Magnum
1168 937 1443 979 beneficium!

51 1012 84 1037 15
103 996 298 1050 potuisse
334 997 448 1037 enim
486 996 636 1038 fateor.
700 997 971 1051 Quamquam
1001 1011 1127 1038 nemo
1160 999 1253 1038 erat
1284 1010 1445 1049 eorum,

104 1055 178 1109 qui
209 1057 303 1096 tum
335 1058 477 1096 tecum
508 1055 700 1109 fuerunt,
739 1056 812 1110 qui
844 1055 951 1096 mihi
982 1070 1070 1097 non
1102 1057 1293 1097 censeret
1324 1055 1443 1109 parci

104 1116 312 1167 oportere.
373 1113 513 1155 Tanta
550 1117 616 1155 est
650 1114 764 1156 enim
796 1114 953 1156 caritas
985 1113 1168 1168 patriae,
1206 1117 1256 1155 ut
1286 1113 1441 1155 vestris
1457 1121 1502 1151 60

103 1172 234 1213 etiam
266 1172 508 1228 legionibus
542 1175 715 1215 sanctus
749 1187 899 1226 essem,
932 1172 1044 1227 quod
1076 1186 1171 1214 eam
1203 1187 1227 1213 a
1258 1186 1325 1213 me
1359 1187 1443 1213 ser-

102 1233 248 1272 vatam
280 1245 372 1272 esse
405 1231 712 1273 meminissent.
764 1230 846 1272 Sed
877 1231 945 1272 fac
976 1231 1020 1272 id
1051 1233 1095 1272 te
1128 1231 1294 1272 dedisse
1323 1230 1443 1284 mihi,

50 1306 84 1331 20
105 1290 218 1344 quod
254 1304 342 1331 non
380 1290 597 1344 ademisti,
634 1304 785 1344 meque
818 1304 844 1331 a
879 1292 922 1331 te
959 1289 1118 1331 habere
1149 1289 1302 1343 vitam,
1342 1289 1443 1343 quia

101 1363 188 1390 non
214 1362 239 1389 a
264 1351 307 1390 te
335 1348 392 1390 sit
418 1351 583 1403 erepta3
608 1349 785 1390 licuitne
812 1348 918 1390 mihi
943 1363 1020 1403 per
1040 1350 1137 1389 tuas
1158 1347 1441 1389 contumelias

100 1405 184 1448 hoc
215 1409 338 1448 tuum
369 1407 623 1449 beneficium
656 1408 717 1449 sic
748 1407 872 1461 tueri,
906 1409 956 1448 ut
986 1407 1151 1461 tuebar,
1183 1406 1441 1460 praesertim
1489 1441 1508 1454 s

103 1461 201 1506 cum
231 1468 275 1506 te
305 1465 411 1507 haec
436 1466 683 1507 auditurum
708 1466 902 1507 videres?
951 1465 1126 1507 Venisti
1150 1464 1441 1520 Brundisium,
1455 1441 1513 1532 {f

102 1523 149 1563 in
197 1522 338 1563 sinum
382 1524 553 1577 quidem
596 1527 639 1565 et
681 1524 727 1565 in
770 1524 1040 1578 complexum
1082 1526 1182 1565 tuae
1227 1523 1454 1565 mimulaeq

52 1598 85 1623 25
107 1580 219 1629 Quid
251 1581 346 1621 est?
382 1595 487 1622 num
518 1583 732 1624 mentior?
795 1582 934 1630 Quam
965 1583 1170 1623 miserum
1203 1584 1269 1622 est
1299 1581 1343 1622 id
1372 1597 1442 1623 ne·

103 1653 205 1694 gare
243 1653 331 1680 non
366 1653 511 1692 posse,
551 1640 663 1693 quod
696 1641 754 1681 sit
785 1640 1086 1694 turpissimum
1119 1639 1331 1680 confiteri!
1396 1639 1443 1681 Si

103 1701 146 1739 te
190 1697 522 1751 municipiorum
564 1712 652 1738 non
694 1698 901 1751 pudebat,
944 1713 997 1739 ne
1039 1697 1230 1738 veterani
1269 1697 1443 1750 quidem

104 1756 345 1798 exercitus?
405 1755 510 1804 Quis
544 1755 657 1796 enim
688 1756 811 1796 miles
842 1755 943 1808 fuit,
982 1755 1054 1808 qui
1085 1755 1289 1796 Brundisi
1319 1754 1443 1796 illam

103 1829 191 1856 non
221 1813 406 1855 viderit‘.>
446 1813 560 1867 quis,
599 1813 671 1867 qui
701 1813 903 1854 nescierit
934 1813 1100 1854 venisse
1133 1827 1228 1854 eam
1259 1813 1341 1854 tibi
1373 1815 1442 1854 tot

51 1890 84 1915 30
104 1873 269 1913 dierum
300 1874 375 1913 ’iter
406 1872 577 1913 obviam
609 1871 905 1926 gratulatum?
944 1871 1057 1925 quis,
1097 1871 1169 1925 qui
1203 1885 1291 1912 nou
1320 1871 1442 1912 indo—

103 1931 234 1973 luerit
271 1935 362 1971 tam
400 1944 494 1971 sero
534 1944 595 1979 se,
634 1944 762 1983 quam
797 1943 982 1982 nequam
1018 1929 1238 1970 hominem
1270 1931 1442 1970 secutus

105 1992 237 2043 esset,
276 1988 563 2043 cognoscere?
623 1987 776 2028 Italiae
813 2002 961 2028 rursus
995 1987 1260 2041 percursatio
1294 1987 1442 2028 eadem
1456 1994 1500 2025 62

105 2048 261 2091 comite
300 2048 449 2100 mima,
486 2046 530 2087 in
569 2046 726 2100 oppida
762 2046 950 2086 militum
988 2046 1171 2087 crudelis
1211 2048 1254 2086 et
1286 2045 1444 2086 misera

104 2106 315 2160 deductio,
346 2106 391 2146 'm
421 2104 526 2146 urbe
559 2105 663 2158 auri,
696 2104 864 2159 argenti
896 2103 1163 2158 maximeque
1197 2103 1287 2144 vini
1317 2103 1443 2145 foeda

52 2181 86 2207 35
107 2165 302 2220 direptio.
364 2163 572 2216 Accessit,
606 2165 655 2204 ut
687 2161 868 2205 Caesare
900 2162 1064 2217 ignaro,
1096 2176 1193 2203 cum
1225 2164 1338 2202 esset
1369 2161 1442 2202 ille

104 2223 406 2276 Alexandriae,
444 2221 651 2263 beneficio
691 2220 926 2261 amicornm
964 2220 1054 2261 eius
1087 2219 1295 2275 magister
1327 2219 1442 2273 equi·

105 2285 199 2323 tum
231 2281 577 2324 constitueretur.
627 2279 736 2320 Tum
763 2278 1027 2320 existimavit
1053 2292 1097 2320 se
1124 2293 1200 2319 suo
1227 2278 1318 2319 iure
1345 2292 1467 2329 cum*
