1671 2543
241 79 266 120 6
625 77 718 113 PRO
745 78 782 112 P.
811 76 972 112 SESTIO
998 76 1186 112 ORATIO.

241 186 508 240 temporibus
547 185 722 238 eisdem,
763 199 860 226 cum
897 185 983 225 iam
1020 184 1210 239 Capuam
1254 186 1372 225 metu
1410 182 1576 225 Sestius

240 245 479 298 liberasset,
511 244 661 284 urbem
688 246 860 284 senatus
889 246 1017 297 atque
1044 257 1190 284 omnes
1216 242 1319 284 boni
1351 242 1577 296 deprehen-

242 303 301 344 sis
340 305 468 356 atque
507 302 721 356 oppressis
760 302 1005 343 domesticis
1042 301 1241 343 hostibus
1280 315 1346 341 me
1385 301 1489 342 duce
1526 315 1578 341 ex

241 361 442 416 periculis
469 361 666 402 maximis
696 359 992 414 extraxissent,
1024 374 1103 415 ego
1130 359 1288 400 litteris
1314 359 1360 400 P.
1388 357 1577 400 Sestium

242 418 389 473 Capua
421 419 621 460 arcessivi
659 433 755 460 cum
792 418 867 459 illo
900 418 1104 471 exercitu,
1143 432 1269 472 quem
1301 420 1394 459 tum
1432 432 1576 459 secum
1612 432 1630 459 5

241 478 439 519 habebat.
502 477 664 526 Quibus
707 477 778 518 hic
820 476 979 518 litteris
1022 477 1145 518 lectis
1191 476 1244 518 ad
1286 476 1438 517 urbem
1481 490 1577 517 con—

241 536 389 577 festim
413 535 653 578 incredibili
686 535 903 576 celeritate
930 535 1156 576 advolavit.
1205 534 1348 588 Atque
1379 537 1429 575 ut
1459 534 1576 575 illius

243 594 449 648 temporis
477 594 750 635 atrocitatem
782 593 994 634 recordari
1018 593 1208 648 possitis,
1240 593 1382 634 audite
1408 592 1576 633 litteras

243 655 286 694 et
310 656 499 694 vestram
530 652 781 693 memoriam
813 652 865 693 ad
896 651 1065 693 timoris
1096 651 1320 706 praeteriti
1351 651 1577 706 cogitatio-

241 725 339 752 nem
371 711 564 752 excitate.
626 710 861 751 LITTERAE
894 709 1143 752 C1oERoN1s
1177 721 1412 752 CONSULIS.
1596 726 1629 751 ιο

196 769 223 811 5
336 769 430 811 Hoc
473 770 656 810 adventu
701 768 746 810 P.
787 768 900 811 Sesti
944 769 1217 810 tribunorum
1258 768 1315 822 pl.
1358 781 1579 821 novorum,

244 828 317 882 qui
343 830 436 869 tum
467 828 668 868 extremis
701 827 848 868 diebus
875 827 1121 868 consulatus
1148 826 1232 868 mei
1257 840 1324 868 res
1357 840 1440 880 eaS,
1473 840 1577 880 quas

244 900 472 940 gesseram,
503 900 655 927 vexare
687 886 935 940 cupiebant,
966 885 1238 939 reliquaeque
1271 884 1578 926 coniurationis

188 951 229 982 12
245 945 430 999 impetus
474 947 517 986 et
558 947 736 986 conatus
779 947 879 985 sunt
916 944 1134 985 retardati.
1195 943 1259 985 Ac
1298 945 1580 997 posteaquam

244 1006 310 1044 est
359 1003 627 1044 intellectum
669 1004 731 1044 M.
775 1001 937 1044 Catone
987 1002 1161 1043 tribuno
1210 1002 1285 1056 pl.,
1339 1001 1578 1042 fortissimo
1599 1017 1632 1044 15

245 1064 372 1115 atque
413 1061 578 1115 optimo
617 1061 716 1115 civi,
754 1075 843 1101 rem
880 1061 1097 1114 publicam
1135 1060 1384 1102 defendente
1421 1074 1497 1114 per
1535 1073 1579 1100 se

243 1120 386 1174 ipsum
423 1123 619 1160 senatum
656 1119 945 1173 populumque
983 1119 1226 1160 Romanum
1264 1118 1353 1159 sine
1392 1118 1580 1159 militum

243 1178 456 1232 praesidio
483 1177 594 1218 tueri
626 1177 749 1219 facile
777 1177 1001 1218 maiestate
1028 1191 1105 1218 sua
1133 1177 1388 1232 dignitatem
1420 1190 1580 1230 eorum,

245 1236 319 1289 qui
363 1236 546 1276 salutem
597 1249 865 1277 communem
914 1235 1102 1289 periculo
1154 1249 1230 1276 suo
1281 1234 1579 1288 defendissent,

247 1293 412 1335 Sestius
439 1308 536 1334 cum
555 1294 630 1334 illo
652 1293 839 1335 exercitu
859 1308 1025 1334 summa
1044 1293 1262 1335 celeritate
1283 1291 1327 1335 C.
1342 1292 1580 1334 Antonium
1598 1310 1632 1335 ρο

246 1354 500 1392 consecutus
537 1355 603 1393 est.
664 1351 746 1393 Hic
784 1365 862 1406 ego
896 1352 996 1406 quid
1026 1351 1282 1405 praedicem,
1323 1351 1478 1405 quibus
1509 1351 1580 1392 hic

246 1410 371 1450 rebus
405 1410 622 1451 consulem
660 1413 862 1463 quaestor
894 1411 945 1450 ad
982 1425 1072 1451 rem
1103 1410 1332 1465 gerendam
1369 1409 1579 1463 excitarit,

247 1481 353 1521 quos
403 1468 601 1509 stimulos
652 1468 889 1509 admoverit
936 1468 1101 1510 homini
1154 1468 1346 1509 studioso
1394 1467 1580 1509 fortasse

247 1526 463 1580 victoriae,
496 1527 568 1567 sed
594 1529 738 1567 tamen
762 1527 942 1567 nimium
968 1541 1236 1568 communem
1261 1525 1446 1567 Martem
1476 1526 1580 1568 belli

247 1598 475 1638 casumque
510 1585 747 1626 metuenti?
804 1583 1001 1639 Longum
1033 1588 1098 1626 est
1132 1599 1181 1625 ea
1213 1585 1362 1638 dicere,
1394 1584 1468 1626 sed
1497 1584 1580 1627 hoc
1599 1601 1632 1627 25

251 1656 373 1683 oreve
411 1643 567 1684 dicam:
606 1641 651 1684 Si
690 1642 747 1684 M.
780 1642 922 1684 Petrei
958 1657 1046 1684 non
1086 1643 1294 1685 excellens
1332 1643 1498 1684 animus
1537 1646 1580 1684 et

249 1715 368 1742 amor
394 1701 454 1742 rei
485 1701 691 1755 publicae,
722 1716 809 1742 non
834 1704 1056 1755 praestans
1088 1701 1134 1742 in
1157 1716 1202 1742 re
1233 1701 1406 1756 publica
1430 1701 1579 1756 virtus,

246 1773 332 1800 non
375 1773 541 1800 summa
585 1759 819 1801 auctoritas
865 1760 975 1814 apud
1019 1760 1196 1813 milites,
1245 1774 1332 1801 non
1373 1759 1578 1801 mirificus

247 1831 348 1858 usus
392 1818 436 1858 in
479 1832 523 1858 re
568 1818 744 1859 militari
783 1818 1014 1872 extitisset,
1058 1832 1194 1872 neque
1238 1818 1407 1859 adiutor
1450 1817 1488 1858 ei
1530 1816 1577 1858 P.

249 1874 413 1917 Sestius
446 1876 499 1916 ad
530 1877 800 1918 excitandum
826 1876 1075 1929 Antonium,
1107 1876 1428 1929 cohortandum,
1460 1890 1579 1917 accu—
1597 1893 1632 1919 30

249 1934 437 1987 sandum,
469 1934 757 1988 inpellendum
787 1934 951 1989 fuisset,
983 1936 1107 1976 datus
1139 1935 1215 1976 illo
1246 1934 1292 1974 in
1321 1933 1433 1975 bello
1465 1937 1580 1976 esset

247 1991 378 2032 hiemi
414 1992 551 2046 locus,
590 2007 726 2046 neque
763 2008 967 2046 umquam
999 1992 1202 2046 Catilina,
1239 2006 1335 2033 cum
1367 2006 1388 2032 e
1425 1992 1580 2045 pruina

248 2048 490 2103 Appennini
517 2054 644 2105 atque
671 2065 692 2091 e
717 2051 886 2092 nivibus
912 2051 999 2092 illis
1026 2050 1269 2092 emersisset
1291 2052 1419 2103 atque
1445 2053 1579 2091 aesta-

249 2109 336 2147 tem
367 2108 580 2163 integram
610 2111 791 2150 nanctus
824 2109 975 2151 Italiae
1008 2109 1126 2150 callis
1159 2111 1202 2149 et
1240 2109 1464 2161 pastorum
1495 2110 1579 2149 sta-

248 2164 350 2205 bula
385 2180 694 2221 praeoccupare
727 2167 954 2221 coepisset,
995 2168 1084 2209 sine
1116 2166 1252 2207 multo
1285 2165 1491 2220 sanguine
1529 2181 1578 2208 ac
1597 2183 1631 2209 35

250 2222 338 2263 sine
388 2225 522 2265 totius
571 2224 723 2266 Italiae
771 2225 974 2266 vastitate
1023 2224 1263 2266 miserrima
1311 2223 1577 2266 concidisset.

199 2287 239 2317 13
251 2279 376 2322 Hunc
401 2281 536 2335 igitur
562 2284 750 2324 animum
777 2283 932 2324 adtulit
958 2283 1010 2324 ad
1035 2283 1303 2323 tribunatum
1327 2280 1373 2322 P.
1401 2280 1580 2332 Sestius,
