1671 2543
76 421 93 447 5

59 718 94 743 10

59 1009 93 1035 15

61 1303 95 1328 20

63 1595 96 1620 25

63 1885 98 1910 80

64 2174 98 2201 35

542 63 644 99 CAP.
673 67 810 99 15-18
837 67 856 106 s
883 67 1033 99 38—44.
1369 64 1454 107 389

111 171 270 226 equitis
302 171 488 213 Romani
519 172 671 226 suique
704 171 970 226 amicissimi,
1005 186 1132 226 quem
1161 172 1307 226 palam
1337 173 1455 215 here·

112 231 209 272 dem
241 245 410 285 semper
439 230 675 285 factitarat,
705 245 758 272 ne
789 231 986 272 nominat
1019 231 1208 286 quidem3
1240 235 1295 285 te,
1328 246 1455 286 quem

111 304 348 343 numquam
373 289 540 331 viderat
563 292 638 331 aut
659 292 772 331 certe
791 304 1028 355 numquam
1050 290 1326 344 salutaverat,
1352 290 1456 332 fecit

112 348 325 390 her.edem
392 347 536 389 Velim
573 348 680 389 mihi
718 349 852 402 dicas,
894 349 979 390 nisi
1017 348 1248 390 molestum
1281 352 1364 403 est,
1407 348 1454 390 L.

114 407 334 448 Turselius
362 421 446 461 qua
471 407 579 448 facie
604 406 747 457 fuerit,
778 422 863 462 qua
881 410 1069 482 statura,
1083 422 1180 473 ’quo
1207 408 1455 462 municipio

114 480 200 520 qua
236 466 366 507 tribu
434 465 572 507 ‘Nihil
610 465 734 520 scio',
771 466 957 520 inquies,
996 465 1094 507 nisi
1135 481 1243 520 quae
1281 467 1456 521 praedia

111 523 340 566 habuerit.>
407 524 456 566 Is
498 525 635 580 igitur
670 524 852 566 fratrem
890 525 1149 566 exheredans
1188 528 1231 566 te
1267 526 1456 567 faciebat

111 583 341 624 heredem?
402 581 455 624 In
492 583 651 625 multas
683 586 906 638 praeterea
936 583 1141 638 pecunias
1174 583 1455 626 alienissimo-

111 656 209 683 rum
251 641 476 683 hominum
518 642 560 683 vi
605 642 752 684 eiectis
791 643 903 684 veris
941 642 1188 696 heredibus,
1232 645 1455 697 tamquam

112 701 237 742 heres
270 704 397 754 esset,
427 701 597 742 invasit.
649 700 920 755 Quamquam
950 700 1033 742 hoc
1065 701 1249 742 maxime
1276 702 1455 743 admira-
1469 715 1514 746 42

113 763 184 800 tus
212 773 319 813 sum,
345 759 608 801 mentionem
634 762 677 802 te
703 760 994 801 hereditatum
1018 774 1170 800 ausum
1190 774 1283 802 esse
1302 760 1455 815 facere,

114 833 211 860 cum
242 818 334 872 ipse
364 818 652 860 hereditatem
682 818 819 873 patris
851 833 939 860 non
971 818 1144 859 adisses.

202 876 321 918 Haec
351 880 401 918 ut
433 877 672 932 colligeres,
704 877 834 919 homo
862 877 1168 931 amentissime,
1200 880 1268 917 tot
1295 877 1384 918 dies
1410 877 1524 920 in17

114 935 254 976 aliena
290 935 393 976 villa
430 935 710 977 declamasti?
779 934 1048 990 Quamquam
1087 938 1136 977 tu
1175 935 1363 990 quidem,
1406 939 1456 977 ut

114 994 179 1035 tui
204 993 534 1035 familiarissimi
560 994 775 1048 dictitant,
800 994 889 1035 vini
915 994 1155 1048 exhalandi,
1180 1009 1268 1035 non
1292 994 1456 1049 ingenii

114 1052 293 1094 acuendi
331 1066 460 1094 causa
491 1052 716 1094 declamas.
777 1052 839 1094 At
869 1068 970 1094 vero
1003 1053 1180 1094 adhibes
1212 1053 1296 1094 ioci
1329 1067 1456 1094 causa

114 1111 374 1166 magistrum
410 1111 616 1166 suffragio
650 1115 725 1153 tuo
758 1114 801 1152 et
840 1114 1126 1165 conpotorum
1158 1114 1332 1152 tuorum
1364 1112 1456 1153 rhe-

114 1173 272 1223 torem,
311 1170 378 1211 cui
411 1170 681 1224 concessisti,
711 1173 762 1212 ut
793 1170 838 1211 in
869 1173 930 1223 te,
963 1184 1070 1224 quae
1103 1170 1251 1223 vellet,
1283 1170 1456 1224 diceret,

114 1229 276 1270 salsum
315 1228 488 1270 0111111110
527 1228 764 1283 hominem,
802 1229 876 1270 sed
912 1229 1095 1270 materia
1132 1228 1273 1270 facilis
1313 1231 1380 1270 est
1410 1229 1456 1270 in

115 1291 158 1329 te
191 1291 234 1328 et
265 1287 310 1328 in
341 1290 440 1329 tuos
473 1287 588 1329 dicta
619 1287 769 1329 dicere.
819 1287 928 1328 Vide
961 1290 1116 1341 autem,
1149 1287 1251 1341 quid
1282 1287 1457 1328 intersit

112 1347 228 1388 inter
264 1349 306 1387 te
345 1349 388 1388 et
426 1360 552 1387 avum
590 1348 724 1387 tuum.
792 1345 872 1387 Ille
910 1346 1071 1387 sensim
1109 1346 1297 1400 dicebat,
1342 1346 1456 1400 quod

114 1419 266 1446 causae
298 1404 540 1459 prodesset3
577 1407 625 1446 tu
657 1405 816 1447 cursim
848 1405 953 1447 dicis
986 1405 1136 1446 aliena.
1198 1404 1260 1446 At
1293 1407 1455 1459 quanta
1470 1417 1514 1448 43

114 1475 276 1504 merces
307 1463 471 1504 rhetori
503 1463 605 1504 data
636 1465 718 1505 est!
775 1463 953 1518 Audite,
989 1463 1150 1516 audite,
1181 1466 1327 1517 patres
1361 1478 1455 1505 con-

116 1521 279 1574 scripti,
311 1523 354 1561 et
386 1522 632 1576 cognoscite
663 1522 725 1563 rei
750 1522 947 1577 publicae
973 1522 1161 1563 vulnera.
1211 1521 1308 1563 Duo
1336 1522 1458 1562 milia

115 1580 314 1634 iugerum
363 1580 504 1633 campi
546 1579 748 1622 Leontini
793 1579 885 1622 Sex.
931 1580 1082 1622 Clodio
1133 1580 1299 1620 rhetori
1348 1580 1457 1621 adsi-

115 1637 279 1693 guasti,
317 1639 360 1678 et
397 1637 569 1690 quidem
605 1638 815 1692 inmunia,
849 1642 899 1679 ut
935 1638 1084 1692 populi
1116 1637 1301 1678 Romani
1334 1641 1456 1678 tanta

115 1671 308 1737 meicede
339 1694 448 1735 nihil
481 1709 629 1749 sapeie
655 1697 851 1738 disceres
901 1695 1018 1736 Num
1045 1695 1175 1736 etiam
1200 1695 1455 1749 1106,1101110

116 1753 417 1806 audacissime,
455 1767 505 1794 ex
543 1753 738 1795 Caesaris
777 1753 1126 1796 commentariis?
1196 1752 1280 1794 Sed
1317 1753 1456 1794 dicam

117 1813 202 1854 alio
239 1812 335 1853 loco
374 1814 418 1852 61
449 1812 500 1853 de
531 1810 744 1853 Leontino
778 1826 882 1866 agio
915 1814 959 1852 et
990 1812 1040 1853 de
1073 1810 1310 1865 Campano,
1349 1826 1456 1865 quos

116 1872 200 1912 iste
232 1884 360 1925 agros
392 1872 563 1924 ereptos
595 1870 657 1911 rei
688 1870 885 1935 publicae
911 1870 1174 1924 turpissimis
1200 1870 1456 1935 possessori-

116 1930 197 1970 bus
235 1928 488 1983 inquinavit.
550 1927 643 1969 Iam
676 1930 807 1981 enim,
846 1928 1049 1982 quoniam
1081 1928 1331 1970 criminibus
1364 1928 1456 1969 eius

117 1988 225 2030 satis
263 1986 483 2041 respondi,
520 1986 571 2027 de
605 1988 699 2041 ipso
733 1987 1005 2028 emendatore
1038 1989 1082 2027 et
1113 1989 1353 2028 correctore
1383 2001 1456 2028 no-

117 2050 208 2089 stro
248 2045 457 2100 quaedam
493 2045 671 2086 dicenda
708 2048 820 2086 sunt.
881 2044 973 2086 Nec
1006 2045 1119 2086 enim
1152 2045 1296 2086 omnia
1328 2044 1457 2086 effun-

117 2106 234 2157 dam,
265 2107 332 2158 ut,
364 2104 400 2144 si
433 2104 602 2157 saepius
635 2103 938 2144 decertandum
970 2104 1046 2156 sit,
1075 2106 1125 2144 ut
1157 2103 1257 2156 erit,
1289 2117 1457 2156 semper

117 2178 253 2205 novus
284 2163 472 2216 veniam3
505 2176 634 2215 quam
658 2161 912 2203 facultatem
938 2162 1045 2202 mihi
1070 2161 1303 2202 multitudo
1328 2161 1456 2203 istius

117 2222 323 2263 vitiorum
354 2223 713 2275 peccatorumque
745 2221 941 2275 largitur.

213 2279 340 2322 Visne
371 2279 507 2335 igitur
535 2281 578 2320 te
609 2279 887 2333 inspiciamus
915 2293 939 2319 a
963 2278 1125 2332 puero?
1183 2277 1253 2320 Sic
1286 2262 1526 2352 01111101ςέ48
