1671 2543
90 489 108 516 5

77 785 110 810 10

77 1077 110 1103 15

78 1372 111 1396 20

80 1665 113 1691 25

80 1957 114 1982 30

555 126 656 163 CAP.
685 132 822 164 13—16
848 132 868 171 ξ
893 132 1044 164 31-35.
1393 127 1475 169 147

127 237 452 281 consecratione
484 251 540 278 an
572 237 863 278 obtestatione
896 237 1006 292 legis
1033 238 1357 279 sacrosanctum
1383 251 1475 278 esse

129 296 385 339 confirmas?
453 294 575 337 Nihil
620 295 793 337 omnino
838 310 1043 350 umquam
1086 296 1136 337 de
1179 295 1265 337 isto
1306 295 1476 337 foedere

129 356 182 397 ad
207 355 427 410 populum,
457 354 566 395 nihil
598 354 651 395 ad
682 354 854 408 plebem
885 355 1023 396 latum
1050 368 1143 396 esse
1168 368 1307 409 neque
1333 354 1476 409 legem

127 428 265 469 neque
290 428 473 468 poenam
500 416 794 455 consecratam
815 428 906 454 esse
928 413 1033 455 dico.
1077 412 1142 455 De
1164 413 1320 467 quibus
1341 413 1477 468 igitur

129 473 298 514 etiamsi
320 473 458 514 latum
483 474 597 514 esset
621 486 674 513 ne
703 486 830 526 quem
851 472 986 514 civem
1004 472 1304 527 reciperemus,
1330 474 1477 513 tamen

127 532 172 573 id
215 533 345 586 esset,
391 531 504 585 quod
546 533 700 585 postea
736 531 921 585 populus
961 531 1176 585 iussisset,
1219 533 1363 572 ratum
1398 544 1477 571 nec

129 590 359 645 quicquam
384 589 472 630 illis
491 590 635 631 verbis
655 588 720 631 ‘Sl
742 601 854 638 QUID
878 600 1242 632 SACROSANCTUM
1261 589 1361 631 EST’
1383 603 1476 630 esse

129 651 354 702 exceptum
380 648 609 702 videretur,
635 648 685 690 de
712 648 764 689 iis
792 663 890 690 cum
915 649 1100 703 populus
1120 648 1341 690 Romanus
1366 647 1476 689 nihil

127 722 333 762 umquam
358 707 545 761 iusserit,
578 707 808 762 quicquam
835 708 964 748 audes
990 708 1128 749 dicere
1155 710 1478 749 sacrosanctum

128 767 292 808 fuisse?
353 765 445 808 Nec
476 781 576 807 vero
610 766 750 807 oratio
782 781 878 807 mea
910 766 962 807 ad
993 766 1297 808 infirmandum
1329 766 1500 820 foedus*

130 825 453 879 Gaditanorum,
479 824 652 879 iudices,
677 825 878 879 pertinet.
925 824 1076 879 Neque
1103 825 1217 866 enim
1243 827 1310 866 est
1335 839 1478 866 meum

130 886 281 926 contra
310 884 378 925 ius
411 883 572 938 optime
605 883 784 925 meritae
817 883 1018 938 civitatis,
1051 887 1203 925 contra
1232 884 1478 938 opinionem

128 942 372 997 vetustatis,
405 945 556 984 contra
588 943 893 984 auctoritatem
925 945 1099 984 senatus
1133 943 1284 984 dicere.
1345 941 1476 983 Duris

130 1001 244 1043 enim
279 1001 494 1055 quondam
525 1001 794 1055 temporibus
826 1002 888 1042 rei
920 1001 1117 1055 publicae
1148 1005 1341 1055 nostrae,
1381 1015 1478 1042 cum

130 1063 388 1115 praepotens
425 1063 542 1101 terra
579 1060 771 1114 marique
812 1059 1032 1115 Carthago
1067 1060 1168 1101 nixa
1206 1060 1371 1101 duabus
1403 1059 1478 1100 Hi-

130 1119 291 1174 spaniis
329 1118 430 1160 huic
461 1118 642 1173 imperio
676 1118 938 1172 immineret,
976 1121 1020 1160 et
1051 1133 1148 1161 cum
1180 1119 1263 1160 duo
1295 1118 1479 1160 fulmina

129 1177 269 1219 nostri
301 1177 470 1232 imperii
501 1177 645 1218 subito
672 1177 717 1218 in
742 1177 964 1232 Hispania,
998 1177 1073 1220 Cn.
1100 1180 1144 1219 et
1169 1177 1215 1218 P.
1243 1176 1478 1231 Scipiones,

130 1235 310 1278 extincti
352 1235 625 1289 occidissent,
663 1235 710 1276 L.
747 1235 952 1290 Marcius,
989 1236 1118 1291 primi
1155 1236 1234 1290 pili
1273 1236 1479 1290 centurio,

131 1309 228 1337 cum
255 1293 479 1335 Gaditanis
511 1294 661 1336 foedus
692 1294 818 1336 icisse
845 1295 1013 1336 dicitur.
1066 1294 1189 1344 Quod
1217 1310 1313 1336 cum
1338 1295 1478 1350 magis

130 1354 212 1394 fide
253 1353 370 1394 illius
407 1353 574 1408 populi,
617 1353 787 1395 iustitia
825 1357 996 1408 nostra,
1039 1356 1258 1395 vetustate
1296 1354 1478 1407 denique

129 1413 224 1467 ipsa
255 1426 384 1466 quam
415 1412 559 1466 aliquo
590 1412 765 1466 publico
798 1412 968 1454 vinculo
998 1412 1221 1468 religionis
1247 1415 1478 1466 teneretur,

131 1470 346 1525 sapientes
389 1471 586 1512 homines
630 1473 674 1512 et
716 1471 879 1525 publici
923 1471 1029 1512 iuris
1066 1471 1214 1526 periti,
1263 1470 1478 1525 Gaditani,

130 1529 188 1570 M.
220 1528 382 1583 Lepido
416 1529 465 1579 Q.
491 1528 645 1571 Catulo
684 1530 932 1571 consulibus
972 1544 997 1571 a
1035 1533 1187 1571 senatu
1220 1530 1270 1571 de
1307 1530 1479 1571 foedere

131 1588 470 1642 postulaverunt.
541 1587 651 1629 Tum
695 1591 762 1630 est
806 1603 902 1630 cum
947 1587 1173 1630 Gaditanis
1215 1588 1366 1630 foedus
1410 1588 1478 1630 vel

133 1648 387 1687 renovatum
411 1646 479 1687 vel
505 1647 657 1701 ictum3
683 1647 733 1688 de
757 1661 841 1701 quo
861 1647 1030 1688 foedere
1050 1648 1236 1701 populus
1257 1647 1478 1688 Romanus

134 1705 394 1746 sententiam
423 1719 511 1746 non
542 1706 657 1758 tulit,
690 1705 763 1759 qui
790 1706 957 1747 iniussu
983 1720 1059 1747 suo
1086 1706 1205 1747 nullo
1232 1708 1360 1760 pacto
1387 1709 1481 1760 pot-

134 1767 200 1805 est
245 1763 453 1818 religione
505 1763 700 1818 obligari.
771 1763 841 1805 Ita
885 1763 1100 1805 Gaditana
1143 1764 1314 1818 civitas,
1365 1764 1479 1818 quod
1495 1772 1539 1804 35

132 1821 352 1864 beneficiis
397 1821 485 1862 suis
530 1835 632 1876 erga
676 1836 765 1863 rem
794 1822 1005 1875 publicam
1041 1824 1237 1864 nostram
1277 1822 1481 1876 consequi

133 1880 288 1935 potuit,
322 1880 435 1934 quod
466 1880 776 1934 imperatorum
805 1880 1080 1935 testimoniis,
1113 1881 1226 1935 quod
1252 1884 1482 1936 vetustate,

136 1939 249 1993 quod
283 1937 330 1988 Q.
363 1937 526 1993 Catuli,
558 1939 714 1980 summi
745 1939 838 1992 viri,
875 1939 1146 1993 auctoritate,
1179 1939 1293 1993 quod
1324 1939 1481 1981 iudicio

135 2000 327 2051 senatus,
371 1997 483 2052 quod
527 1996 715 2050 foedere,
759 2000 989 2039 consecuta
1031 2000 1114 2052 est3
1159 1998 1272 2051 quod
1309 1998 1482 2052 publica

135 2056 344 2112 religione
390 2055 547 2097 sanciri
588 2056 751 2110 potuit,
794 2056 837 2096 id
876 2056 1016 2110 abest3
1059 2056 1245 2110 populus
1285 2057 1398 2098 enim
1437 2071 1482 2098 se

133 2129 347 2169 nusquam
373 2114 595 2170 obligavit.
633 2113 783 2168 Neque
810 2114 904 2156 ideo
932 2117 998 2156 est
1024 2113 1337 2156 Gaditanorum
1358 2129 1485 2157 causa

135 2173 338 2228 deterior;
370 2172 638 2228 gravissimis
672 2173 786 2214 enim
819 2176 862 2214 et
891 2173 1088 2227 plurimis
1115 2173 1243 2214 rebus
1270 2176 1337 2215 est
1362 2173 1486 2216 fulta.

83 2249 116 2275 35
138 2231 221 2274 Sed
257 2232 335 2273 isti
373 2231 659 2286 disputationi
698 2231 764 2273 hic
796 2234 910 2273 certe
941 2231 1050 2272 nihil
1084 2234 1150 2273 est
1180 2231 1276 2273 loci.
1340 2231 1488 2274 Sacro-

137 2292 335 2332 sanctum
362 2291 475 2332 enim
499 2290 608 2331 nihil
634 2292 781 2344 potest
808 2304 913 2344 esse,
937 2290 1023 2331 nisi
1051 2290 1164 2343 quod
1186 2305 1263 2344 per
1281 2291 1488 2345 populum

134 2349 357 2404 plebemve
390 2351 587 2391 sanctum
619 2351 695 2390 est.
759 2348 920 2398 Quodsi
950 2348 1033 2390 hoc
1063 2348 1225 2403 foedus,
1261 2350 1375 2403 quod
1405 2351 1546 2404 po-lss

1211 2417 1281 2451 10*

1499 748 1548 789 15
