1671 2543
386 107 566 144 FRAGM.
595 112 744 143 11—19.
797 106 895 143 OAP.
926 112 1014 142 1-2
1042 111 1061 150 g
1089 112 1189 143 1—3.
1375 108 1457 150 163

114 217 273 259 mentis
307 220 384 271 est,
414 217 486 258 hic
517 216 562 257 in
593 215 788 258 fraudem
818 216 1014 257 homines
1046 216 1237 270 impulit,
1268 216 1339 257 hic
1372 231 1457 270 eos,

117 277 274 331 quibus
307 290 401 317 eras
433 276 626 331 ignotus,
661 275 846 329 decepit,
878 275 1050 329 fefellit,
1082 275 1263 316 induxit.
1325 274 1457 316 Pauci

115 336 202 377 ista
244 338 319 376 tua
361 335 576 376 lutulenta
618 334 726 374 vitia
766 348 989 387 noramus,
1034 334 1162 388 pauci
1206 333 1458 374 tarditatem

116 394 290 450 ingenii,
326 396 548 448 stuporem
579 392 930 447 debilitatemque
962 393 1146 448 linguae.
1208 392 1458 446 Numquam

80 464 97 489 5
117 456 211 494 erat
243 453 391 494 audita
421 467 505 493 vox
534 452 581 493 in
610 451 724 505 foro,
758 466 995 506 numquam
1025 451 1264 505 periculum
1295 451 1459 492 factum

118 511 305 565 consilii,
347 511 516 552 nullum
557 525 646 552 non
688 511 815 551 modo
859 510 1059 563 inlustre,
1104 511 1177 552 sed
1214 525 1267 551 ne
1304 513 1458 551 notum

118 571 290 625 quidem
321 569 485 612 factum
517 572 592 610 aut
624 569 805 610 militiae
839 572 913 610 aut
944 569 1072 610 domi.
1136 568 1381 623 Obrepsisti
1406 569 1459 609 ad

115 630 302 671 honores
342 643 485 670 errore
523 628 749 670 hominum
791 627 1160 669 commendatione
1191 627 1458 668 fumosarum

117 688 368 744 imaginum,
395 702 577 741 quarum
604 686 742 728 simile
769 686 903 728 habes
927 686 1037 727 nihil
1062 688 1233 741 praeter
1260 687 1457 728 colorem.

64 758 97 783 10
116 747 160 788 Is
203 747 311 788 mihi
355 747 485 787 etiam
529 746 743 801 gloriatur
783 760 827 786 se
868 745 1006 786 omnis
1044 745 1327 800 magistratus
1365 745 1492 786 sine2

116 806 290 860 repulsa
321 805 600 846 adsecutum?
661 804 771 845 Mihi
802 804 887 845 ista
918 804 1020 845 licet
1051 804 1101 845 de
1133 818 1200 845 me
1232 818 1333 845 vera
1361 817 1459 845 cum

116 865 257 920 gloria
280 864 544 918 praedicare3
571 878 718 904 omnes
745 863 859 904 enim
884 863 1068 904 honores
1094 863 1280 917 populus
1304 862 1458 904 Roma-

115 938 196 965 nus
229 923 337 964 mihi
364 923 448 977 ipsi
476 922 674 974 [homini]
702 922 869 962 detulit.
919 921 1033 962 Nam
1057 923 1106 962 tu
1133 936 1229 963 cum
1256 924 1459 975 quaestor

118 997 162 1024 es
188 982 341 1036 factus,
366 982 498 1022 etiam
524 981 598 1035 qui
623 983 665 1022 te
684 994 920 1034 numquam
940 980 1145 1034 viderant,
1170 982 1317 1020 tamen
1336 979 1459 1020 illum

65 1052 97 1078 15
116 1041 326 1082 honorem
364 1040 530 1081 nomini
567 1039 830 1081 mandabant
866 1042 953 1080 tuo.
1014 1039 1180 1080 Aedilis
1218 1053 1262 1079 es
1300 1038 1459 1092 factus,

116 1099 218 1141 Piso
263 1101 329 1140 est
373 1114 397 1139 a
439 1098 599 1153 populo
644 1098 839 1139 Romano
884 1098 1043 1151 factus,
1088 1112 1176 1138 non
1219 1097 1300 1138 iste
1344 1097 1457 1138 Piso.

116 1158 327 1199 Praetura
360 1158 466 1198 item
496 1157 733 1198 maioribus
765 1157 907 1197 delata
939 1158 1004 1197 est
1036 1156 1134 1197 tuis.
1196 1155 1304 1197 Noti
1336 1158 1459 1196 erant

116 1217 182 1258 illi
213 1217 386 1269 mortui,
417 1218 460 1257 te
492 1216 638 1257 vivum
667 1216 858 1269 nondum
888 1217 1067 1256 noverat
1099 1214 1338 1268 quisquam.
1388 1213 1458 1254 Me

118 1291 214 1317 cum
241 1278 513 1330 quaestorem
534 1275 580 1315 in
598 1274 763 1328 primis,
789 1274 970 1315 aedilem
988 1274 1189 1327 priorem,
1214 1275 1460 1327 praetorem

65 1346 98 1372 20
117 1335 305 1389 primum
343 1334 507 1375 cunctis
540 1333 757 1388 suffragiis
789 1333 974 1387 populus
1006 1332 1227 1373 Romanus
1258 1331 1458 1385 faciebat,

117 1394 283 1435 homini
308 1393 381 1434 ille
406 1393 626 1446 honorem,
650 1407 739 1433 non
764 1392 923 1446 generi,
947 1391 1154 1444 moribus,
1178 1405 1267 1432 non
1289 1390 1459 1431 maiori-

117 1453 198 1494 bus
239 1452 363 1506 meis,
406 1451 557 1492 virtuti
594 1454 862 1505 perspectae,
904 1465 992 1492 non
1030 1450 1199 1490 auditae
1235 1448 1458 1491 nobilitati

119 1511 347 1552 deferebat.
396 1509 511 1552 Nam
542 1510 645 1565 quid
675 1524 755 1565 ego
788 1510 838 1550 de
871 1509 1096 1550 consulatu
1127 1509 1298 1562 loquar,
1332 1509 1492 1562 parto-3

120 1570 183 1611 vis
227 1584 334 1610 anne
379 1569 530 1624 gesto?
598 1568 805 1610 Miserum
844 1568 930 1609 me!
975 1582 1072 1609 cum
1114 1567 1195 1607 hac
1240 1581 1308 1608 me
1346 1580 1459 1607 nunc

66 1639 98 1664 25
119 1631 239 1682 peste
271 1631 399 1681 atque
424 1628 521 1668 labe
548 1626 737 1669 confero!
791 1625 872 1669 Sed
896 1626 1005 1667 nihil
1033 1625 1307 1679 comparandi
1331 1638 1460 1666 causa

120 1687 274 1740 loquar
312 1700 361 1726 ac
395 1688 541 1727 tamen
571 1700 637 1739 ea,
676 1699 784 1739 quae
817 1686 918 1726 sunt
948 1684 1200 1739 longissime
1233 1684 1458 1737 disiuncta,

121 1744 433 1798 comprendam.
489 1744 553 1785 Tu
591 1744 740 1785 consul
779 1757 822 1784 es
858 1743 1127 1783 renuntiatus
1159 1741 1286 1796 (nihil
1319 1742 1460 1782 dicam

120 1803 312 1859 gravius,
360 1817 488 1856 quam
532 1802 645 1856 quod
689 1816 836 1843 omnes
880 1799 1088 1855 fatentur)
1131 1800 1351 1854 impeditis
1395 1799 1458 1840 rei

119 1862 316 1917 publicae
341 1860 621 1914 temporibus,
649 1860 955 1902 dissidentibus
981 1858 1229 1900 consulibus
1258 1857 1457 1910 [Caesare

66 1933 100 1958 30
121 1923 164 1962 et
189 1920 379 1973 Bibulo],
412 1934 508 1961 cum
538 1919 621 1960 hoc
650 1933 739 1960 non
769 1931 986 1959 recusares
1018 1917 1083 1971 iis,
1115 1931 1140 1957 a
1169 1917 1324 1970 quibus
1350 1916 1458 1957 dice-

120 1980 223 2021 bare
256 1978 422 2031 consul,
461 1977 564 2032 quin
594 1979 637 2018 te
669 1977 762 2018 luce
795 1976 972 2031 dignum
1002 1990 1090 2016 non
1120 1977 1339 2029 putarent,
1373 1975 1458 2016 nisi

118 2037 301 2092 nequior
333 2051 461 2091 quam
495 2034 704 2077 Gabinius
737 2035 986 2076 exstitisses.
1041 2033 1111 2075 Me
1139 2035 1292 2075 cuncta
1317 2032 1457 2087 Italia,

119 2111 186 2138 me
208 2110 355 2137 omnes
377 2095 559 2148 ordines,
578 2108 646 2135 me
665 2094 865 2135 universa
885 2093 1035 2134 civitas
1054 2107 1141 2134 non
1160 2093 1279 2147 prius
1296 2091 1458 2132 tabella

122 2170 250 2209 quam
269 2169 372 2196 voce
390 2154 580 2208 priorem
600 2152 818 2194 consulem
838 2152 1081 2193 declaravit.
1121 2149 1202 2192 Sed
1224 2150 1390 2203 omitto,
1409 2153 1458 2191 ut
1472 2156 1499 2196 2

66 2225 100 2251 35
121 2214 179 2255 sit
197 2213 338 2254 factus
359 2215 539 2267 uterque
557 2213 773 2266 nostrum,
794 2211 851 2252 sit
872 2225 972 2252 sane
985 2209 1093 2252 Fors
1115 2209 1286 2250 domina
1306 2209 1456 2262 campi.
1577 2239 1590 2266 ι

120 2271 468 2327 Magnificentius
495 2273 562 2312 est
587 2270 738 2324 dicere,
770 2284 896 2324 quem
922 2270 974 2310 ad
1000 2268 1173 2310 modum
1199 2267 1457 2322 gesserimus

122 2331 409 2384 consulatum,
442 2344 571 2384 quam
604 2343 730 2384 quem
762 2329 814 2369 ad
844 2328 1019 2370 modum
1051 2326 1299 2381 ceperimus.

1176 2395 1247 2428 11*
