1671 2543
580 66 680 101 CAP.
709 70 746 108 1,
774 70 794 101 2
822 73 841 109 ᾗ
870 71 971 102 1—4.
1358 70 1443 111 535

105 174 214 216 alius
253 174 375 217 civile
413 175 574 216 bellum
614 174 797 228 optavit,
835 189 931 216 eum
971 175 1269 217 detestabilem
1308 178 1442 218 civem

104 235 166 276 rei
191 234 387 289 publicae
412 236 561 275 natum
587 232 738 274 iudico.
793 232 906 274 Nam
934 234 1035 288 quid
1061 248 1140 290 ego
1168 235 1217 277 de
1243 236 1438 289 proximo
1454 244 1474 274 2

105 293 261 347 dicam,
311 293 430 335 cuius
474 295 570 334 acta
613 291 894 346 defendimus,
945 295 1133 335 actorem
1171 293 1313 348 ipsum
1350 294 1441 335 iure

106 367 277 394 caesum
320 351 536 394 fatemur?
602 349 723 392 Nihil
767 350 902 405 igitur
944 351 1025 393 hoc
1063 352 1171 407 cive,
1213 352 1323 394 nihil
1360 353 1441 395 hoc

69 419 85 446 ⁵
104 411 276 453 homine
308 411 506 464 taetrius,
539 410 574 452 si
607 412 681 451 aut
713 409 816 450 civis
849 412 923 451 aut
953 409 1082 452 homo
1113 410 1335 453 habendus
1367 414 1443 466 est,

105 470 178 525 qui
210 469 333 512 civile
366 470 525 511 bellum
553 467 826 521 concupiscit.
879 467 960 510 Sed
985 469 1067 511 hoc
1092 470 1277 524 primum
1302 470 1443 512 viden·

104 529 205 570 dum
237 531 320 582 est,
357 531 502 582 patres
535 527 783 580 conscripti,
822 541 917 569 cum
950 528 1202 570 omnibusne
1234 544 1318 583 pax
1349 543 1441 572 esse

103 587 254 642 possit,
280 602 334 629 an
361 588 417 628 sit
444 587 614 641 aliquod
642 587 801 628 bellum
827 586 1098 641 inexpiabile,
1123 587 1165 628 in
1194 602 1277 642 quo
1298 588 1440 642 pactio

103 646 221 701 pacis
259 646 327 688 lex
365 646 422 687 sit
460 645 691 687 servitutis.
756 644 910 686 Pacem
949 660 1044 686 cum
1085 644 1283 700 Scipione
1323 645 1442 688 Sulla

52 711 85 737 ¹0
105 704 193 747 sive
230 704 417 747 faciebat
455 705 542 746 sive
581 704 830 757 simulabat,
867 718 951 745 non
991 707 1081 745 erat
1120 705 1442 760 desperandum,

105 764 140 806 si
179 764 466 818 convenisset,
502 763 594 805 fore
628 763 810 817 aliquem
845 763 1115 805 tolerabilem
1149 766 1311 805 statum
1344 764 1441 806 civi-

104 823 220 864 tatis.
282 821 418 865 Cinna
456 822 492 864 si
531 822 801 864 concordiam
841 835 936 863 cum
970 821 1149 863 Octavio
1189 823 1440 864 confirmare

103 881 329 936 voluisset,
371 881 595 923 hominum
638 880 682 921 in
726 895 770 921 re
809 880 981 934 publica
1019 881 1180 922 sanitas
1222 896 1440 923 remanere

103 940 329 995 potuisset.
391 939 593 982 Proximo
626 939 740 980 bello
774 939 810 980 si
842 939 1003 993 aliquid
1035 939 1084 981 de
1111 954 1278 981 summa
1303 940 1441 996 gravi-

0 1015 1 1026 *
52 1005 84 1030 1⁵
105 1002 194 1040 tate
215 998 457 1053 Pompeius,
483 999 667 1040 multum
688 998 737 1039 de
759 998 991 1052 cupiditate
1014 997 1172 1040 Caesar
1191 999 1440 1054 remisisset,

105 1061 148 1099 et
190 1072 340 1112 pacem
385 1057 585 1099 stabilem
624 1059 666 1098 et
705 1056 892 1110 aliquam
930 1071 1020 1098 rem
1057 1057 1278 1111 publicam
1313 1057 1439 1100 nobis

103 1116 261 1158 habere
298 1116 502 1158 licuisset.
563 1115 656 1157 Hoc
695 1129 795 1156 vero
835 1115 935 1170 quid
973 1116 1066 1156 est‘?
1106 1130 1202 1157 cum
1236 1116 1480 1158 Antoniis2

106 1189 187 1229 pax
217 1177 363 1229 potest
395 1189 505 1229 esse,
544 1189 639 1216 cum
672 1173 924 1228 Censorino,
957 1173 1178 1229 Ventidio,
1210 1174 1438 1230 Trebellio,

103 1233 268 1287 Bestia,
312 1233 498 1286 Nucula,
535 1232 748 1286 Munatio,
785 1232 994 1286 Lentone,
1034 1231 1173 1274 Saxa?
1240 1234 1440 1288 Exempli

51 1299 84 1324 20
105 1307 231 1334 causa
262 1307 420 1346 paucos
452 1292 686 1346 nominavi3
718 1305 852 1347 genus
883 1290 1099 1332 infinitum
1124 1292 1440 1334 inmanitatem-

104 1365 183 1406 que
226 1351 310 1405 ipsi
354 1351 527 1392 cernitis
571 1351 844 1404 reliquorum.
906 1349 1063 1391 Addite
1101 1350 1177 1391 illa
1213 1351 1471 1407 naufragia3

104 1409 298 1451 Caesaris
338 1410 590 1463 amicorum,
627 1409 792 1450 Barbas
831 1407 1021 1463 Cassios,
1058 1409 1306 1464 Barbatios,
1343 1409 1438 1452 Pol-

103 1467 257 1522 liones3
301 1468 441 1509 addite
478 1467 642 1510 Antoni
687 1468 930 1510 conlusores
969 1470 1012 1509 et
1056 1468 1240 1522 sodales,
1285 1468 1436 1511 Eutra-

104 1526 259 1580 pelum,
279 1525 448 1580 Melam,
468 1526 683 1580 Pontium,
703 1526 907 1580 Coelium,
929 1525 1199 1580 Crassicium,
1225 1527 1437 1582 Tironem,

52 1591 84 1617 25
103 1584 352 1637 Mustelam,
389 1584 629 1628 Petusium:
668 1561 921 1626 comitatum
958 1585 1170 1639 relinquo,
1208 1585 1334 1627 duces
1365 1601 1438 1628 no—

105 1643 234 1685 mino.
283 1642 379 1684 Η110
405 1643 610 1684 accedunt
635 1643 826 1683 Alaudae
853 1644 1066 1697 ceterique
1086 1644 1290 1697 veterani,
1316 1644 1438 1685 semi

101 1702 272 1749 narium
309 1701 498 1742 iudicum
535 1701 728 1742 decuriae
765 1701 937 1754 tertiae,
977 1701 1049 1755 qui
1089 1701 1176 1743 suis
1213 1702 1340 1743 rebus
1373 1717 1439 1744 ex-

103 1759 288 1813 haustis,
320 1759 536 1801 beneficiis
569 1759 763 1801 Caesaris
796 1759 1008 1801 devoratis
1040 1759 1236 1802 fortunas
1265 1763 1437 1803 nostras

105 1818 449 1873 concupiverunt.
518 1816 552 1859 O
598 1818 727 1858 fidam
766 1818 983 1859 dexteram
1020 1818 1200 1873 Antoni,
1245 1833 1328 1873 qua
1364 1820 1473 1864 ille4

51 1885 86 1910 80
104 1877 312 1931 plurimos
334 1876 437 1918 civis
458 1876 700 1929 trucidavit,
722 1891 744 1917 0
765 1879 907 1917 ratum
926 1877 1262 1932 religiosumque
1276 1877 1438 1933 foedus,

105 1935 217 1990 quod
248 1950 345 1977 cum
371 1934 573 1976 Antoniis
604 1935 847 1976 fecerimus!
898 1934 993 1977 Hoc
1020 1935 1056 1977 si
1081 1935 1251 1977 Marcus
1277 1937 1438 1979 violare

104 1993 346 2047 conabitur,
396 1992 502 2035 Luci
546 2008 642 2034 eum
683 1993 892 2034 sanctitas
938 2008 962 2034 a
1006 1994 1162 2035 scelere
1206 1995 1436 2037 revocabit.

104 2051 196 2093 11113
235 2052 354 2094 106113
386 2051 423 2093 31
453 2051 498 2092 in
528 2051 608 2093 hac
638 2052 742 2093 urbe
774 2051 922 2106 fuerit,
958 2052 1043 2106 ipsi
1072 2052 1169 2094 urbi
1199 2053 1318 2095 locus
1350 2068 1438 2095 non

104 2111 196 2152 erit.
253 2109 340 2152 Ora
364 2110 486 2151 vobis
514 2124 661 2151 eorum
691 2110 838 2164 ponite
871 2113 969 2152 ante
995 2111 1153 2165 oculos,
1185 2114 1228 2153 et
1253 2113 1435 2154 maxime

50 2177 83 2203 8⁵
103 2168 408 2222 Antoniorum,
452 2169 681 2223 incessum,
727 2172 965 2222 aspectum,
1002 2170 1187 2223 vultum,
1225 2170 1435 2225 spiritum,

103 2227 240 2268 latera
294 2227 480 2282 tegentis
536 2227 661 2281 alios,
717 2227 823 2268 alios
878 2228 1215 2282 praegredientis
1264 2229 1436 2272 amicos.

105 2284 240 2334 Quem
272 2285 360 2327 vini
392 2285 646 2339 anhelitum,
680 2300 784 2338 quas
818 2286 1097 2327 contumelias
1129 2286 1220 2328 fore
1252 2289 1434 2330 censetis
