1671 2543
178 208 202 249 7

161 267 230 298 15·

162 973 204 1004 16

163 1671 205 1701 17

166 2255 209 2285 18

218 101 273 142 88
588 98 680 134 PRo
706 99 754 135 M.
781 98 950 133 CAELIO
978 97 1167 134 ORATIO.

303 207 452 262 ltaque
501 221 526 248 a
573 205 811 248 maledictis
858 206 1088 260 pudicitiae
1138 205 1191 246 ad
1234 203 1538 247 coniurationis

218 266 422 308 invidiam
465 266 601 307 oratio
640 267 704 305 est
740 267 892 306 vestra
917 265 1100 318 delapsa.
1165 263 1377 305 Posuistis
1414 263 1538 317 enim,

218 327 344 379 atque
381 324 425 365 id
461 327 604 365 tamen
638 322 875 364 titubanter
911 325 953 364 et
989 322 1190 375 strictim,
1234 322 1539 364 coniurationis

217 384 330 425 hunc
371 385 545 437 propter
589 381 821 422 amicitiam
858 380 1066 423 Catilinae
1104 380 1355 435 participem
1391 380 1540 434 fuisse3

218 442 264 483 in
294 455 376 495 quo
400 455 487 482 non
511 440 637 481 modo
664 440 823 481 crimen
845 453 932 481 non
955 439 1169 493 haerebat,
1201 439 1273 480 scd
1297 439 1368 480 vix
1392 438 1540 480 diserti
1576 448 1592 475 '2

220 499 501 541 adulescentis
528 498 782 540 cohaerebat
808 498 956 539 oratio.
1007 497 1089 547 Qui
1114 497 1227 539 enim
1251 499 1397 539 tantus
1421 497 1540 539 furor

217 558 263 599 in
301 557 462 610 Caelio,
506 557 617 611 quod
659 559 827 598 tantum
870 559 943 597 aut
983 556 1029 598 in
1070 556 1262 598 moribus
1303 559 1540 610 naturaque

218 616 369 658 volnus
407 618 481 656 aut
516 616 561 656 in
597 629 641 655 re
680 618 805 669 atque
842 614 1043 656 fortuna?
1078 615 1154 656 ubi
1191 615 1369 669 denique
1401 617 1467 656 est
1495 615 1541 655 in

217 675 302 716 ista
326 674 565 728 suspicione
592 672 708 715 Caeli
733 687 888 714 nomen
914 673 1133 714 auditum?
1187 672 1380 714 Nimium
1405 673 1542 714 multa

219 733 268 774 de
312 747 356 774 re
398 733 570 773 minime
615 731 743 772 dubia
778 731 947 786 loquor3
989 731 1071 773 hoc
1107 734 1251 772 tamen
1286 731 1398 773 dico:
1440 730 1541 773 Non
1560 739 1594 765 10

218 791 343 832 modo
383 791 418 832 si
456 790 595 831 socius
633 790 956 843 coniurationis,
994 789 1066 831 sed
1101 790 1186 831 nisi
1221 789 1540 831 inimicissimus

218 850 342 891 istius
386 849 557 891 sceleris
598 847 767 903 fuisset,
808 862 1039 903 numquam
1084 848 1387 889 coniurationis
1425 862 1542 889 accu-

219 908 382 949 satione
420 907 750 948 adulescentiam
787 920 908 948 suam
944 907 1217 961 potissimum
1249 905 1541 948 commendare

219 966 434 1007 voluisset.
498 965 619 1014 Quod
655 965 768 1006 haud
805 965 893 1007 scio
932 979 986 1006 an
1023 965 1072 1005 de
1110 965 1274 1006 ambitu
1311 967 1354 1006 et
1385 965 1434 1006 de
1466 965 1542 1006 cri-

218 1025 404 1066 minibus
441 1024 536 1065 istis
573 1023 783 1065 sodalium
814 1038 862 1064 ac
893 1023 1192 1078 sequestrium,
1229 1023 1430 1077 quoniam
1458 1023 1542 1064 huc
1561 1031 1594 1057 15

218 1083 359 1136 incidi,
385 1082 582 1123 similiter
607 1082 944 1136 respondendum
968 1085 1124 1147 putem.
1167 1081 1412 1136 Numquam
1431 1082 1543 1123 enim

218 1143 307 1182 tam
339 1140 508 1183 Caelius
540 1154 684 1181 amens
715 1139 879 1193 fuisset,
910 1142 969 1193 ut,
1001 1140 1038 1181 si
1069 1154 1113 1181 se
1144 1140 1228 1181 isto
1260 1140 1426 1181 infinito
1460 1154 1543 1181 am-

218 1199 312 1240 bitu
337 1198 698 1251 commaculasset,
730 1198 914 1239 ambitus
942 1198 1124 1239 alterum
1150 1201 1378 1251 accusaret,
1407 1213 1543 1253 neque

220 1258 310 1298 eius
340 1257 444 1298 facti
475 1256 520 1297 in
550 1256 683 1297 altero
716 1256 1001 1310 suspicionem
1033 1258 1269 1311 quaereret,
1302 1257 1420 1298 cuius
1450 1257 1541 1310 ipse

219 1315 302 1357 sibi
333 1317 581 1369 perpetuam
620 1314 839 1355 licentiam
883 1317 1070 1368 optaret,
1111 1329 1206 1369 nec,
1237 1315 1274 1356 si
1299 1314 1382 1356 sibi
1412 1315 1542 1356 semel
1562 1323 1596 1348 2⁰

219 1373 455 1427 periculum
492 1372 677 1413 ambitus
716 1373 980 1414 subeundum
1015 1375 1202 1427 putaret,
1238 1373 1328 1427 ipse
1361 1373 1543 1414 alterum

219 1433 376 1473 iterum
407 1431 592 1471 ambitus
625 1431 799 1472 crimine
831 1434 1073 1472 arcesseret.
1134 1430 1255 1480 Quod
1287 1445 1543 1485 quamquam

219 1504 296 1531 nec
328 1489 541 1543 sapienter
572 1491 615 1529 et
645 1503 711 1529 me
743 1489 878 1530 invito
910 1489 1024 1541 facit,
1055 1491 1198 1530 tamen
1223 1492 1289 1530 est
1313 1489 1403 1530 eius
1428 1490 1544 1530 modi

223 1547 448 1601 [cupidus],
472 1549 521 1587 ut
539 1547 677 1601 magis
696 1547 895 1588 insectari
915 1547 1091 1588 alterius
1110 1548 1397 1589 innocentiam
1416 1561 1543 1602 quam

220 1606 270 1647 de
302 1619 345 1646 se
377 1605 524 1646 timide
556 1606 744 1659 cogitare
775 1606 979 1646 videatur.
1561 1614 1595 1640 25

307 1663 420 1704 Nam
463 1663 575 1718 quod
619 1677 689 1704 aes
734 1663 919 1705 alienum
962 1664 1175 1706 obiectum
1218 1666 1299 1718 est,
1348 1666 1542 1718 sumptus

220 1721 482 1776 reprehensi,
530 1721 701 1762 tabulae
750 1722 985 1777 flagitatae,
1034 1722 1190 1776 videte,
1241 1737 1367 1777 quam
1408 1737 1544 1777 pauca

220 1780 508 1833 respondeam.
581 1779 783 1834 Tabulas,
832 1781 904 1834 qui
947 1781 992 1821 in
1034 1781 1168 1835 patris
1211 1783 1423 1835 potestate
1466 1783 1543 1832 est,

219 1838 359 1879 nullas
410 1838 591 1879 conficit.
664 1838 895 1880 Versuram
943 1853 1174 1893 numquam
1223 1839 1394 1880 omnino
1441 1838 1543 1880 fecit

220 1897 365 1937 ullam.
428 1894 631 1949 Sumptus
669 1897 795 1937 unius
832 1897 999 1952 generis
1038 1898 1230 1939 obiectus
1261 1900 1344 1951 est,
1380 1897 1543 1938 habita·
1561 1906 1596 1931 30

221 1955 369 2008 tionis3
406 1954 587 2008 trigmta
623 1955 796 1996 milibus
828 1955 994 1997 dixistis
1027 1970 1122 1996 eum
1152 1955 1358 1996 habitare.
1418 1954 1544 1996 Nunc

222 2013 389 2053 demum
419 2012 622 2066 intellego
649 2012 694 2053 P.
721 2012 842 2054 Clodi
867 2014 1050 2055 insulam
1076 2027 1166 2055 esse
1191 2013 1393 2065 venalem,
1425 2013 1542 2054 cuius

221 2070 290 2111 hic
327 2071 371 2111 in
409 2071 610 2111 aediculis
651 2070 820 2112 habitat
861 2072 1021 2125 decem,
1068 2074 1118 2112 ut
1154 2071 1321 2125 opinor,
1358 2071 1531 2111 milibus

221 2127 310 2169 Vos
354 2131 495 2169 autem
532 2129 632 2170 dum
668 2129 733 2169 illi
768 2129 935 2183 placere
971 2130 1117 2182 voltis,
1160 2129 1212 2170 ad
1249 2131 1415 2182 tempus
1452 2129 1542 2169 eius

222 2186 488 2227 mendacium
518 2189 707 2228 vestrum
738 2188 1146 2229 accommodavistis.
1561 2197 1594 2222 35

310 2242 677 2298 Reprehendistis,
721 2259 745 2285 a
786 2248 908 2298 patre
953 2246 1064 2299 quod
1107 2244 1358 2298 semigrarit.
1421 2243 1542 2293 Quod

225 2301 393 2353 quidem
435 2301 520 2342 iam
562 2302 607 2343 in
648 2303 728 2344 hac
758 2306 908 2344 vaetate
945 2304 1118 2344 minime
1155 2301 1542 2356 reprehendendum
