1671 2543
581 115 682 150 CAP.
713 119 742 158 1,
769 119 788 149 2
816 118 834 156 5
863 119 963 149 1-3,
1359 116 1445 156 459

98 223 309 266 Ianuariis
349 223 398 265 de
437 238 482 265 re
519 222 694 278 publica
724 222 912 276 primum
944 221 1152 264 referendi
1186 222 1268 264 fuit
1300 237 1352 263 ex
1383 237 1444 276 eo,

100 283 214 338 quod
240 281 349 324 XIII
376 281 592 323 Kalendas
619 280 708 322 Ian.
741 284 915 322 senatus
948 295 1015 323 me
1042 283 1217 323 auctore
1244 281 1443 322 decrevit.

99 341 164 383 Eo
203 341 268 383 die
303 341 508 396 primum,
547 339 756 394 Quirites,
794 339 1074 381 fundamenta
1106 342 1206 382 sunt
1237 340 1352 382 iacta
1382 341 1477 381 1·61“2

99 400 315 455 publicae3
346 399 429 441 fuit
461 399 575 441 enim
605 399 736 454 longo
769 398 996 440 intervallo
1029 399 1091 440 ita
1121 399 1232 440 liber
1257 400 1443 453 senatus,

64 474 81 501 ⁶
99 463 149 500 ut
180 472 256 501 vos
288 458 518 513 aliquando
544 457 669 499 liberi
696 458 861 499 essetis.
920 457 1013 506 Quo
1041 457 1213 512 quidem
1238 460 1443 512 tempore,

100 517 271 559 etiamsi
320 517 393 559 ille
437 517 526 559 dies
570 516 684 558 vitae
728 516 857 558 finem
901 516 1008 557 mihi
1053 517 1274 558 adlaturus
1319 518 1444 571 esset,

100 577 205 618 satis
250 590 455 632 magnum
498 589 693 630 ceperam
737 574 944 629 fructum,
995 590 1092 617 cum
1135 589 1211 616 vos
1254 574 1440 617 universi

99 650 185 677 una
216 638 357 677 mente
391 637 517 689 atque
550 649 651 676 voce
683 634 842 675 iterum
875 648 899 675 a
931 648 997 675 me
1027 636 1325 675 conservatam
1351 647 1443 675 esse

101 709 191 735 rem
222 693 442 748 publicam
474 693 788 735 conclamastis.
845 692 939 734 Hoc
966 695 1110 734 vestro
1135 692 1293 734 iudicio
1320 695 1443 734 tanto

48 769 82 795 ιο
101 755 275 807 tamque
303 752 524 807 praeclaro
552 752 764 793 excitatus
790 752 851 793 ita
877 751 1082 793 Kalendis
1109 750 1322 792 Ianuariis
1347 750 1444 792 veni

99 812 146 853 in
165 814 374 864 senatum,
399 813 448 852 ut
468 810 771 864 meminissem,
798 825 927 864 quam
946 824 1174 864 personam
1193 810 1444 864 impositam

101 885 126 912 a
156 870 279 912 vobis
312 870 581 911 sustinerem.
637 869 789 923 Itaque
822 869 984 911 bellum
1015 869 1228 910 nefarium
1258 869 1444 910 inlatum

100 929 162 971 rei
194 928 392 983 publicae
425 943 521 970 cum
553 928 752 982 vider,em
783 928 947 969 nullam
979 942 1144 969 moram
1172 928 1445 982 interponen-

100 987 199 1030 dam
248 987 501 1041 insequendi
550 986 608 1028 M.
653 987 894 1028 Antonium
942 987 1091 1041 putavi
1140 986 1444 1052 hominemque

49 1061 82 1088 15
103 1046 449 1099 audacissimum,
482 1045 555 1100 qui
587 1045 736 1087 multis
768 1045 944 1087 nefariis
971 1045 1097 1087 rebus
1124 1048 1223 1086 ante
1250 1045 1445 1087 commis-

101 1105 160 1147 sis
203 1105 286 1147 1100
330 1080 522 1158 temp⁷ore
563 1104 868 1158 imperatorem
905 1104 1053 1158 populi
1091 1103 1277 1145 Romani
1315 1118 1445 1158 oppu-

101 1166 271 1220 gnaret,
310 1163 523 1205 coloniam
561 1166 750 1204 vestram
787 1163 1038 1204 fidissimam
1075 1162 1444 1216 fortissimamque

102 1222 336 1276 obsideret,
366 1222 480 1263 bello
513 1222 659 1263 censui
690 1222 1049 1286 persequendum3
1084 1221 1320 1262 tumultum
1352 1235 1445 1262 esse

103 1281 286 1336 lecrevi3
322 1255 540 1322 iustitium
573 1280 696 1334 edici,
735 1294 840 1336 saga
872 1280 982 1321 sumi
1014 1280 1101 1321 dixi
1131 1280 1318 1334 placere,
1361 1294 1444 1334 quo

49 1357 82 1382 20
102 1354 250 1382 omnes
288 1339 426 1381 acrius
465 1339 722 1395 graviusque
760 1339 1056 1380 1110111111)616111
1095 1339 1147 1379 ad
1178 1338 1444 1380 ulciscendas

102 1398 164 1441 rei
206 1398 403 1453 publicae
447 1397 645 1452 iniurias,
695 1398 731 1439 si
764 1398 908 1439 omnia
951 1397 1196 1453 gravissimi
1238 1397 1344 1439 belli
1386 1397 1446 1438 in—

104 1457 243 1512 signia
280 1459 480 1511 suscepta
517 1471 542 1497 a
579 1459 730 1498 senatu
765 1457 969 1498 viderent.
1030 1455 1183 1510 Itaque
1214 1455 1322 1498 haec
1354 1470 1445 1497 sen·
1459 1470 1479 1500 3

103 1515 252 1568 tentia,
284 1514 484 1569 Quirites,
517 1515 578 1557 sic
604 1530 680 1570 per
705 1515 896 1556 triduum
921 1515 1069 1569 valuit,
1095 1517 1154 1567 ut,
1185 1529 1446 1568 quamquam

104 1573 308 1616 discessio
337 1572 453 1615 facta
477 1588 565 1614 non
589 1576 715 1628 esset,
747 1576 892 1615 tamen
916 1575 1085 1628 praeter
1110 1587 1270 1627 paucos
1298 1587 1445 1614 omnes

50 1648 84 1675 25
104 1632 211 1674 mihi
249 1631 470 1673 adsensuri
507 1631 762 1673 viderentur.
823 1631 1041 1673 Hodierno
1082 1633 1226 1672 autem
1263 1630 1330 1673 die
1371 1646 1446 1686 spe

103 1691 246 1732 nescio
280 1705 364 1745 qua
394 1690 512 1744 pacis
539 1690 709 1732 obiecta
734 1690 954 1731 remissior
980 1692 1153 1731 senatus
1179 1688 1275 1730 fuit.
1331 1689 1446 1730 Nam

103 1750 247 1804 plures
280 1763 374 1790 eam
406 1748 664 1790 sententiam
696 1748 833 1790 secuti
858 1751 970 1798 sunt,
1001 1750 1061 1802 ut,
1094 1750 1303 1802 quantum
1329 1762 1447 1789 sena—

104 1811 176 1850 tus
225 1808 461 1850 auctoritas
507 1809 731 1860 vesterque
775 1820 1006 1848 consensus
1051 1806 1162 1860 apud
1205 1806 1446 1848 Antonium

104 1867 316 1908 valiturus
348 1868 479 1918 esset,
511 1880 586 1919 per
616 1865 784 1920 legatos
817 1865 1116 1919 experiremur.

53 1942 87 1967 30
195 1924 420 1979 Intellego,
454 1923 656 1989 Quirites,
688 1938 713 1964 a
742 1924 865 1965 vobis
896 1924 1007 1965 hanc
1040 1923 1299 1965 sententiam
1325 1924 1487 1978 repu-2

106 1983 231 2037 diari,
279 1997 415 2036 neque
466 1982 631 2023 iniuria.
704 1981 772 2023 Ad
819 1996 944 2036 quem
994 1982 1108 2024 enim
1149 1982 1349 2037 legatos?
1393 1982 1447 2024 ad

106 2017 269 2095 eumiie,
302 2041 375 2095 qui
400 2040 579 2095 pecunia
600 2040 778 2106 publica
803 2041 1013 2106 dissipata
1038 2043 1166 2094 atque
1194 2040 1338 2094 effusa,
1369 2055 1447 2095 per

106 2100 194 2141 vim
231 2102 273 2141 61
305 2101 456 2141 contra
488 2099 676 2153 auspicia
711 2099 911 2154 inpositis
944 2099 1005 2140 rei
1036 2099 1232 2153 publicae
1264 2099 1446 2154 legibus,

107 2158 258 2214 fugata
291 2158 501 2207 contione,
534 2158 709 2199 obsesso
743 2160 895 2199 senatu
924 2158 977 2198 ad
1003 2157 1328 2211 opprimendam
1354 2172 1446 2199 rem

54 2234 87 2260 35
106 2217 324 2271 publicam
349 2215 579 2257 Brundisio
606 2216 797 2271 legiones
825 2216 1080 2269 accersierit,
1110 2216 1163 2257 ab
1190 2216 1243 2257 iis
1269 2216 1446 2258 relictus

107 2290 204 2317 cum
229 2275 447 2317 latronum
474 2289 602 2315 manu
627 2274 672 2315 in
699 2273 884 2316 Galliam
910 2274 1132 2328 inruperit,
1164 2274 1349 2316 Brutum
1375 2289 1447 2330 op-

106 2337 288 2390 pugnet,
333 2333 546 2374 Mutinam
585 2332 920 2374 circumsedeat‘?
988 2332 1103 2382 Quae
1142 2333 1264 2374 vobis
1301 2336 1446 2387 potest
