1671 2543
556 85 658 122 CAP.
685 91 823 122 53—56
851 91 870 130 ξ
899 91 1095 123 114-119,
1440 89 1495 130 51

154 194 240 250 cipi
277 195 368 236 eius
406 197 450 236 et
483 194 545 236 rei
575 195 773 249 publicae
806 195 1019 237 defensori
1051 196 1195 237 sedem
1228 196 1279 237 ad
1311 196 1496 238 salutem

153 254 436 309 praebuisset.
1542 297 1560 310 μ

245 311 338 362 Quo
379 312 550 367 quidem
580 315 773 367 tempore
806 313 908 367 quid
938 313 1123 368 populus
1155 313 1376 355 Romanus
1405 328 1496 355 sen-
1510 298 1566 340 50

153 371 236 412 tire
269 385 314 413 se
347 371 608 425 ostenderet,
641 374 826 426 utroque
858 372 903 413 in
935 386 1088 427 genere
1121 372 1386 414 declaratum
1418 358 1577 426 est,¹¹⁷

117 446 134 472 5
153 430 341 485 primum
379 444 476 472 cum
513 430 660 471 audito
699 433 873 472 senatus
912 432 1108 473 consulto
1145 431 1207 472 rei
1245 431 1328 485 ipsi
1367 434 1496 486 atque

154 489 323 530 absenti
355 488 524 530 senatui
554 488 731 543 plausus
764 492 829 530 est
858 489 911 531 ab
937 489 1148 532 universis
1176 490 1314 544 datus,
1346 490 1496 531 deinde

154 562 251 590 cum
282 547 555 589 senatoribus
580 547 763 603 singulis
790 551 1033 602 spectatum
1059 564 1080 590 e
1107 551 1259 590 senatu
1285 549 1496 590 redeunti-

152 607 255 661 bus3
286 621 383 648 cum
408 620 509 648 vero
535 606 639 661 ipse,
675 607 748 661 qui
773 607 897 649 ludos
923 607 1122 662 faciebat,
1149 608 1297 649 consul
1324 607 1496 661 assedit,

153 667 319 707 stantes
363 664 402 706 ei
445 665 644 707 manibus
684 666 824 720 passis
864 666 1027 721 gratias
1065 669 1242 722 agentes
1281 668 1324 707 et
1362 666 1496 708 lacru-

100 740 135 765 ιο
152 726 320 767 mantes
347 723 503 779 gaudio
530 737 652 766 suam
678 738 781 779 erga
805 738 873 765 me
900 725 1234 766 benivolentiam
1260 739 1308 767 ac
1334 725 1496 766 miseri-

153 783 344 825 cordiam
375 783 659 824 declararunt.
719 784 782 824 At
813 798 909 825 cum
935 784 1008 824 ille
1033 783 1289 825 furibundus
1315 784 1497 825 incitata

152 842 229 883 illa
262 855 340 883 sua
370 841 568 883 vaecordi
598 844 742 883 mente
773 842 980 896 venisset,
1017 843 1088 883 vix
1120 856 1165 884 se
1196 843 1382 897 populus
1413 842 1496 884 Ro-

152 915 305 943 manus
329 900 483 954 tenuit,
511 899 583 941 vix
606 900 803 942 homines
830 901 974 942 odium
999 915 1125 942 suum
1151 915 1176 941 a
1202 915 1379 956 corpore
1406 901 1496 942 eius

152 960 306 1013 inpuro
346 962 475 1013 atque
513 957 688 1000 infando
725 962 1039 1014 represserunt3
1076 974 1203 1001 voces
1242 960 1415 1014 quidem
1453 962 1496 1000 et

99 1033 136 1059 15*
151 1019 395 1072 palmarum
426 1017 619 1058 intentus
651 1020 694 1058 et
725 1017 1052 1059 maledictorum
1085 1018 1316 1060 clamorem
1349 1032 1495 1060 omnes

151 1076 447 1131 profuderunt.
515 1074 598 1117 Sed
639 1076 740 1130 quid
778 1090 858 1131 ego
895 1077 1045 1130 populi
1082 1076 1268 1118 Romani
1307 1077 1496 1118 animum
1513 1089 1577 1120 118

151 1135 441 1189 virtutemque
481 1148 768 1177 commemoro
806 1135 1056 1176 libertatem
1092 1135 1179 1176 iam
1212 1150 1262 1176 ex
1294 1135 1498 1176 diuturna

152 1194 360 1236 servitute
399 1193 666 1247 dispicientis
702 1193 748 1234 in
786 1208 835 1235 eo
873 1193 1064 1248 homine,
1104 1194 1171 1235 cui
1204 1196 1297 1235 tum
1329 1194 1496 1248 petenti

151 1253 238 1294 iam
276 1252 542 1294 aedilitatem
577 1266 630 1293 ne
667 1251 901 1294 histriones
941 1253 1112 1306 quidem
1152 1266 1295 1294 coram
1330 1252 1496 1294 sedenti

98 1327 132 1351 20
151 1311 466 1366 pepercerunt?
533 1309 647 1352 Nam
686 1325 783 1353 cum
815 1314 1016 1366 ageretur
1048 1314 1201 1367 togata
1233 1310 1496 1365 “Simulans’,

150 1372 200 1411 ut
233 1370 397 1424 opinor,
433 1371 604 1411 caterva
635 1372 730 1411 tota
763 1370 1002 1411 clarissima
1034 1369 1314 1412 concentione
1345 1370 1391 1411 in
1423 1384 1494 1412 ore

150 1429 294 1483 inpuri
324 1428 514 1470 hominis
545 1428 758 1470 inminens
791 1428 1042 1470 contionata
1074 1432 1158 1470 est:

297 1510 329 1564 †
352 1510 470 1552 huic
495 1510 594 1552 tite
621 1513 708 1552 tua
732 1510 1119 1565 postprincipia
1145 1513 1297 1565 atque
1327 1510 1496 1552 exitus

210 1568 447 1610 Vitiosae
480 1569 629 1610 vitae.

98 1677 132 1703 25
154 1661 340 1704 Sedebat
378 1662 663 1716 exanimatus,
701 1665 745 1704 et
781 1663 836 1716 is,
875 1663 948 1717 qui
983 1666 1110 1704 antea
1143 1666 1368 1705 cantorum
1401 1678 1495 1705 con-

151 1721 262 1762 vicio
297 1720 518 1761 contiones
551 1720 765 1762 celebrare
795 1735 894 1762 suas
920 1721 1101 1775 solebat,
1134 1724 1359 1763 cantorum
1384 1722 1495 1776 ipso-

151 1793 248 1821 rum
273 1778 451 1820 vocibus
478 1778 722 1820 eiciebatur.
783 1779 843 1820 Et
871 1780 1073 1833 quoniam
1098 1779 1214 1821 facta
1239 1780 1402 1821 mentio
1431 1783 1496 1821 est

151 1838 367 1891 ludorum,
409 1851 463 1878 ne
502 1837 608 1878 illud
646 1838 817 1891 quidem
855 1838 1217 1892 praetermittam,
1254 1839 1301 1879 in
1337 1852 1497 1893 magna

152 1896 363 1938 varietate
401 1895 713 1937 sententiarum
743 1910 979 1949 numquam
1008 1896 1146 1937 ullum
1176 1896 1309 1938 fuisse
1340 1897 1495 1950 locum,

99 1955 198 1996 eoin
248 1968 332 2008 quo
383 1954 546 2008 aliquid
596 1968 620 1994 a
662 1956 792 2008 po‘e'ta
836 1954 998 1996 dictum
1042 1955 1190 1996 cadere
1234 1956 1280 1996 in
1324 1958 1495 2010 tempus

150 2015 349 2055 nostrum
386 2013 620 2066 videretur,
659 2013 772 2066 quod
811 2015 886 2054 aut
916 2013 1124 2067 populum
1154 2014 1402 2055 universum
1432 2015 1494 2056 fu-

152 2075 274 2127 geret
307 2074 382 2113 aut
411 2086 500 2113 non
531 2070 789 2125 exprimeret
819 2071 912 2126 ipse
939 2075 1069 2114 actor.
1131 2071 1191 2113 Et
1223 2086 1380 2127 quaeso
1412 2073 1494 2115 hoc
1511 2082 1576 2114 119

151 2131 268 2185 loco,
317 2130 496 2184 iudices,
544 2144 598 2171 ne
649 2144 733 2184 qua
781 2130 958 2171 levitate
1008 2145 1075 2171 me
1126 2131 1302 2173 ductum
1351 2132 1404 2173 ad
1434 2133 1495 2173 in-

153 2189 331 2230 solitum
369 2202 503 2245 genus
541 2188 707 2230 dicendi
743 2188 833 2230 labi
870 2189 1051 2243 putetis,
1089 2189 1125 2231 si
1163 2189 1213 2231 de
1247 2190 1406 2245 poetis,
1444 2191 1494 2233 de

99 2263 134 2289 35
152 2247 457 2302 histrionibus,
489 2247 539 2288 de
570 2246 684 2289 ludis
714 2247 760 2288 in
789 2247 947 2289 iudicio
979 2248 1143 2302 loquar.

239 2305 341 2348 Non
366 2320 461 2348 sum
487 2309 577 2347 tam
602 2305 791 2361 ignarus,
821 2306 994 2360 iudices,
1027 2320 1262 2362 causarum,
1293 2322 1381 2350 non
1404 2310 1494 2349 tam
1509 2309 1564 2351 56

1235 2376 1284 2410 4*
