1671 2543
533 95 633 131 CAP.
664 100 799 131 10—12
827 100 846 139 g
872 101 1020 132 26—31.
1366 98 1452 139 427

108 218 306 260 peremus
345 207 420 245 aut
457 206 640 246 mortem
680 205 878 246 servituti
911 207 1239 259 anteponamus!
1302 205 1455 259 Multa,

110 277 217 318 quae
249 264 294 304 in
325 263 462 304 libera
493 262 667 304 civitate
699 263 874 305 ferenda
904 278 990 305 non
1016 267 1171 319 essent,
1203 264 1383 306 tulimus
1411 268 1455 306 et

108 322 300 376 perpessi
333 336 493 375 sumus,
526 321 599 362 alii
632 336 706 376 spe
738 322 922 363 forsitan
953 323 1253 377 reciperandae
1280 324 1454 366 liberta-

109 381 178 434 tis,
211 381 285 422 alii
316 380 485 422 vivendi
516 380 650 421 nimia
683 381 937 435 cupiditate3
969 381 1054 435 sed,
1086 382 1123 423 si
1154 382 1230 423 illa
1261 382 1454 436 tulimus,

71 450 217 494 5quae
254 453 333 481 nos
370 439 605 480 necessitas
643 438 754 480 ferre
793 439 953 495 coegit,
995 454 1102 494 quae
1140 440 1204 482 vis
1244 441 1453 495 quaedam

107 512 241 553 paene
271 497 431 552 fatalis,
464 495 590 552 (quae
623 500 768 540 tamen
800 498 894 552 ipsa
924 513 1012 540 non
1037 497 1234 554 tulimus)
1266 499 1452 541 etiamne

106 557 234 599 huius
278 556 436 611 impuri
473 556 655 598 latronis
692 557 878 599 feremus
917 557 1213 598 taeterrimum
1252 558 1452 600 crudelis-

108 616 349 670 simumque
388 615 685 656 dominatum?
754 615 864 664 Quid
902 615 973 657 hic
1010 615 1158 670 faciet,
1202 616 1238 657 si
1275 617 1450 671 poterit,
1466 593 1523 684 ἐξ

106 675 262 728 iratus,
307 674 380 728 qui
425 689 522 716 cum
560 688 805 715 suscensere
843 674 1003 715 nemini
1041 677 1207 729 posset,
1251 676 1451 717 omnibus

56 744 88 769 ιο
107 733 232 774 bonis
276 732 407 774 fuerit
443 733 673 774 inimicus‘.>
718 733 819 786 quid
856 733 927 774 hic
964 733 1104 774 victor
1139 748 1227 775 non
1263 734 1451 788 audebit,

0 817 1 838 1
108 793 180 846 qui
211 792 376 833 nullam
408 791 586 846 adeptus
619 792 845 833 victoriam
879 794 1001 833 tanta
1034 792 1194 833 scelera
1223 795 1324 846 post
1350 791 1452 834 Cae-

107 851 215 892 saris
253 850 478 892 interitum
515 850 684 903 fecerit,
724 850 928 891 refertam
966 851 1057 891 eius
1097 851 1271 892 domum
1297 851 1451 892 exhau-

107 909 230 963 serit,
267 909 418 950 hortos
457 908 756 962 conpilaverit,
795 909 847 950 ad
886 923 930 950 se
968 923 1018 949 ex
1055 909 1109 950 iis
1149 909 1293 950 omnia
1330 924 1451 951 orna-

107 971 252 1009 menta
301 967 592 1020 transtulerit,
650 967 790 1008 caedis
835 970 878 1008 et
933 967 1228 1008 incendiorum
1278 982 1450 1009 causam

55 1038 87 1062 15
108 1026 340 1081 quaesierit
377 1041 428 1067 ex
468 1025 633 1079 funere,
671 1026 836 1067 duobus
870 1028 944 1066 aut
975 1026 1115 1067 tribus
1149 1028 1322 1067 senatus
1354 1041 1450 1068 con-

106 1086 233 1127 sultis
254 1085 361 1126 bene
388 1087 431 1125 et
456 1099 478 1125 e
504 1099 549 1125 re
575 1084 748 1138 publica
769 1084 895 1126 factis
916 1084 1103 1138 reliquas
1124 1099 1191 1125 res
1213 1085 1264 1125 ad
1284 1085 1450 1126 lucrum

104 1144 392 1198 praedamque
425 1143 708 1196 revocaverit,
739 1143 977 1184 vendiderit
1008 1143 1318 1197 immunitates,
1351 1144 1444 1185 civi-

104 1205 218 1244 tates
255 1202 523 1255 liberaverit,
560 1202 803 1255 provincias
841 1202 1062 1243 universas
1096 1217 1147 1243 ex
1177 1202 1347 1255 imperii
1378 1216 1449 1256 po-

104 1261 196 1316 puli
233 1260 418 1302 Romani
456 1261 546 1302 iure
585 1260 826 1313 sustulerit,
864 1260 1008 1302 exules
1047 1260 1280 1313 reduxerit,
1317 1260 1449 1302 falsas

51 1330 87 1355 20
104 1320 223 1375 leges
256 1318 301 1362 C.
334 1318 530 1362 Caesaris
568 1319 739 1360 nomine
779 1322 822 1360 et
859 1318 971 1360 falsa
1007 1318 1178 1360 decreta
1209 1320 1254 1360 in
1286 1333 1357 1360 aes
1388 1319 1451 1360 'm-

106 1378 284 1420 cidenda
326 1381 370 1420 et
412 1378 458 1419 in
494 1376 711 1432 Capitolio
754 1377 925 1433 figenda
963 1377 1178 1419 curaverit
1219 1392 1452 1432 earumque

105 1451 252 1478 rerum
284 1436 477 1478 omnium
507 1436 792 1478 domesticum
824 1439 1061 1478 mercatum
1093 1436 1345 1490 instituerit,
1377 1451 1451 1490 po-

105 1495 207 1549 pulo
246 1494 442 1536 Romano
486 1494 604 1549 leges
648 1495 920 1549 imposuerit,
964 1494 1095 1535 armis
1141 1497 1184 1536 et
1223 1494 1448 1548 praesidiis

105 1552 312 1607 populum
345 1555 388 1593 et
419 1553 701 1608 magistratus
733 1553 827 1595 foro
861 1553 1107 1605 excluserit,
1145 1555 1343 1594 senatum
1376 1554 1449 1594 sti·
1464 1560 1508 1590 31

53 1621 87 1646 25
107 1611 222 1666 parit
261 1610 458 1664 armatis,
496 1614 686 1652 armatos
724 1612 770 1652 in
802 1611 909 1653 cella
941 1610 1222 1664 Concordiae,
1260 1625 1356 1652 cum
1389 1626 1450 1652 se-

106 1672 258 1711 natum
300 1668 497 1722 haberet,
548 1669 790 1722 incluserit,
840 1668 892 1709 ad
934 1669 1127 1723 legiones
1170 1668 1450 1710 Brundisium

108 1727 362 1780 cucurrerit,
399 1740 449 1767 ex
485 1726 538 1767 iis
572 1727 733 1780 optime
766 1726 992 1767 sentientis
1025 1726 1296 1767 centuriones
1328 1727 1450 1782 iugu—

106 1786 273 1839 laverit,
300 1799 396 1826 cum
423 1784 611 1825 exercitu
638 1784 820 1825 Romam
847 1785 904 1825 sit
930 1784 983 1825 ad
1007 1784 1232 1825 interitum
1251 1787 1448 1826 nostrum

108 1848 151 1885 et
183 1844 235 1885 ad
267 1843 610 1897 dispertitionem
640 1843 759 1883 urbis
791 1843 933 1883 venire
966 1843 1174 1884 conatus?
1230 1842 1375 1896 Atque
1405 1844 1519 1892 is(31)

53 1913 89 1938 30
109 1903 162 1944 ab
194 1902 277 1943 hoc
309 1902 474 1955 impetu
506 1901 750 1942 abstractus
783 1900 963 1942 consilio
996 1903 1039 1941 et
1071 1901 1205 1955 copiis
1239 1900 1449 1955 Caesaris,

109 1974 318 2003 consensu
359 1963 676 2012 veteranorum,
720 1959 880 2000 virtute
924 1959 1143 2014 legionum
1183 1973 1235 2000 ne
1273 1959 1450 2000 fortuna

109 2019 279 2073 quidem
323 2017 485 2059 fractus
529 2018 686 2058 minuit
730 2017 950 2058 audaciam
995 2032 1071 2058 nec
1115 2032 1236 2058 ruere
1276 2017 1448 2059 demens

107 2092 186 2119 nec
217 2077 356 2118 furere
390 2076 558 2117 desinit.
613 2075 664 2116 In
691 2074 876 2116 Galliam
909 2075 1158 2116 mutilatum
1190 2075 1309 2116 ducit
1335 2090 1448 2117 exer-

109 2137 261 2189 citum,
293 2149 389 2176 cum
421 2149 505 2175 una
536 2133 724 2189 legione,
756 2137 799 2174 et
832 2148 878 2174 ea
912 2133 1159 2186 vacillante,
1191 2132 1236 2174 L.
1269 2133 1448 2176 fratrem

56 2204 90 2230 35
110 2196 317 2249 expectat,
351 2207 434 2247 quo
466 2192 679 2233 neminem
708 2192 893 2246 reperire
919 2194 1064 2245 potest
1091 2192 1156 2232 sui
1184 2192 1448 2234 similiorem.

109 2252 188 2293 Ille
215 2255 357 2294 autem
383 2265 433 2292 ex
459 2250 729 2304 myrmillone
756 2250 852 2303 dux,
878 2264 927 2290 ex
954 2249 1192 2304 gladiatore
1213 2250 1449 2304 imperator

111 2325 215 2364 quas
263 2310 402 2351 effecit
452 2312 636 2364 strages,
692 2308 948 2362 ubicumque
998 2308 1145 2362 posuit
1194 2309 1446 2363 vestigium!
