1671 2543
218 110 304 152 468
377 109 428 144 IN
454 109 499 144 Μ.
527 109 782 144 ANTONIUM
810 108 985 145 ORATIO
1012 109 1282 146 PHILIPPICA
1309 110 1386 146 VII.

221 233 341 273 spem
391 218 679 272 virtutemque
735 217 931 259 debilites
981 221 1024 259 et
1074 221 1116 259 te
1167 219 1431 260 consularem
1481 223 1555 261 aut

221 281 476 330 senatorem,
503 277 682 330 denique
708 276 841 318 civem
869 277 1021 330 putes?
1069 277 1264 331 Accipiet
1284 278 1328 319 in
1348 278 1554 332 optimam

221 339 388 389 partem
427 334 470 377 C.
509 334 666 388 Pansa,
703 335 964 376 fortissimus
1003 336 1150 377 consul
1189 339 1317 390 atque
1355 337 1554 391 optimus.

220 395 395 436 Etenim
433 394 571 435 dicam
610 394 751 435 animo
791 394 1069 436 amicissimo:
1109 394 1234 436 Hunc
1271 395 1411 449 ipsum
1450 395 1555 437 mihi

220 454 437 494 hominem
476 453 875 506 familiarissimum,
912 453 994 494 nisi
1029 453 1129 494 talis
1162 454 1308 495 consul
1341 457 1470 507 esset,
1508 458 1555 495 ut
1592 465 1607 490 5

223 512 361 553 omnis
407 512 596 565 vigilias,
647 526 787 564 curas,
838 512 1122 566 cogitationes
1168 512 1211 552 in
1254 513 1316 553 rei
1358 513 1554 567 publicae

188 584 206 609 r.
224 571 360 612 salute
392 571 614 625 defigeret,
652 571 869 611 consulem
899 585 985 611 non
1016 574 1223 625 putarem.
1287 570 1554 626 Quamquam

222 644 299 670 nos
321 630 374 669 ab
395 629 567 670 ineunte
588 629 704 670 illius
725 632 865 670 aetate
885 643 999 683 usus,
1023 629 1296 683 consuetudo,
1316 630 1555 671 studiorum

222 689 354 729 ctiam
385 688 788 729 honestissimorum
814 688 995 729 societas
1017 688 1335 742 similitudoque
1355 689 1555 743 devinxit,

223 747 496 801 eiusdemque
528 762 629 788 cura
653 747 915 788 incredibilis
949 747 990 787 in
1017 747 1263 800 asperrimis
1289 747 1390 788 belli
1417 747 1554 789 civilis
1576 765 1607 788 ιο

222 806 423 860 periculis
449 808 673 860 perspecta
698 805 843 846 docuit
868 820 953 846 non
979 806 1103 847 modo
1131 806 1295 859 salutis,
1327 806 1400 848 sed
1426 806 1555 847 etiam

223 865 448 919 dignitatis
487 879 605 905 meae
643 864 773 905 fuisse
814 865 1041 916 fautorem,
1087 867 1231 905 tamen
1268 865 1464 917 eundem,
1508 867 1556 906 ut

224 924 329 977 dixi,
371 923 455 964 nisi
500 924 599 965 talis
644 926 757 964 esset
789 923 954 975 consul,
1004 937 1158 978 negare
1202 938 1294 964 csse
1339 923 1555 965 consulem

224 983 441 1035 auderem,
483 982 596 1023 idem
638 996 724 1023 non
768 982 892 1023 modo
937 982 1152 1023 consulem
1197 996 1288 1023 esse
1326 982 1438 1035 dico,
1483 982 1554 1023 sed

223 1042 354 1082 etiam
387 1041 594 1082 memoria
625 1055 718 1082 mea
745 1038 1162 1094 praestantissimum
1190 1044 1317 1094 atque
1344 1041 1552 1095 optimum
1575 1056 1606 1081 1⁵

224 1100 460 1153 consulem,
509 1115 594 1141 non
645 1099 748 1153 quin
792 1099 882 1153 pari
929 1100 1087 1141 virtute
1132 1102 1175 1140 et
1218 1099 1437 1140 voluntate
1482 1099 1555 1140 alii

224 1159 400 1211 fuerint,
445 1159 516 1199 sed
555 1161 718 1199 tantam
759 1173 929 1199 causam
970 1173 1055 1199 non
1091 1158 1349 1210 habuerunt,
1393 1158 1437 1199 in
1474 1172 1557 1212 qua

194 1222 268 1258 Yet
311 1218 579 1258 voluntatem
619 1224 738 1258 suam
777 1220 820 1257 ct
858 1217 1061 1258 virtutem
1107 1217 1388 1270 declararent3
1430 1216 1556 1257 huius

226 1276 511 1331 magnitudini
545 1276 686 1327 animi,
719 1276 934 1330 gravitati,
968 1276 1201 1328 sapientiae
1231 1277 1464 1329 tempestas
1491 1277 1556 1315 cst

226 1335 373 1376 oblata
421 1334 813 1375 formidolosissimi
857 1334 1075 1387 temporis.
1153 1334 1261 1374 Tum
1310 1336 1454 1374 autem
1496 1333 1609 1374 iii-20

223 1393 435 1434 lustratur
467 1393 732 1445 consulatus,
765 1407 859 1433 cum
899 1393 1110 1446 gubernat
1147 1407 1235 1433 rem
1274 1391 1487 1445 publicam
1521 1392 1556 1432 si

224 1466 311 1493 non
355 1451 554 1505 optabili,
599 1454 644 1491 at
687 1451 926 1492 necessario
966 1454 1168 1504 tempore.
1235 1449 1375 1505 Magis
1414 1453 1557 1491 autem

223 1510 523 1563 necessarium,
548 1513 692 1564 patres
714 1509 957 1563 conscripti,
978 1509 1142 1550 nullum
1166 1512 1334 1563 tempus
1355 1523 1557 1563 umquam

224 1569 319 1610 fuit.

185 1636 210 1675 3
313 1627 465 1681 Itaque
498 1641 577 1682 ego
611 1627 700 1680 ille,
733 1627 803 1680 qui
838 1641 1003 1680 semper
1035 1627 1151 1680 pacis
1184 1629 1333 1668 auctor
1363 1625 1442 1679 fui,
1475 1626 1557 1667 cui·
1577 1645 1610 1671 2⁵

229 1701 309 1741 que
335 1701 429 1741 pax,
460 1686 713 1740 praesertim
740 1685 890 1738 civilis,
917 1700 1173 1739 quamquam
1201 1685 1397 1726 omnibus
1422 1684 1558 1738 bonis,

225 1749 370 1787 tamen
402 1745 445 1786 in
477 1745 627 1799 primis
653 1744 736 1785 fuit
763 1744 965 1798 optabilis
994 1742 1136 1798 (omne
1162 1744 1274 1784 enim
1301 1743 1559 1785 curriculum

225 1804 460 1846 industriae
486 1806 658 1845 nostrae
686 1804 729 1844 in
755 1803 861 1855 foro,
892 1803 936 1843 in
963 1803 1090 1856 curia,
1122 1802 1164 1843 in
1192 1802 1425 1843 amicorum
1450 1802 1558 1856 peri-

227 1863 334 1905 culis
371 1862 671 1917 propulsandis
711 1862 976 1903 elaboratum
1009 1864 1092 1913 est,
1129 1861 1227 1902 hinc
1258 1861 1442 1902 honores
1475 1874 1558 1901 am-

226 1922 462 1976 plissimos,
504 1921 603 1962 hinc
642 1920 866 1961 mediocris
906 1934 1025 1974 opcs,
1068 1919 1167 1961 hinc
1206 1919 1478 1974 dignitatem,
1521 1919 1558 1960 si
1577 1937 1612 1963 so

192 1990 356 2035 squam
387 1980 607 2033 habemus,
639 1979 855 2020 consecuti
888 1977 1052 2032 sumus)
1090 2001 1136 2006 —
1167 1991 1246 2033 ego
1271 1978 1407 2033 igitur
1430 1977 1559 2032 pacis,

226 2042 275 2080 ut
304 2039 368 2079 ita
398 2038 547 2091 dicam,
579 2038 788 2089 alumnus,
821 2037 893 2091 qui
919 2040 1286 2090 quantuscumque
1313 2050 1407 2077 sum
1434 2034 1558 2089 (nihil

228 2098 340 2138 enim
373 2097 477 2137 mihi
511 2095 702 2151 adrogo),
736 2096 824 2136 sine
857 2110 960 2149 pace
993 2095 1106 2136 civili
1125 2098 1247 2136 certe
1271 2109 1358 2136 non
1382 2093 1558 2135 fuissem

229 2155 482 2209 (periculose
521 2155 634 2209 dieo,
677 2169 802 2208 quem
842 2154 893 2194 ad
932 2154 1104 2194 modum
1142 2152 1375 2207 accepturi,
1414 2154 1558 2205 patres

228 2214 471 2268 conscripti,
504 2213 610 2266 sitis,
640 2213 807 2266 horreo,
839 2212 910 2253 scd
942 2226 1020 2266 pro
1053 2226 1147 2253 mea
1172 2214 1377 2266 perpetua
1401 2209 1558 2263 eupidi—
1578 2227 1611 2252 ³⁵

228 2275 315 2313 tate
348 2276 515 2313 vestrae
547 2272 772 2326 dignitatis
804 2271 1048 2312 retinendae
1080 2273 1123 2311 et
1155 2269 1369 2324 augendae
1402 2282 1558 2321 quaeso

228 2344 387 2384 oroque
420 2345 512 2384 vos,
544 2335 687 2385 patres
721 2329 969 2383 conscripti,
1000 2332 1049 2370 ut
1080 2328 1235 2382 primo,
1267 2326 1349 2367 etsi
1380 2326 1462 2367 erit
1492 2326 1558 2368 vel
