1671 2543
179 64 235 105 14
563 57 658 93 PRO
686 57 724 92 P.
753 54 914 91 SESTIO
942 53 1129 90 ORATIO.

178 169 412 226 imaginem
435 167 691 209 iudiciorum
722 166 797 206 aut
828 162 1103 205 simulacrum
1124 161 1296 216 aliquod
1320 159 1515 201 futurum

178 230 224 271 in
255 229 428 271 civitate
459 226 671 280 reliquom
702 222 966 276 credidisset,
1006 235 1210 275 umquam
1242 233 1369 261 ausus
1402 221 1514 260 esset

180 290 376 330 senatum
412 286 463 327 de
500 299 545 326 re
582 283 755 338 publica
790 281 960 334 tollere,
997 280 1189 334 equitum
1221 278 1514 320 Romanorum

179 360 326 401 preces
371 343 607 399 aspernari,
650 341 807 382 civium
850 339 1029 393 denique
1074 337 1264 380 omnium
1306 336 1428 377 novis
1471 337 1515 376 et

179 403 385 446 inauditis
424 401 573 444 edictis
610 401 676 441 ius
713 399 1043 451 libertatemque
1085 395 1356 451 pervertere?
1551 405 1568 431 ⁵

121 479 165 511 31
268 462 368 504 Etsi
386 475 453 502 me
474 457 774 501 attentissimis
789 456 942 498 animis
958 470 1124 497 summa
1138 470 1235 496 cum
1247 453 1516 508 benignitate

182 521 358 574 auditis,
389 519 569 572 iudices,
599 521 745 558 tamen
775 530 940 568 vereor,
970 529 1023 556 ne
1056 514 1150 569 quis
1181 513 1292 555 forte
1323 514 1514 553 vestrum

182 581 378 633 miretur,
423 578 524 632 quid
566 577 670 617 haec
715 589 810 616 mea
853 573 991 616 oratio
1031 576 1120 614 tam
1157 572 1288 627 longa
1320 573 1394 612 aut
1425 572 1516 611 tam

182 639 268 680 alte
294 637 478 691 repetita
500 635 617 688 velit,
643 636 718 675 aut
744 633 845 687 quid
870 633 922 674 ad
947 632 993 673 P.
1021 630 1134 673 Sesti
1161 644 1332 672 causam
1357 643 1516 683 eorum,

183 697 257 751 qui
295 699 392 736 ante
434 695 561 735 huius
605 693 874 733 tribunatum
910 705 1000 732 rem
1042 689 1259 744 publicam
1296 690 1516 740 vexarunt,
1536 699 1571 724 10

183 755 339 797 delicta
374 753 628 808 pertineant.
687 750 797 792 Mihi
838 752 981 791 autem
1017 749 1099 790 hoc
1136 747 1407 802 propositum
1451 748 1517 787 est

184 813 424 866 ostendere,
463 811 605 853 omnia
637 809 816 851 consilia
846 808 892 850 P.
926 807 1040 849 Sesti
1077 809 1348 860 mentemque
1379 804 1516 846 totius

183 873 428 913 tribunatus
471 870 581 910 lianc
623 868 773 921 fuisse,
813 870 862 908 ut
906 866 1101 907 adflictae
1140 868 1184 907 et
1220 864 1412 918 perditae
1455 863 1517 904 rei

182 930 396 985 publicae,
435 931 643 982 quantum
679 928 844 981 posset,
882 925 1132 966 mederetur.
1193 922 1259 965 Ac
1297 922 1334 964 si
1370 923 1415 963 in
1451 936 1517 963 ex-

182 989 388 1042 ponendis
431 986 678 1028 vulneribus
727 985 814 1025 illis
858 985 908 1025 de
952 998 1019 1024 me
1067 983 1162 1037 ipso
1205 982 1331 1036 plura
1378 980 1517 1022 dicere
1537 992 1570 1018 15

183 1047 370 1100 videbor,
401 1045 672 1101 ignoscitote.
722 1042 837 1084 Nam
863 1045 906 1083 et
937 1043 1057 1083 illam
1082 1056 1221 1082 meam
1253 1040 1417 1082 cladem
1441 1053 1516 1081 vos

185 1108 228 1146 et
254 1119 398 1146 omnes
426 1104 528 1145 boni
553 1103 786 1143 maximum
813 1115 904 1142 esse
931 1101 993 1141 rei
1017 1100 1214 1154 publicae
1234 1099 1388 1140 vulnus
1414 1098 1519 1139 iudi-

185 1164 328 1217 castis,
353 1165 396 1204 et
420 1161 467 1203 P.
496 1160 661 1202 Sestius
689 1163 755 1201 est
777 1174 872 1200 reus
891 1173 978 1200 non
1004 1172 1093 1212 suo,
1119 1157 1191 1200 sed
1211 1171 1304 1198 meo
1330 1156 1519 1210 nomine,

186 1222 260 1275 qui
286 1236 382 1262 cum
408 1234 578 1261 omnem
596 1219 684 1259 vim
711 1218 775 1259 sui
801 1218 1046 1259 tribunatus
1071 1217 1114 1257 in
1140 1230 1234 1257 mea
1259 1215 1396 1256 salute
1423 1229 1518 1256 con-

186 1279 432 1333 sumpserit,
466 1291 637 1319 necesse
670 1279 736 1317 est
773 1290 912 1317 meam
943 1290 1115 1316 causam
1152 1273 1376 1328 praeteriti
1414 1275 1517 1314 tem·
1537 1285 1570 1310 20

185 1338 302 1392 poris
330 1351 425 1378 cum
449 1336 576 1377 huius
602 1335 817 1389 praesenti
846 1333 1089 1375 defensione
1116 1348 1207 1374 esse
1235 1332 1518 1374 coniunctam.

119 1375 173 1416 14
267 1395 376 1436 Erat
406 1395 541 1449 igitur
571 1394 616 1435 in
642 1394 763 1434 luctu
789 1395 981 1445 senatus,
1012 1392 1238 1446 squalebat
1269 1390 1420 1432 civitas
1445 1405 1520 1444 pu-

186 1454 298 1495 blico
332 1453 509 1495 consilio
538 1455 654 1493 veste
680 1454 865 1505 mutata,
894 1451 1060 1492 nullum
1087 1453 1178 1491 erat
1206 1449 1358 1491 Italiae
1384 1449 1519 1490 muni-

188 1513 357 1566 cipium,
387 1511 506 1552 nulla
538 1511 716 1564 colonia,
746 1510 865 1551 nulla
895 1509 1175 1564 praefectura,
1206 1508 1325 1549 nulla
1357 1507 1519 1549 Romae

188 1571 370 1612 societas
402 1569 696 1624 vectigalium,
726 1569 891 1609 nullum
924 1568 1153 1623 collegium
1185 1570 1259 1608 aut
1292 1566 1521 1608 concilium
1539 1583 1573 1609 25

188 1633 263 1669 aut
300 1628 471 1670 omnino
511 1628 683 1681 aliquod
727 1641 948 1668 commune
988 1627 1230 1679 consilium,
1275 1625 1388 1680 quod
1427 1628 1521 1666 tum

186 1702 274 1728 non
296 1685 727 1728 honorificentissime
760 1686 810 1726 de
836 1699 930 1726 mea
956 1685 1092 1726 salute
1119 1684 1393 1725 decrevisset:
1426 1698 1522 1725 cum

188 1746 332 1787 subito
377 1745 549 1787 edicunt
591 1745 673 1785 duo
718 1744 930 1798 consules,
973 1746 1022 1784 ut
1059 1743 1111 1784 ad
1156 1758 1280 1784 suum
1316 1742 1521 1784 vestitum

190 1806 407 1845 senatores
458 1803 658 1844 redirent.
732 1801 836 1851 Quis
880 1817 1084 1856 umquam
1129 1801 1276 1843 consul
1325 1802 1521 1842 senatum

188 1862 322 1916 ipsius
362 1861 541 1903 decretis
573 1875 720 1916 parere
758 1861 1000 1915 prohibuit,
1033 1860 1127 1915 quis
1160 1863 1366 1915 tyrannus
1399 1857 1521 1899 mise·
1540 1876 1575 1902 30

189 1935 259 1961 ros
298 1921 443 1975 lugere
480 1920 648 1961 vetuit?
709 1919 921 1960 Parumne
960 1922 1043 1972 est,
1080 1919 1198 1971 Piso,
1235 1921 1285 1959 ut
1322 1917 1522 1958 omittam

192 1978 438 2032 Gabinium,
483 1979 596 2032 quod
639 1980 808 2019 tantum
851 1978 1045 2019 homines
1083 1976 1296 2030 fefellisti,
1337 1978 1386 2015 ut
1423 1989 1522 2030 neg-

190 2036 353 2090 legeres
392 2037 695 2078 auctoritatem
739 2038 910 2077 senatus
921 2070 931 2090 ,
975 2036 1142 2090 optumi
1180 2035 1382 2087 cuiusque
1428 2048 1522 2075 con-

192 2094 289 2134 silia
321 2098 629 2149 contemneres,
665 2109 756 2135 rem
792 2095 1008 2148 publicam
1045 2094 1263 2149 proderes,
1301 2092 1522 2132 consulare

190 2166 347 2193 nomen
387 2153 640 2207 adfligeres‘?
685 2152 868 2193 etiamne
907 2153 1069 2193 edicere
1107 2151 1277 2204 audeas,
1320 2164 1372 2190 ne
1413 2164 1575 2193 mae-35

192 2213 334 2250 rere-nt
373 2210 567 2252 homines
606 2225 761 2264 meam,
801 2225 939 2264 suam,
976 2211 1037 2252 rei
1074 2209 1267 2264 publicae
1307 2207 1522 2249 calamita-

192 2270 300 2320 tem,
353 2282 406 2308 ne
455 2268 566 2310 hunc
616 2283 739 2310 suum
789 2268 978 2309 dolorem
1028 2270 1145 2310 veste
1201 2266 1522 2321 significarent?
