1671 2543
211 101 299 144 514
390 102 442 137 IN
467 102 516 138 M.
542 101 799 137 ANTONIUM
825 100 1006 136 ORATIO
1032 100 1300 137 PHILIPPICA
1325 102 1387 136 XI.

212 212 360 264 potest
391 210 601 265 refragari
633 224 720 251 non
751 209 877 251 modo
910 224 997 251 non
1027 209 1210 264 petenti,
1247 224 1395 251 verum
1426 210 1556 251 etiam

153 275 195 307 21
213 269 459 311 recusanti?
497 268 581 310 Illa
600 283 714 323 vero,
739 271 884 323 patres
906 268 1151 322 conscripti,
1175 268 1314 310 aliena
1334 269 1558 310 consulum

213 328 437 384 dignitate,
471 328 609 369 aliena
641 330 885 382 temporum
917 327 1130 383 gravitate
1161 327 1375 368 sententia
1400 330 1478 381 est,
1508 330 1558 369 ut

213 387 411 452 0911511165
432 386 684 427 Dolabellae
704 386 987 440 persequendi
1008 401 1136 428 causa
1154 385 1306 428 Asiam
1325 389 1368 427 et
1389 361 1557 441 Syriam

213 446 463 487 sortiantur.
513 444 679 500 Dicam,
711 459 785 486 0111
817 445 969 486 inutile
998 445 1059 486 rei
1086 445 1294 499 publicae,
1327 445 1399 486 sed
1426 445 1558 499 priuS,
1594 463 1611 488 ⁵

214 519 343 559 quam
382 507 506 558 turpe
546 479 793 545 eonsu⁷libus
826 504 900 557 sit,
937 504 1088 545 videte.
1139 503 1247 546 Cum
1273 504 1422 545 consul
1453 504 1559 546 desi-

213 566 371 618 gnatus
399 563 657 617 obsideatur,
684 577 779 604 cum
806 563 850 603 111
876 576 924 604 60
950 562 1170 604 liberando
1198 562 1313 604 salus
1340 563 1397 604 sit
1415 563 1560 617 posita

213 623 274 663 rei
318 622 546 676 publicae,
580 636 673 663 cum
722 636 746 662 a
782 621 942 676 populo
978 620 1175 663 Romano
1213 621 1408 676 pestiferi
1445 622 1558 663 cives

211 680 534 735 parricidaeque
567 680 835 734 desciverint,
867 695 1046 735 cumque
1079 681 1122 722 id
1154 680 1316 722 bellum
1348 694 1559 736 geramus,

213 754 297 794 quo
330 739 444 781 bello
477 739 527 780 de
560 739 790 794 dignitate,
828 739 878 780 de
910 739 1130 794 libertate,
1161 739 1210 780 de
1243 739 1333 780 vita
1364 739 1558 781 decerna·
1578 757 1614 782 ιο

213 813 327 853 111115,
364 798 400 839 51
431 798 476 839 111
507 801 771 852 potestatem
798 798 893 852 quis
925 798 1089 840 Antoni
1121 798 1304 848 venerit,
1334 798 1560 852 proposita

213 857 301 899 sint
338 859 557 898 tormenta
589 859 716 911 atque
750 857 983 911 cruciatus,
1020 871 1199 911 cumque
1231 857 1384 898 harum
1416 871 1559 898 rerum

214 916 407 958 omnium
451 916 685 957 decertatio
724 916 972 957 consulibus
1012 916 1187 970 optimis
1225 919 1269 957 et
1305 915 1558 957 fortissimis

213 975 445 1017 commissa
477 978 520 1016 et
551 975 850 1016 commendata
882 975 950 1028 sit,
981 974 1111 1016 Asiae
1144 978 1187 1016 et
1215 972 1363 1029 Syriae
1395 974 1557 1015 mentio

213 1034 306 1087 fiet,
344 1037 393 1075 ut
432 1037 506 1075 aut
544 1033 779 1088 suspicioni
819 1033 980 1074 crimen
1012 1036 1086 1074 aut
1116 1033 1300 1075 invidiae
1332 1033 1558 1074 materiam
1579 1050 1612 1076 15

154 1098 199 1130 22
214 1093 381 1134 dedisse
411 1092 658 1134 videamur?
708 1091 769 1133 At
795 1106 894 1134 vero
921 1092 984 1133 ita
1010 1093 1253 1146 decernunt,
1286 1091 1350 1133 ‘ut
1374 1092 1558 1134 liberato

212 1150 386 1206 Bruto'3
418 1151 462 1192 id
493 1151 608 1193 enim
639 1151 849 1205 restabat,
881 1154 930 1192 ut
960 1151 1131 1205 relicto,
1163 1151 1343 1205 deserto,
1373 1150 1558 1205 prodito.

212 1210 310 1265 Ego
361 1224 461 1252 vero
512 1210 776 1251 mentionem
820 1210 992 1252 omnino
1037 1209 1355 1264 provinciarum
1397 1208 1558 1251 factam

213 1269 308 1310 dico
360 1269 622 1310 alienissimo
671 1271 876 1322 tempore.
950 1267 1153 1317 Quamvis
1203 1269 1316 1310 enim
1364 1268 1557 1309 intentus

213 1327 382 1369 animus
415 1329 514 1368 tuus
547 1327 621 1379 sit,
654 1326 699 1369 O.
731 1326 883 1380 Pansa,
915 1327 1026 1368 sicut
1058 1330 1135 1380 est,
1168 1327 1219 1367 ad
1245 1327 1385 1367 virum
1416 1325 1558 1368 fortis-
1578 1344 1613 1369 20

214 1385 372 1427 simum
422 1387 464 1426 et
514 1385 704 1426 omnium
749 1385 1035 1427 clarissimum
1078 1385 1364 1438 liberandum,
1413 1387 1559 1426 tamen

213 1458 358 1486 rerum
388 1447 544 1485 natura
576 1444 693 1498 cogit
725 1446 767 1485 te
798 1444 1039 1485 necessario
1072 1443 1230 1485 referre
1263 1444 1453 1484 animum
1485 1443 1558 1485 ali-

215 1503 384 1557 quando
424 1502 476 1544 ad
513 1501 786 1544 Dolabellam
823 1503 1162 1557 persequendum
1200 1505 1243 1543 et
1280 1505 1449 1557 partem
1486 1502 1559 1544 ali·

216 1576 344 1616 quam
369 1561 415 1602 in
434 1561 585 1603 Asiam
608 1564 651 1602 et
672 1559 840 1616 Syriam
860 1561 1050 1602 derivare
1071 1576 1194 1603 curae
1216 1564 1259 1602 et
1279 1560 1557 1616 cogitationis

215 1622 326 1662 tuae.
395 1618 441 1661 Si
486 1623 630 1661 autem
673 1620 766 1661 fieri
809 1623 973 1674 posset,
1017 1620 1084 1661 vel
1128 1620 1272 1674 plures
1310 1623 1353 1661 te
1392 1620 1558 1662 animos
1578 1637 1613 1663 25

213 1678 373 1720 habere
417 1679 588 1733 vellem,
632 1693 739 1733 quos
779 1693 926 1720 omnes
965 1679 1016 1720 ad
1053 1678 1267 1720 Mutinam
1303 1679 1559 1721 intenderes.

217 1736 339 1787 Quod
378 1737 580 1792 quoniam
616 1738 711 1778 fieri
745 1752 832 1779 non
862 1740 1020 1792 potest,
1050 1738 1136 1779 isto
1168 1741 1204 1779 te
1234 1737 1394 1792 animo,
1432 1752 1560 1792 quem

216 1797 351 1838 habes
376 1796 799 1851 praestantissimum
826 1799 954 1850 atque
981 1797 1203 1851 optimum,
1228 1796 1335 1837 nihil
1362 1796 1559 1838 volumus

157 1868 202 1899 23
216 1855 302 1897 nisi
346 1855 396 1896 de
433 1855 570 1896 Bruto
615 1856 818 1910 cogitare.
885 1854 1010 1896 Facis
1055 1858 1104 1896 tu
1140 1855 1183 1896 id
1221 1855 1391 1910 quidem
1428 1858 1472 1896 et
1509 1869 1558 1896 eo

216 1914 402 1955 maxime
424 1913 650 1967 incumbis,
675 1917 721 1955 ut
738 1914 963 1969 intelleg03
989 1914 1093 1955 duas
1114 1916 1259 1955 tamen
1279 1928 1358 1968 res,
1378 1927 1558 1968 magnas
1578 1931 1612 1956 30

216 1972 484 2027 praesertim,
510 1987 596 2014 non
621 1972 747 2014 modo
775 1986 900 2038 agere
926 1987 1011 2014 uno
1037 1975 1242 2026 tempore,
1268 1973 1342 2014 sed
1366 1987 1419 2014 ne
1446 1973 1559 2028 cogi-

216 2031 347 2072 tando
381 2032 552 2085 quidem
584 2031 795 2085 explicare
828 2031 1055 2086 quisquam
1085 2034 1241 2085 potest.
1296 2030 1484 2072 Incitare
1498 2006 1559 2072 oet

216 2090 484 2131 inflammare
510 2093 633 2130 tuum
658 2090 770 2131 istuc
795 2090 1215 2144 praestantissimum
1242 2090 1443 2143 studium,
1472 2103 1559 2130 non

217 2149 270 2189 ad
314 2148 444 2189 aliam
487 2148 575 2189 ulla
619 2163 668 2189 ex
712 2151 834 2202 parte
879 2163 1024 2190 curam
1068 2148 1300 2189 transferre
1344 2148 1556 2189 debemus.

149 2207 203 2247 10
217 2206 338 2248 Adde
368 2207 481 2248 istuc
507 2221 724 2248 sermones
750 2207 984 2257 hominum,
1017 2207 1120 2248 adde
1147 2207 1421 2261 suspiciones,
1453 2205 1557 2247 adde
1578 2223 1612 2248 35

217 2265 434 2306 invidiam.
497 2264 674 2306 Imitare
707 2280 786 2319 1116,
822 2280 947 2320 quem
980 2268 1028 2307 tu
1059 2280 1226 2330 semper
1257 2263 1452 2316 laudasti,
1485 2265 1557 2318 qui

217 2323 476 2365 instructam
515 2327 793 2379 ornatamque
832 2339 856 2365 a
894 2327 1044 2366 senatu
1075 2323 1339 2378 provinciam
1370 2323 1560 2377 deposui,
