1671 2543
586 110 686 146 CAP.
715 114 805 145 5—‘1
832 113 852 153 ξ
881 115 1029 146 12-17.
1395 111 1479 153 287

228 219 288 261 At
321 219 434 261 enim
466 218 540 261 Cn.
572 218 803 272 Pompeius
836 218 1062 274 rogatione
1094 232 1171 260 sua
1203 222 1246 260 et
1277 219 1327 260 de
1359 234 1404 260 re
1437 222 1479 260 et
1498 225 1539 257 15

139 279 189 320 de
217 292 345 320 causa
368 277 592 332 iudicavit3
623 277 727 319 tulit
754 277 868 318 enim
894 277 944 319 de
971 277 1107 331 caede,
1137 292 1243 332 quae
1268 278 1314 319 in
1339 278 1482 332 Appia

139 337 209 379 via
239 336 356 378 facta
387 339 512 390 esset,
542 336 587 377 in
617 350 700 390 qua
726 335 772 377 P.
799 334 973 378 Clodius
1001 336 1166 378 occisus
1193 339 1319 378 esset.
1370 336 1482 386 Quid

140 409 242 451 ergo
275 395 407 437 tulit?
459 394 626 449 Nempe
656 397 706 436 ut
733 397 1019 448 quaereretur.
1065 394 1175 444 Quid
1200 410 1330 450 porro
1358 409 1481 450 quae·

104 473 120 498 5
140 455 318 496 rendum
351 453 446 496 est?
477 453 696 495 factumne
729 453 816 494 sit?
866 452 927 494 At
959 455 1141 495 constat.
1191 453 1230 496 A
1257 454 1371 509 quo?
1420 454 1481 496 At

138 516 273 567 paret.
340 511 465 554 Vidit
504 512 640 568 igitur
678 512 809 553 etiam
846 512 891 553 in
929 511 1194 554 confessione
1231 512 1337 555 facti
1375 512 1479 555 iuris

139 575 285 613 tamen
317 570 606 613 defensionem
638 570 797 625 suscipi
828 585 965 624 posse.
1029 570 1151 620 Quod
1181 571 1266 613 nisi
1291 571 1481 626 vidisset,

138 645 266 685 posse
287 630 453 671 absolvi
473 644 581 683 eum,
609 630 681 684 qui
700 629 921 683 fateretur,
945 644 1041 671 cum
1061 629 1225 671 videret
1243 645 1322 672 nos
1342 630 1481 684 fateri,

138 703 275 743 neque
315 688 462 743 quaeri
498 703 703 742 umquam
740 688 939 729 iussisset
975 702 1053 729 nec
1092 688 1214 730 vobis
1249 691 1339 730 tam
1370 689 1481 730 hanc

87 766 121 792 ιο
141 748 374 789 salutarem
410 747 455 788 in
490 747 715 789 iudicando
754 747 948 788 litteram
986 761 1115 801 quam
1152 747 1272 788 illam
1309 747 1481 789 tristem

141 806 338 848 dedisset.
405 805 514 847 Mihi
557 820 657 847 vero
697 804 772 848 Cn.
809 805 1040 859 Pompeius
1083 820 1171 847 non
1208 806 1334 847 modo
1371 806 1481 847 nihil

141 865 314 921 gravius
348 867 497 906 contra
522 863 729 906 Milonem
760 864 982 918 iudicasse,
1015 864 1087 905 sed
1120 864 1251 905 etiam
1278 865 1481 906 statuisse

139 924 327 978 videtur,
378 923 480 977 quid
529 937 604 964 vos
655 923 699 963 in
742 922 967 964 iudicando
1012 925 1205 977 spectare
1251 926 1480 977 oporteret.

139 981 272 1036 Nam,
311 982 383 1036 qui
419 996 507 1022 non
543 995 725 1035 poenam
766 981 1042 1034 confessioni,
1081 981 1154 1023 sed
1192 981 1483 1023 defensionem

89 1058 121 1085 15
142 1041 271 1094 dedit,
307 1040 342 1081 is
376 1054 547 1082 causam
579 1040 780 1080 interitus
813 1039 1109 1094 quaerendam,
1139 1054 1227 1081 non
1257 1040 1552 1122 interitum(7)

139 1099 321 1153 putavit.
357 1098 450 1139 Iam
476 1098 581 1139 illud
607 1098 698 1152 ipse
726 1098 838 1139 dicet
860 1097 1067 1152 profecto,
1099 1099 1212 1152 quod
1232 1113 1309 1140 sua
1329 1101 1481 1152 sponte
1498 1128 1540 1158 16

140 1157 256 1211 fecit,
286 1156 496 1198 Publione
530 1156 679 1198 Clodio
712 1156 986 1198 tribuendum
1013 1157 1179 1211 putarit
1205 1171 1260 1198 an
1285 1157 1481 1211 tempori.

140 1215 271 1257 Domi
298 1230 397 1256 suae
420 1215 716 1257 nobilissimus
742 1215 808 1256 vir
835 1218 1008 1256 senatus
1034 1217 1332 1271 propugnator
1352 1218 1480 1270 atque
1497 1219 1520 1259 7

141 1275 228 1316 illis
274 1274 445 1328 quidem
489 1274 756 1328 temporibus
799 1288 932 1328 paene
975 1277 1203 1328 patronus,
1247 1275 1480 1315 avunculus

89 1353 123 1378 20
141 1333 268 1374 huius
288 1333 440 1374 iudicis
459 1332 600 1378 nostri
622 1332 849 1374 fortissimi
870 1332 963 1387 viri,
989 1332 1044 1373 M.
1066 1331 1256 1387 Catonis,
1283 1333 1481 1374 tribunus

141 1391 198 1446 pl.
223 1390 281 1435 M.
303 1390 474 1432 Drusus
501 1391 666 1433 occisus
694 1394 771 1433 est.
809 1390 932 1432 Nihil
959 1391 1008 1432 de
1030 1392 1119 1432 eius
1139 1394 1278 1433 morte
1297 1392 1481 1446 populus

131 1447 378 1504 consultus,
408 1450 528 1491 nulla
560 1450 754 1503 quaestio
787 1449 957 1491 decreta
989 1464 1013 1491 a
1039 1453 1190 1491 senatu
1217 1453 1293 1491 est.
1345 1449 1482 1499 Quan-

144 1510 237 1549 tum
279 1509 445 1549 luctum
468 1509 532 1549 ’111
570 1508 679 1550 «113οᾆ
700 1509 808 1549 urbe
848 1507 982 1549 fuisse
1024 1523 1049 1549 a
1084 1509 1246 1550 nostris
1283 1509 1481 1562 patribus

145 1561 398 1620 accepimus,
420 1581 526 1608 ·cum
550 1566 596 1607 P.
627 1566 830 1608 Africano
863 1567 978 1608 domi
1011 1581 1111 1608 suae
1138 1567 1375 1621 quiescenti
1406 1567 1482 1608 illa

91 1644 124 1670 25
144 1627 353 1666 nocturna
383 1624 447 1665 vis
480 1627 593 1666 esset
624 1625 762 1665 illata!
814 1624 919 1673 Quis
946 1628 1038 1665 tum
1066 1639 1153 1666 non
1178 1625 1355 1679 gemuit,
1388 1625 1482 1679 quis

143 1697 230 1724 non
268 1682 374 1723 arsit
412 1682 575 1736 dolore,
619 1697 745 1736 quem
781 1683 1075 1736 inmortalem,
1120 1683 1156 1723 si
1193 1683 1285 1723 fieri
1322 1686 1482 1736 posset,

146 1755 292 1782 omnes
326 1754 417 1781 esse
451 1743 665 1794 cuperent,
696 1741 786 1781 eius
817 1755 870 1782 ne
900 1740 1186 1781 necessariam
1220 1741 1390 1794 quidem
1416 1755 1482 1781 ex-

143 1802 362 1853 pectatam
409 1812 500 1839 esse
545 1798 757 1838 mortem?
826 1797 943 1839 Num
986 1798 1119 1853 igitur
1161 1798 1251 1839 ulla
1289 1798 1480 1851 quaestio

147 1858 196 1899 de
228 1856 421 1898 Africani
454 1858 591 1896 morte
622 1856 712 1896 lata
744 1855 838 1896 est‘?
900 1855 1025 1898 Certe
1056 1856 1185 1897 nulla.
1248 1855 1359 1905 Quid
1390 1856 1480 1897 ita?
1498 1866 1539 1896 17

94 1936 127 1961 30
149 1915 259 1964 Quia
300 1929 385 1955 non
429 1914 513 1955 alio
557 1914 745 1955 facinore
790 1914 894 1954 clari
931 1914 1144 1968 homines,
1188 1914 1272 1955 alio
1312 1915 1483 1956 obscuri

145 1976 364 2014 necantur.
424 1971 604 2013 Intersit
637 1972 750 2013 inter
780 1972 894 2012 vitae
927 1972 1184 2026 digm'tatem
1216 1987 1483 2014 summorum

148 2034 275 2086 atque
302 2030 564 2084 infimorum,
589 2044 704 2071 mors
732 2030 901 2084 quidem
926 2030 1062 2071 inlata
1086 2045 1162 2084 per
1188 2031 1324 2072 scelus
1347 2031 1483 2072 isdem

148 2093 192 2131 et
227 2090 376 2144 poenis
413 2092 611 2131 teneatur
642 2091 686 2129 et
715 2088 895 2143 legibus.
957 2088 1054 2130 Nisi
1086 2089 1198 2130 forte
1230 2089 1368 2144 magis
1401 2090 1484 2130 erit

147 2148 376 2202 parricida,
421 2148 456 2189 si
501 2147 573 2201 qui
619 2147 885 2188 consularem
927 2150 1096 2201 patrem
1145 2162 1273 2201 quam
1312 2148 1348 2188 si
1386 2148 1482 2201 quis

99 2228 131 2252 35
151 2206 357 2247 humilem
390 2206 571 2259 necarit,
604 2208 678 2246 aut
710 2219 758 2246 eo
790 2219 905 2247 mors
939 2206 1126 2247 atrocior
1158 2206 1240 2247 erit
1270 2204 1315 2246 P.
1348 2204 1483 2259 Clodi,

151 2265 264 2318 quod
283 2265 319 2305 is
339 2265 384 2306 in
404 2263 689 2306 monumentis
710 2264 922 2305 maiorum
942 2278 1117 2305 suorum
1138 2264 1194 2305 sit
1211 2263 1483 2318 interfectus3

148 2322 231 2364 hoc
262 2323 374 2364 enim
407 2323 458 2364 ab
485 2322 582 2363 istis
607 2336 731 2376 saepe
758 2322 931 2376 dicitur3
962 2319 1138 2377 proinde
1167 2322 1287 2376 quasi
1321 2322 1483 2377 Appius
