1671 2543
134 612 177 643 25

196 79 282 120 504
309 78 357 113 IN
380 79 427 113 M.
446 78 702 114 ANTONIUM
725 77 797 114 OR.
819 78 939 113 PHIL.
967 79 1010 113 X.
1049 78 1149 114 CAP.
1172 84 1212 114 11
1235 83 1254 122 ξ
1271 84 1419 115 24-26.

194 187 431 243 legionum,
481 187 715 241 equitatus,
765 187 1020 228 auxiliorum
1068 201 1247 242 magnae
1293 190 1337 229 et
1383 187 1530 229 firmae

195 246 341 301 copiae
374 249 647 301 comparatae
680 248 791 287 sunt.
846 245 1152 301 Adiungendus
1185 249 1250 287 est
1275 244 1323 294 Q.
1348 245 1531 288 Horten-

195 304 300 358 sius,
345 305 416 359 qui
462 319 557 346 cum
596 303 890 346 Macedoniam
931 304 1163 357 obtineret,
1207 304 1445 347 adiutorem
1486 319 1530 347 se

194 363 331 405 Bruto
365 364 416 404 ad
449 363 781 417 comparandum
814 363 1045 404 exercitum
1078 363 1333 405 fidissimum
1366 366 1409 405 et
1435 378 1531 406 con-

194 423 509 464 stantissimum
535 422 745 476 praebuit.
792 421 903 463 Nam
930 422 980 463 de
1006 421 1062 463 M.
1089 422 1272 477 Apuleio
1298 423 1530 477 separatim
1567 438 1584 464 s

194 496 343 523 censeo
372 480 649 534 referendum,
676 481 742 522 cui
767 481 892 522 testis
912 483 978 522 est
996 495 1072 535 per
1090 481 1260 523 litteras
1279 480 1336 522 M.
1356 480 1530 535 Brutus,

195 554 291 582 eum
312 540 548 594 principem
568 539 699 581 fuisse
720 540 772 581 ad
794 543 993 581 conatum
1013 540 1225 582 exercitus
1245 539 1530 594 comparandi.

283 598 398 647 Quae
461 613 557 640 cum
619 598 681 639 ita
743 599 848 653 sint,
906 599 1018 652 quod
1078 598 1122 641 C.
1180 598 1321 641 Pansa
1381 599 1528 641 consul

193 658 322 698 verba
354 656 456 699 fecit
487 657 537 698 de
569 657 740 712 litteris,
773 672 880 711 quae
913 672 937 698 a
969 657 1016 706 Q.
1044 657 1255 711 Caepione
1281 656 1418 699 Bruto
1450 672 1528 712 pro

193 716 365 758 consule
398 716 553 757 allatae
586 719 630 757 et
659 716 705 757 in
735 716 816 758 hoc
850 716 994 758 ordine
1027 717 1230 758 recitatae
1262 719 1374 771 sunt,
1404 716 1454 758 de
1481 731 1530 758 ea
1550 731 1583 757 ιο

192 789 237 816 re
275 775 337 816 ita
375 789 543 816 censeo:
587 775 698 816 ‘cum
736 774 783 823 Q.
821 774 1046 829 Caepionis
1077 775 1203 816 Bruti
1241 789 1318 829 pro
1357 775 1530 817 consule

193 848 339 888 opera,
382 834 580 887 consilio,
618 834 845 887 industria,
882 836 1041 875 virtute
1077 833 1332 875 difficillimo
1364 834 1425 875 rei
1457 848 1530 888 pu·

192 893 328 934 blicae
372 896 564 947 tempore
603 893 823 947 provincia
860 892 1110 934 Macedonia
1147 896 1190 933 et
1227 892 1448 947 Illyricum
1486 895 1530 934 et

192 955 345 993 cuncta
370 950 550 993 Graecia
575 954 618 993 et
643 951 845 1007 legiones,
872 952 1094 1004 exercitus,
1120 951 1338 1005 equitatus
1364 951 1409 993 in
1434 965 1529 993 con·

192 1011 351 1060 sulum,
390 1014 562 1052 senatus
600 1010 831 1065 populique
868 1010 1053 1051 Romani
1089 1013 1305 1065 potestate
1344 1010 1448 1063 sint,
1486 1010 1582 1052 id1⁵

193 1068 241 1118 Q.
275 1068 534 1124 Caepionem
566 1068 750 1110 Brutum
787 1084 865 1124 pro
902 1069 1076 1111 consule
1114 1069 1221 1111 bene
1252 1071 1296 1110 et
1326 1083 1349 1111 e
1380 1083 1425 1110 re
1456 1083 1531 1123 pu-

191 1128 305 1170 blica
336 1143 413 1182 pro
448 1143 523 1169 sua
550 1128 843 1182 maiorumque
871 1142 1044 1169 suorum
1071 1128 1282 1182 dignitate
1308 1130 1531 1169 consuetu-

192 1187 372 1241 dineque
411 1188 471 1228 rei
504 1187 699 1241 publicae
732 1187 838 1228 bene
871 1187 1077 1242 gerendae
1109 1186 1279 1239 fecisse,
1317 1200 1410 1228 eam
1441 1200 1531 1228 rem

168 1246 360 1286 {senatui
387 1246 630 1299 populoque
651 1245 846 1287 Romano
874 1248 1043 1300 gratam
1069 1259 1161 1287 esse
1185 1248 1228 1286 et
1247 1244 1356 1299 fore3
1381 1244 1529 1298 utique

194 1303 247 1353 Q.
269 1303 426 1358 Caepio
447 1304 608 1345 Brutus
638 1319 715 1357 pro
743 1304 915 1345 consule
940 1304 1204 1358 provinciam
1223 1302 1529 1352 Macedoniam,
1549 1317 1584 1342 20

193 1361 415 1416 Illyricum
471 1365 751 1415 cunctamque
803 1361 1025 1403 Graeciam
1076 1365 1264 1415 tueatur,
1319 1360 1530 1413 defendat,

192 1421 407 1462 custodiat
462 1421 802 1474 incolumemque
859 1423 1082 1462 conservet
1142 1420 1263 1474 eique
1313 1420 1530 1474 exercitui,

193 1494 318 1533 quem
345 1480 435 1534 ipse
463 1479 701 1532 constituit,
735 1480 1010 1533 comparavit,
1036 1479 1197 1533 praesit
1222 1479 1529 1533 pecuniamque

192 1538 243 1579 ad
282 1553 371 1579 rem
411 1538 658 1591 militarem,
698 1538 732 1578 si
766 1552 848 1592 qua
880 1552 985 1591 opus
1019 1538 1091 1591 sit,
1130 1552 1236 1591 quae
1268 1537 1442 1591 publica
1473 1538 1530 1579 sit

192 1600 235 1638 et
267 1597 379 1652 exigi
412 1597 569 1651 possit,
606 1600 768 1649 utatur,
807 1597 951 1651 exigat
982 1596 1286 1650 pecuniasque,
1318 1610 1342 1636 a
1374 1596 1527 1650 quibus
1549 1610 1582 1636 2⁵

192 1655 397 1708 videatur,
430 1655 482 1696 ad
515 1670 603 1697 rem
630 1655 859 1696 militarem
888 1659 1057 1696 mutuas
1085 1658 1227 1696 sumat
1251 1654 1530 1696 frumentum-

194 1729 272 1768 que
306 1714 487 1768 imperet
519 1728 775 1768 operamque
808 1715 890 1766 det,
921 1718 969 1755 ut
1002 1728 1097 1755 cum
1127 1713 1215 1755 suis
1242 1713 1376 1767 copiis
1403 1727 1530 1767 quam

193 1773 384 1826 proxime
418 1772 590 1814 Italiam
624 1774 699 1825 sit3
737 1787 915 1827 cumque
949 1787 997 1813 ex
1030 1773 1186 1813 litteris
1221 1771 1268 1820 Q.
1301 1770 1528 1826 Caepionis

193 1831 316 1872 Bruti
343 1846 420 1886 pro
448 1832 621 1874 consule
648 1831 913 1872 intellectum
940 1831 997 1872 sit
1024 1830 1072 1880 Q.
1099 1830 1304 1872 Hortensi
1330 1844 1407 1884 pro
1434 1844 1528 1872 con-

192 1890 281 1932 sule
328 1905 456 1944 opera
497 1894 540 1931 et
577 1890 735 1931 virtute
774 1890 1045 1931 vehementer
1081 1904 1170 1930 rem
1207 1889 1423 1943 publicam
1461 1888 1528 1930 ad-
1548 1901 1582 1926 so

192 1950 329 1990 iutam
349 1949 575 2002 omniaque
597 1949 686 1990 eius
708 1949 886 1990 consilia
907 1963 1000 1989 cum
1022 1948 1211 1989 consiliis
1232 1947 1280 1996 Q.
1301 1946 1527 2001 Caepionis

192 2007 318 2048 Bruti
345 2022 422 2062 pro
449 2008 623 2049 consule
650 2007 875 2048 coniuncta
895 2006 1038 2059 fuisse,
1065 2021 1240 2060 eamque
1261 2020 1350 2046 rem
1371 2019 1527 2061 magno

191 2067 285 2107 usui
325 2067 384 2108 rei
422 2066 618 2120 publicae
656 2065 804 2116 fuisse,
845 2064 891 2114 Q.
924 2065 1204 2116 Hortensium
1245 2078 1322 2119 pro
1355 2063 1527 2105 consule

192 2128 304 2166 recte
346 2128 389 2166 et
427 2125 572 2166 ordine
611 2139 744 2178 exque
782 2139 826 2165 re
863 2124 1034 2178 publica
1070 2123 1238 2176 fecisse,
1276 2122 1524 2175 senatuique

192 2183 357 2236 placere
404 2182 451 2232 Q.
494 2182 775 2224 Hortensium
823 2197 899 2237 pro
944 2182 1116 2224 consule
1161 2196 1257 2223 cum
1301 2182 1525 2234 quaestore
1545 2190 1578 2216 ³⁵

191 2256 320 2294 prove
348 2244 575 2295 quaestore
602 2244 644 2283 et
665 2241 820 2296 legatis
842 2241 929 2282 suis
950 2240 1212 2295 provinciam
1234 2237 1526 2280 Macedoniam

192 2299 399 2351 obtinere,
432 2300 570 2353 quoad
603 2300 640 2341 ei
674 2315 722 2341 ex
751 2303 922 2340 senatus
951 2299 1146 2340 consulto
1173 2310 1414 2339 successum
1441 2296 1524 2337 sit?
