1671 2543
599 122 698 158 CAP.
727 127 842 159 9—10
868 126 886 166 ξ
913 128 1063 159 23—29.
1409 123 1493 165 291

150 230 318 272 detulit.
368 230 550 272 Interim
582 244 679 272 cum
711 231 841 272 sciret
873 229 1048 273 Clodius
1080 228 1237 287 (neque
1264 230 1378 271 enim
1404 202 1568 271 erat10

150 289 326 331 difficile
351 289 395 330 id
421 287 548 344 scire)
574 288 658 330 iter
681 289 900 343 sollemne,
926 289 1183 344 legitimum,
1206 289 1496 331 necessarium
1510 269 1554 300 ²⁷

151 350 250 389 ante
282 347 396 389 diem
427 351 512 386 XHI
537 346 752 389 Kalendas
777 323 1036 390 Febriiarias
1061 347 1215 390 Miloni
1241 361 1334 389 esse
1359 346 1497 388 Lanu-

150 406 268 448 vium
318 406 371 448 ad
416 405 635 447 flaminem
678 406 965 461 prodendum,
1017 406 1131 461 quod
1173 409 1267 448 erat
1308 406 1497 447 dictator

114 479 130 505 5
151 464 318 506 Lanuvi
354 463 481 519 Milo,
518 464 658 506 Roma
696 465 840 507 subito
873 465 964 519 ipse
996 464 1216 520 profectus
1247 465 1386 520 pridie
1418 467 1496 518 est,

149 526 200 564 ut
228 526 328 565 ante
355 537 480 565 suum
505 522 697 578 fundum,
730 524 843 578 quod
869 538 914 565 rc
939 524 1208 565 intellectum
1233 526 1310 578 est,
1342 498 1496 565 Miloni

149 582 327 624 insidias
372 582 619 637 collocaret,
664 585 793 636 atque
838 582 901 623 ita
934 582 1152 636 profectus
1191 585 1275 636 est,
1311 585 1361 623 ut
1399 596 1495 624 con-

150 641 314 682 tionem
340 641 648 695 turbulentam,
680 641 726 682 in
753 655 836 695 qua
862 641 952 682 eius
977 640 1098 682 furor
1124 641 1390 682 desideratus
1417 643 1495 694 est,

151 713 260 754 quae
290 699 367 741 illo
399 699 493 754 ipso
526 699 593 740 die
624 675 777 741 liabita
809 702 891 754 est,
923 699 1202 753 relinqueret,
1234 713 1380 754 quam,
1411 699 1495 740 nisi

99 771 130 796 ιο
151 758 270 799 obire
301 757 505 800 facinoris
536 758 680 800 locum
711 760 966 813 tempusque
998 758 1222 811 voluisset,
1258 772 1495 812 numquam

149 816 408 871 reliquisset.
457 816 564 858 Milo
597 819 741 858 autem
774 831 870 858 cum
900 817 945 857 in
977 819 1128 858 senatu
1160 816 1314 857 fuisset
1339 830 1388 857 60
1416 816 1553 870 die,28

150 876 293 929 quoad
324 877 496 917 senatus
529 877 595 916 est
626 875 846 929 dimissus,
882 875 1056 916 domum
1087 875 1222 929 venit,
1255 875 1420 916 calceos
1452 877 1497 916 et

149 934 408 975 vestimenta
446 934 648 988 mutavit,
690 934 927 988 paulisper,
965 934 1066 974 dum
1104 947 1148 974 se
1186 947 1311 987 uxor,
1348 935 1398 974 ut
1434 932 1496 987 fit,

151 995 385 1058 comparat,
417 994 709 1034 commoratus
737 995 814 1046 est,
839 992 937 1033 dein
961 991 1180 1046 profectus
1206 991 1250 1033 id
1275 991 1495 1046 temporis,

99 1064 130 1090 15
152 1065 248 1092 cum
285 1051 373 1092 iam
411 1049 604 1105 Clodius,
643 1050 854 1105 siquidem
892 1065 940 1092 eo
974 1050 1040 1091 die
1073 1049 1258 1092 Romam
1290 1052 1494 1091 venturus

150 1112 254 1163 erat,
280 1109 416 1151 redire
442 1109 669 1163 potuisset.
717 1108 900 1150 Obviam
926 1109 975 1150 fit
1003 1109 1042 1149 ei
1063 1107 1238 1150 Clodius
1259 1108 1495 1162 expeditus,

149 1168 195 1209 in
221 1182 343 1222 equo,
367 1167 487 1209 nulla
512 1168 651 1222 raeda,
675 1167 807 1209 nullis
827 1167 1141 1222 inpedimentis,
1165 1167 1296 1208 nullis
1318 1165 1494 1208 Graecis

151 1226 393 1280 comitibus,
424 1229 473 1267 ut
499 1226 679 1280 solebat,
706 1226 796 1267 sine
826 1240 969 1280 uxore,
996 1226 1109 1280 quod
1134 1239 1369 1279 numquam
1394 1225 1494 1278 fer,e

150 1299 247 1326 cum
275 1285 346 1326 hic
371 1285 609 1339 insidiator,
642 1285 715 1341 qui
740 1285 823 1326 iter
848 1285 954 1326 illud
980 1285 1032 1325 ad
1059 1284 1231 1326 caedem
1255 1284 1494 1326 faciendam

96 1357 130 1382 80
151 1346 413 1403 apparasset,
445 1358 542 1385 cum
572 1357 704 1385 uxore
732 1343 996 1385 veheretur
985 1358 1030 1384 m
1055 1343 1195 1397 raeda,
1225 1342 1494 1397 paenulatuS,

149 1416 307 1457 magno
340 1405 384 1443 61,
413 1402 621 1456 impedito
655 1404 698 1443 et
728 1402 930 1444 muliebri
955 1416 1004 1443 ac
1030 1401 1212 1443 delicato
1240 1401 1494 1442 ancillarum

123 1475 480 1526 puerorumque
494 1460 716 1518 comitatu.
777 1460 851 1512 Fit
883 1461 1054 1502 obviam
1087 1459 1237 1502 Clodio
1271 1462 1370 1501 ante
1401 1459 1492 1500 fun-
1508 1468 1550 1498 69

150 1519 251 1559 dum
288 1519 378 1560 eius
415 1519 523 1560 hora
559 1512 666 1560 fere
685 1519 909 1561 undecima
946 1522 1022 1560 aut
1058 1533 1145 1560 non
1183 1518 1320 1559 multo
1360 1532 1492 1559 secus.

152 1575 311 1618 Statim
349 1577 574 1631 conplures
613 1591 709 1619 cum
747 1578 845 1619 telis
883 1578 928 1618 in
965 1577 1079 1618 hunc
1116 1576 1282 1618 faciunt
1316 1576 1366 1617 de
1397 1576 1492 1617 loco

97 1648 130 1673 25
151 1635 369 1689 superiore
400 1635 610 1689 impetum
639 1635 818 1689 adversi,
850 1635 1091 1676 raedarium
1118 1635 1328 1676 occidunt.
1385 1633 1493 1676 Cum

151 1696 295 1735 autem
332 1692 403 1734 hic
440 1693 493 1734 de·
522 1693 650 1734 raeda
680 1693 839 1734 reiecta
870 1693 1054 1748 paenula
1086 1693 1332 1733 desiluisset
1363 1706 1492 1746 seque

151 1752 238 1793 acri
272 1751 413 1792 animo
444 1750 700 1804 defenderet,
730 1751 807 1805 illi,
840 1752 913 1805 qui
939 1754 1061 1792 erant
1087 1764 1184 1792 eum
1211 1749 1374 1802 Clodio,
1406 1750 1492 1804 gla-

151 1810 232 1851 diis
272 1809 434 1850 eductis
472 1809 633 1862 partim
669 1823 885 1851 1661111616
921 1810 974 1850 ad
1005 1809 1194 1873 raedam,
1231 1811 1281 1848 ut
1312 1822 1337 1848 a
1367 1810 1491 1863 tergo

149 1868 356 1909 Milonem
388 1867 669 1920 adorirentur,
701 1867 872 1921 partim,
903 1867 1015 1932 quod
1043 1867 1157 1908 hunc
1183 1866 1269 1907 iam
1296 1865 1492 1907 interfec-

97 1930 244 1968 sotum
275 1928 490 1980 putarent,
522 1925 696 1966 caedere
728 1925 940 1979 incipiunt
972 1925 1062 1966 eius
1095 1938 1254 1978 servos,
1287 1924 1360 1978 qui
1391 1928 1492 1978 post

150 1987 290 2039 erant3
337 1998 387 2025 ex
431 1984 586 2038 quibus
633 1983 705 2037 qui
749 1984 891 2024 animo
935 1983 1051 2024 fideli
1094 1983 1140 2024 in
1184 1958 1405 2024 doininum
1448 1986 1492 2024 et

148 2042 366 2098 praesenti
406 2041 598 2095 fuerunt,
640 2042 800 2096 partim
842 2042 973 2084 occisi
1010 2044 1128 2095 sunt,
1171 2041 1349 2095 partim,
1395 2054 1491 2082 cum

150 2102 202 2143 ad
234 2102 406 2142 raedam
437 2100 621 2155 pugnari
653 2099 864 2154 viderent,
914 2100 1086 2142 domino
1120 2113 1365 2141 succurrere
1396 2113 1491 2153 pro-

148 2160 418 2213 hiberentur,
449 2159 657 2200 Milonem
689 2159 878 2200 occisum
909 2161 953 2200 et
984 2173 1035 2199 ex
1065 2158 1160 2212 ipso
1193 2156 1344 2199 Clodio
1376 2158 1491 2199 audi-

96 2229 129 2256 35
149 2221 245 2260 rent
289 2221 333 2260 et
369 2233 414 2259 re
452 2232 552 2259 vera
589 2219 811 2271 putarent,
854 2218 1048 2259 fecerunt
1083 2216 1127 2257 id
1165 2216 1277 2257 servi
1315 2215 1490 2257 Milonis

150 2275 308 2332 (dicam
339 2277 453 2318 enim
485 2279 631 2330 aperte
661 2290 750 2317 non
780 2275 999 2317 derivandi
1030 2274 1220 2317 criminis
1248 2288 1386 2329 causa,
1417 2275 1491 2316 sed

148 2337 197 2376 ut
233 2334 396 2377 factum
435 2333 518 2389 est)
555 2348 634 2376 nec
670 2334 908 2389 imperante
945 2348 1022 2375 nec
1060 2334 1220 2375 sciente
1257 2347 1335 2375 nec
1373 2347 1491 2387 prae-

1206 2402 1276 2435 19*
