1671 2543
143 910 186 942 68

128 1991 183 2032 32

141 2051 183 2082 69

201 94 259 136 30
588 94 680 129 PRO
707 93 745 130 P.
773 93 935 129 SESTIO
963 94 1149 131 ORATIO.

202 203 276 244 sed
320 202 561 257 suspicione
604 202 748 256 aliqua
784 203 1047 244 retardatam
1085 204 1436 245 consuetudinem
1472 206 1535 246 rei

199 261 397 315 publicae
428 261 536 302 bene
569 261 787 316 gerendae.
849 259 950 302 Non
981 265 1047 303 est
1076 276 1227 316 passus
1253 262 1326 303 ille
1351 263 1428 317 vir,
1461 263 1535 328 qui

201 319 556 361 sceleratissimos
590 319 712 373 civis,
745 319 818 373 qui
850 319 1079 361 acerrimos
1110 319 1268 375 hostis,
1301 321 1373 375 qui
1405 322 1535 362 maxi-

201 392 292 419 mas
324 378 534 430 nationes,
567 378 639 431 qui
671 391 807 432 reges,
839 378 912 431 qui
944 379 1084 433 gentis
1116 378 1230 420 feras
1263 382 1391 433 atque
1417 380 1535 421 inau-

201 436 332 489 ditas,
376 437 449 490 qui
492 412 754 490 pi·aedonum
796 436 1009 478 infinitam
1053 452 1244 492 manum,
1289 438 1362 491 qui
1400 438 1533 480 etiam
1564 449 1582 476 5

202 495 378 536 servitia
421 494 581 535 virtute
625 494 889 548 victoriaque
927 495 1182 549 domuisset,
1225 496 1298 550 qui
1337 497 1536 538 omnibus

200 553 326 594 bellis
359 556 474 594 terra
505 553 699 606 marique
731 554 986 607 compressis
1018 554 1247 608 imperium
1277 555 1426 610 populi
1451 555 1535 597 Ro-

201 612 317 652 mani
344 612 459 653 orbis
486 615 698 652 terrarum
724 611 920 653 terminis
946 612 1178 667 definisset,
1203 627 1294 654 rem
1316 614 1535 667 publicam

201 670 335 711 everti
374 670 530 711 scelere
568 685 819 724 paucorum,
859 685 986 725 quam
1023 671 1114 725 ipse
1149 686 1236 712 non
1268 672 1408 713 solum
1439 687 1534 714 con-

201 729 327 781 siliis,
372 729 444 770 sed
488 729 617 770 etiam
662 729 868 783 sanguine
913 744 989 770 suo
1032 744 1157 783 saepe
1194 733 1426 785 servasset3
1470 745 1534 771 ac·
1554 745 1588 770 10

202 787 329 828 663311
374 788 426 828 3(1
470 801 641 829 causam
679 787 914 841 publicam,
957 788 1120 829 restitit
1162 789 1419 830 auctoritate
1458 803 1535 830 sua

202 845 378 899 reliquis
405 846 545 899 rebus,
579 849 755 900 questus
783 849 848 887 est
873 846 923 887 de
949 847 1206 900 praeteritis.
1268 846 1384 888 Fieri
1411 861 1535 901 quac·

201 903 297 944 dam
330 904 382 945 ad
414 904 635 945 meliorem
668 919 787 958 spem
818 904 1041 946 inclinatio
1073 905 1166 946 visa
1195 908 1271 946 est.
1333 904 1535 947 Decrev÷t

201 965 373 1003 senatus
412 962 612 1016 frequens
652 963 701 1003 de
738 977 833 1004 meo
871 964 1011 1004 reditu
1043 963 1247 1005 Kalendis
1279 964 1415 1005 Iuniis
1453 964 1535 1005 dis-

200 1021 411 1062 sentiente
455 1021 574 1062 nullo
618 1020 828 1062 referente
873 1020 920 1062 L.
964 1021 1143 1075 Ninnio,
1188 1022 1308 1064 cuius
1353 1023 1398 1063 in
1439 1036 1587 1064 1116315

200 1093 327 1120 causa
368 1094 603 1133 numquam
646 1079 751 1120 fides
796 1080 1017 1134 virtusque
1059 1081 1331 1122 contremuit.
1398 1080 1535 1122 Inter-

201 1138 330 1178 cessit
350 1137 483 1192 Ligus
510 1138 592 1179 iste
618 1138 761 1179 nescio
790 1138 874 1191 qui,
901 1139 1239 1180 additamentum
1262 1139 1534 1181 inimicorum

200 1210 403 1237 meorum.
464 1195 549 1236 Res
589 1199 681 1237 erat
720 1199 763 1236 et
801 1211 930 1237 causa
966 1199 1115 1238 nostra
1147 1212 1195 1238 eo
1228 1197 1314 1238 iam
1345 1198 1446 1252 1061,
1483 1200 1533 1239 ut

200 1254 363 1309 erigere
396 1254 542 1295 oculos
570 1257 612 1295 et
638 1254 777 1295 vivere
804 1254 1030 1295 videretur.
1094 1255 1296 1309 Quisquis
1323 1259 1426 1310 erat,
1459 1256 1532 1310 qui

200 1312 389 1366 aliquam
428 1315 595 1366 partem
633 1312 677 1353 in
715 1327 809 1353 meo
848 1313 967 1354 luctu
1002 1314 1173 1354 sceleris
1207 1313 1402 1355 Clodiani
1434 1315 1532 1355 atti·
1551 1329 1586 1354 20

200 1371 347 1425 gisset,
374 1384 641 1424 quocumque
662 1373 853 1424 venerat,
880 1372 993 1425 quod
1012 1372 1216 1413 iudicium
1236 1387 1415 1426 cumque
1435 1373 1532 1414 sub-

199 1429 319 1482 ierat,
341 1429 641 1483 damnabatur3
660 1429 956 1471 inveniebatur
974 1444 1111 1483 nemo,
1133 1431 1205 1484 qui
1219 1445 1264 1472 se
1279 1431 1531 1486 suffragium

200 1487 249 1527 de
281 1500 348 1528 me
381 1487 531 1528 tulisse
565 1487 852 1528 confiteretur.
912 1487 1166 1530 Decesserat
1192 1503 1243 1530 ex
1267 1489 1372 1530 Asia
1397 1490 1532 1531 frater

199 1559 318 1586 meus
350 1559 506 1600 magno
540 1546 756 1599 squalore,
792 1547 864 1587 sed
897 1547 1033 1588 multo
1066 1548 1196 1588 etiam
1228 1548 1389 1589 maiore
1421 1563 1531 1589 mae-

199 1617 305 1644 rore.
373 1603 485 1645 Huic
529 1604 580 1644 ad
623 1604 773 1645 urbem
811 1605 999 1646 venienti
1036 1608 1130 1646 tota
1168 1606 1338 1647 obviam
1377 1607 1528 1648 civitas
1549 1621 1583 1647 25

199 1675 296 1703 cum
327 1662 515 1703 lacrimis
548 1663 794 1717 gemituque
826 1667 1111 1717 processerat3
1144 1665 1402 1718 loquebatur
1427 1665 1529 1706 libe-

198 1720 287 1761 rius
321 1723 512 1774 senatus3
545 1722 854 1762 concurrebant
886 1722 1051 1776 equites
1078 1722 1279 1777 Romani3
1311 1723 1411 1765 Piso
1443 1723 1528 1777 1116,

198 1792 328 1833 gener
366 1793 503 1832 meus,
541 1780 607 1820 cui
645 1779 834 1821 fructum
868 1781 1043 1834 pietatis
1077 1795 1176 1822 suae
1208 1796 1345 1835 neque
1378 1796 1429 1823 ex
1459 1796 1527 1822 me

197 1851 333 1890 neque
365 1851 390 1878 a
421 1837 579 1891 populo
606 1837 801 1879 Romano
833 1838 942 1879 ferre
975 1839 1108 1893 licuit,
1135 1854 1159 1880 a
1183 1840 1422 1894 propinquo
1449 1854 1526 1881 suo

199 1908 392 1936 socerum
442 1910 566 1936 suum
611 1896 856 1951 flagitabat,
907 1898 1049 1938 omnia
1092 1902 1265 1939 senatus
1309 1898 1526 1953 reiciebat,
1545 1914 1580 1939 30

196 1953 280 1993 nisi
312 1954 361 1995 de
394 1969 460 1995 me
492 1954 679 2008 primum
712 1956 906 1996 consules
938 1957 1219 1998 rettulissent.

288 2011 403 2060 Quae
431 2027 527 2053 cum
553 2027 618 2054 res
646 2013 732 2054 iam
759 2014 956 2055 manibus
983 2018 1212 2068 teneretur,
1239 2017 1281 2055 et
1308 2029 1404 2055 cum
1430 2029 1526 2056 con-

200 2069 311 2109 sules
355 2071 670 2123 provinciarum
707 2072 904 2136 pactione
943 2073 1189 2114 libertatem
1228 2087 1396 2113 omnem
1432 2087 1524 2126 per-

198 2126 420 2180 didissent,
459 2129 548 2183 qui,
582 2144 678 2170 cum
708 2130 754 2170 in
785 2134 936 2171 senatu
967 2132 1141 2185 privati,
1173 2134 1221 2172 ut
1252 2131 1301 2171 de
1334 2145 1400 2171 1116
1433 2145 1523 2171 sen-

198 2185 356 2225 tentias
401 2162 606 2241 dicereiit,
650 2187 923 2243 flagitabant,
967 2190 1106 2245 legem
1143 2189 1207 2230 illi
1245 2203 1290 2230 se
1328 2188 1449 2230 Clodi
1453 2202 1521 2230 3111
1541 2205 1576 2230 35

198 2242 348 2283 timere
393 2243 607 2298 dicebant,
653 2260 749 2287 cum
785 2246 866 2287 hoc
903 2262 990 2288 non
1025 2250 1200 2302 possent
1237 2248 1323 2287 iam
1361 2247 1521 2288 diutius

197 2300 424 2355 sustinere,
468 2302 601 2344 initur
645 2304 869 2345 consilium
914 2305 963 2346 de
1004 2306 1183 2347 interitu
1221 2305 1294 2346 Cn.
1331 2305 1522 2360 Pompei
