1671 2543
562 136 661 172 CAP.
689 142 720 181 3,
747 142 767 171 4
793 141 811 180 g
838 141 963 172 8-14.
1349 136 1434 177 479

182 245 264 288 Hic
302 245 408 287 mihi
440 246 572 287 etiam
605 244 652 294 Q.
684 244 717 285 F
723 245 851 298 ufius,
889 244 953 286 vir
984 244 1109 286 fortis
1142 259 1190 287 ac
1223 224 1487 300 strenuus&

95 305 256 346 amicus
300 319 437 359 meus,
486 304 603 358 pacis
645 304 866 345 commoda
910 306 1226 345 commemorat.
1302 302 1433 352 Quasi
1477 301 1490 310 ⁴

94 378 213 417 vero,
251 363 287 405 si
325 363 536 404 laudanda
571 377 656 417 pax
693 366 822 416 essct,
859 377 938 417 ego
975 363 1017 403 id
1049 377 1181 416 aeque
1214 361 1435 404 commode

95 421 234 463 facere
266 437 353 464 non
383 436 566 476 possem.
629 420 768 463 Semel
802 422 914 462 enim
946 436 1095 475 pacem
1127 420 1312 475 defendi,
1349 435 1436 461 non

59 492 263 534 5semper
301 481 390 522 otio
429 480 602 522 studui?
647 481 759 534 quod
798 495 893 522 cum
931 480 1129 521 omnibus
1167 479 1292 521 bonis
1328 479 1435 520 utile

96 546 226 592 esset,
260 542 352 581 tum
390 539 615 594 praecipue
655 539 772 580 mihi.
842 538 978 587 Quem
1016 539 1128 580 enim
1167 553 1337 579 cursum
1375 537 1436 578 in-

94 598 260 639 dustria
304 613 398 639 mea
436 601 580 639 tenere
618 598 832 652 potuisset
871 598 961 639 sine
1000 597 1239 638 forensibus
1282 597 1434 649 causis,

95 657 186 698 sine
230 657 417 712 legibus,
461 657 551 698 sine
597 656 796 698 iudiciis?
841 671 947 711 quae
992 671 1083 698 esse
1125 670 1211 697 non
1253 657 1436 710 possunt

96 715 211 757 civili
254 730 356 770 pace
401 716 582 757 sublata.
652 714 734 757 Sed
777 730 953 769 quaeso,
997 714 1169 768 Calene,
1214 714 1315 769 quid
1357 713 1497 755 tu?1·2

44 785 76 811 1⁰
98 773 358 816 Servitutem
389 789 538 829 pacem
570 789 708 816 vocas.
762 773 946 815 Maiores
974 774 1144 828 quidem
1170 773 1320 826 nostri,
1349 787 1436 814 non

96 833 222 875 modo
245 832 304 874 'ut
334 833 460 874 liberi
492 836 646 886 essent,
679 834 751 874 sed
783 833 912 874 etiam
942 836 990 874 ut
1016 834 1287 887 imperarent,
1319 846 1437 872 arma

97 892 339 946 capiebant,
383 895 431 933 tu
476 907 594 933 arma
632 892 854 933 abicienda
892 906 1055 945 censes,
1098 894 1147 932 ut
1187 891 1435 932 serviamus

96 949 212 999 Quae
250 965 379 993 causa
415 951 571 992 iustior
609 954 675 992 est
712 951 815 991 belli
847 951 1022 1006 gelendi
1054 965 1182 1004 quam
1215 949 1436 991 servitutis

96 1010 319 1064 depulsio?
357 1010 401 1050 in
440 1024 523 1064 qua
560 1010 727 1050 etiamsi
766 1024 853 1050 non
889 1009 947 1050 sit
984 1009 1190 1050 molestus
1229 1008 1437 1060 dominus,

46 1078 77 1104 15
98 1071 242 1109 tamen
280 1071 347 1109 est
384 1068 673 1109 miserrimum
708 1082 852 1122 posse,
897 1068 931 1109 si
970 1068 1084 1109 velit.
1152 1067 1290 1108 Immo
1329 1066 1437 1107 aliae

98 1141 250 1168 causae
289 1127 445 1180 iustae,
482 1127 587 1168 haec
624 1127 865 1168 necessaria
897 1129 974 1168 est.
1036 1126 1133 1167 Nisi
1165 1126 1277 1167 forte
1310 1126 1361 1166 ad
1395 1128 1437 1166 te

96 1185 178 1227 hoc
208 1199 295 1226 non
325 1188 452 1240 putas
485 1186 715 1240 pertinere,
754 1186 866 1240 quod
898 1188 940 1226 te
974 1185 1137 1227 socium
1168 1184 1259 1226 fore
1292 1198 1438 1238 speras

96 1244 402 1285 dominationis
446 1244 622 1285 Antoni.
695 1243 746 1285 In
791 1259 874 1298 quo
915 1244 982 1285 bis
1025 1244 1202 1296 laberis,
1251 1243 1438 1297 primum

98 1303 210 1356 quod
231 1306 327 1343 tuas
349 1303 538 1344 rationes
560 1303 856 1344 communibus
877 1303 1128 1357 interponis,
1154 1302 1303 1343 deinde
1326 1301 1438 1355 quod

45 1372 78 1397 20
99 1361 327 1415 quicquam
358 1362 513 1403 stabile
547 1364 620 1402 aut
651 1361 882 1403 iucundum
908 1361 952 1402 in
977 1375 1110 1417 regno
1136 1363 1276 1415 putas,
1325 1359 1437 1404 Non.

98 1420 133 1460 si
165 1420 246 1460 tibi
278 1423 404 1461 antea
435 1420 610 1474 profuit,
643 1435 810 1474 semper
837 1420 1040 1474 proderit.
1091 1419 1203 1469 Quin
1229 1419 1360 1460 etiam
1387 1419 1435 1459 de
1454 1421 1496 1452 13

98 1478 173 1519 illo
204 1479 377 1520 homine
410 1479 529 1533 queri
562 1480 750 1533 solebas;
783 1479 884 1533 quid
916 1482 958 1520 te
990 1478 1205 1520 facturum
1237 1478 1286 1519 de
1312 1477 1439 1519 belua

98 1537 252 1590 putas?
320 1537 463 1591 Atque
506 1537 567 1578 ais
607 1553 703 1579 eum
741 1540 783 1579 te
823 1552 932 1591 esse,
977 1538 1049 1591 qui
1088 1551 1254 1591 semper
1290 1551 1439 1591 pacem

100 1596 275 1649 optaris,
308 1609 475 1650 semper
507 1596 644 1637 omnis
678 1596 781 1638 civis
812 1596 998 1637 volueris
1032 1596 1186 1636 salvos.
1245 1594 1440 1636 Honesta

47 1664 80 1690 25
100 1654 258 1708 oratio,
302 1654 375 1695 sed
417 1654 494 1706 ita,
540 1655 576 1695 si
619 1655 755 1695 bonos
803 1658 846 1695 et
887 1655 1007 1695 utilis
1046 1657 1089 1695 et
1127 1668 1148 1695 e
1186 1668 1230 1694 re
1267 1653 1440 1707 publica

100 1713 223 1766 civis3
256 1712 323 1753 sin
355 1727 439 1766 eos,
471 1712 544 1766 qui
568 1715 723 1753 natura
750 1713 861 1754 cives
889 1715 1001 1765 sunt,
1032 1712 1255 1753 voluntate
1279 1712 1440 1763 hostes,

100 1772 239 1812 salvos
260 1771 377 1825 velis,
399 1771 499 1825 quid
519 1771 690 1812 tandem
709 1771 881 1811 intersit
901 1771 1013 1811 inter
1033 1773 1075 1811 te
1096 1773 1138 1811 et
1152 1770 1279 1811 illos?
1310 1769 1440 1810 Pater

101 1830 271 1883 quidem
298 1832 410 1883 tuus,
437 1844 520 1883 quo
540 1830 693 1870 utebar
714 1844 811 1870 sene
833 1832 1004 1870 auctore
1026 1829 1284 1881 adulescens,
1309 1828 1439 1869 homo

101 1902 271 1929 severus
298 1891 341 1929 et
365 1889 563 1943 prudens,
589 1888 749 1942 primas
778 1888 967 1928 omnium
994 1888 1150 1928 civium
1175 1887 1221 1928 P.
1244 1886 1440 1939 Nasicae,

48 1961 82 1987 so
103 1946 175 2000 qui
200 1946 262 1987 Ti.
290 1945 531 1988 Gracchum
558 1946 784 1990 interfecit.
817 1946 915 1987 dare
943 1946 1126 2000 solebat3
1152 1946 1241 1987 eius
1268 1945 1441 1998 virtute,

102 2005 300 2059 consilio,
337 2005 632 2060 magnitudine
672 2005 804 2045 animi
841 2004 1068 2045 liberatam
1102 2019 1190 2045 rem
1222 2004 1440 2058 publicam

102 2063 404 2104 arbitrabatur.
466 2063 608 2112 Quid?
643 2078 721 2104 nos
754 2077 778 2103 a
808 2063 1003 2116 patribus
1034 2078 1136 2104 num
1170 2063 1295 2103 aliter
1327 2076 1438 2103 acce·
1457 2070 1498 2100 14

102 2121 275 2176 pimus?
330 2121 449 2176 Ergo
482 2122 517 2162 is
551 2121 631 2162 tibi
659 2121 774 2174 civis,
809 2122 844 2162 si
871 2122 1137 2175 temporibus
1163 2121 1249 2162 illis
1275 2121 1441 2174 fuisses,

102 2194 188 2221 non
218 2180 485 2234 probaretur,
518 2180 617 2233 quia
648 2194 735 2220 non
761 2194 906 2220 omnes
934 2180 1074 2220 salvos
1103 2194 1194 2220 esse
1221 2179 1440 2220 voluisset.

49 2253 84 2279 35
105 2238 236 2287 QUOD
274 2237 321 2279 L.
362 2237 555 2279 opimus
599 2249 774 2279 CONSUL
814 2250 963 2278 VERBA
1002 2250 1133 2279 FECIT
1172 2250 1234 2278 DE
1274 2250 1331 2278 RE
1368 2250 1439 2279 PU-

103 2308 260 2351 BLICA,
296 2309 357 2337 DE
399 2309 457 2337 EA
494 2308 551 2336 RE
588 2308 664 2337 ITA
703 2307 1014 2350 CENSUERUNT,
1051 2308 1130 2337 UTI
1167 2295 1213 2337 L.
1247 2296 1440 2338 OPIMOES

105 2365 280 2397 CONSUL
318 2367 413 2397 REM
451 2365 682 2396 PUBLICAM
721 2366 1042 2396 DEFENDERET.
1111 2353 1292 2396 Senatus
1336 2355 1440 2396 haec
