1671 2543
136 436 187 476 11

145 495 189 525 ‘26

207 115 292 156 124
394 114 458 149 DE
485 114 759 149 PROVINCIIS
787 113 1149 149 CONSULARIBUS
1176 113 1364 149 ORATiO.

205 223 389 264 maxime
423 222 689 278 diligebatis,
730 237 797 263 me
837 237 1005 276 quoque
1044 237 1140 264 cum
1171 222 1247 263 illo
1279 222 1420 262 minus
1454 237 1549 263 con-

205 282 400 323 iunctum
437 282 669 335 videbatis3
711 284 994 335 posteaquam
1032 282 1159 322 rebus
1204 281 1339 335 gestis
1383 284 1548 321 mentes

204 343 371 382 vestras
393 341 724 393 voluntatesque
745 340 959 393 mutastis,
986 355 1053 380 me
1073 354 1160 380 non
1180 340 1320 380 solum
1347 340 1548 380 comitem

206 414 297 440 esse
332 399 571 440 sententiae
603 401 784 452 vestrae,
817 399 889 439 sed
917 399 1048 439 etiam
1073 399 1341 439 laudatorem
1367 398 1547 439 vidistis.

295 457 376 499 Sed
410 458 511 511 quid
544 460 621 511 est,
654 457 767 510 quod
798 457 843 498 in
873 457 953 498 hac
986 472 1114 498 causa
1143 457 1325 498 maxime
1351 457 1546 498 homines

205 517 471 557 admirentur
497 519 540 556 et
565 516 880 569 reprehendant
906 531 1048 557 meum
1075 516 1314 569 consilium,
1344 530 1441 557 cum
1467 530 1546 570 ego

204 575 317 616 idem
356 579 482 615 antea
520 575 658 615 multa
695 574 920 627 decrerim,
959 589 1066 628 quae
1104 575 1242 630 magis
1276 575 1328 615 ad
1358 574 1546 615 hominis

205 634 462 688 dignitatem
502 648 629 687 quam
670 633 721 674 ad
760 634 821 674 rei
855 633 1052 687 publicae
1084 633 1387 674 necessitatem
1419 633 1548 687 perti·

203 693 383 733 nerent‘.>
460 691 829 745 Supplicationem
880 692 1122 745 quindecim
1169 692 1334 732 dierum
1380 692 1547 733 decrevi

204 751 420 792 sententia
463 766 568 791 mea.
637 750 717 791 Rei
760 750 957 804 publicae
1002 751 1107 791 satis
1147 754 1239 791 erat
1276 753 1344 791 tot
1382 751 1546 791 dierum

205 813 310 863 quot
352 809 395 851 C.
440 809 598 863 Mari03
649 809 713 850 dis
765 809 1084 850 immortalibus
1127 824 1214 850 non
1258 812 1350 850 erat
1394 809 1548 864 exigua

204 869 351 909 eadem
389 868 625 921 gratulatio
666 882 773 921 quae
812 883 863 909 ex
894 868 1091 908 maximis
1124 867 1261 909 bellis.
1322 867 1441 922 Ergo
1474 868 1546 909 ille

144 934 187 965 27
205 927 398 967 cumulus
444 927 608 967 dierum
652 926 841 967 hominis
885 930 951 967 est
989 926 1193 981 dignitati
1230 926 1434 968 tributus.
1497 926 1548 967 In

203 1000 287 1039 quo
321 999 414 1040 ego,
447 1000 531 1039 quo
559 986 732 1026 consule
760 985 969 1025 referente
996 986 1184 1039 primum
1211 985 1356 1026 decem
1382 985 1546 1026 dierum

203 1047 269 1084 est
301 1044 559 1097 supplicatio
593 1044 763 1084 decreta
796 1043 869 1087 Cn.
897 1044 1103 1098 Pompeio
1132 1043 1386 1084 Mithridate
1418 1044 1546 1085 inter-

201 1102 314 1143 fecto
343 1106 386 1143 et
413 1102 608 1143 confecto
635 1102 932 1144 Mithridatico
960 1103 1085 1157 bello,
1115 1105 1158 1143 et
1185 1103 1304 1143 cuius
1332 1103 1547 1144 sententia

201 1162 387 1215 primum
415 1161 633 1215 duplicata
659 1164 725 1201 est
749 1161 1007 1215 supplicatio
1029 1161 1266 1203 consularis
1288 1159 1412 1216 (mihi
1433 1162 1546 1202 enim

202 1220 306 1260 estis
347 1220 532 1272 adsensi,
580 1234 677 1260 cum
715 1220 904 1260 eiusdem
942 1219 1122 1273 Pompei
1157 1220 1315 1261 litteris
1351 1220 1545 1261 recitatis

200 1278 408 1319 confectis
436 1277 634 1318 omnibus
662 1278 892 1318 maritimis
914 1279 1276 1331 terrestribusque
1297 1278 1423 1319 bellis
1450 1293 1546 1332 sup-

200 1336 478 1390 plicationem
499 1336 664 1376 dierum
684 1336 829 1376 decem
849 1335 1130 1391 decrevistis),
1156 1351 1251 1378 sum
1272 1336 1346 1378 Cn⁰
1367 1336 1545 1391 Pompei

201 1395 407 1435 virtutem
433 1397 476 1434 et
503 1394 634 1435 animi
659 1395 1001 1448 magnitudinem
1022 1395 1276 1448 admiratus,
1303 1396 1428 1448 quod,
1448 1410 1545 1436 cum

200 1454 291 1506 ipse
348 1453 500 1494 ceteris
547 1453 746 1493 omnibus
791 1456 905 1494 esset
950 1453 1066 1494 omni
1109 1454 1271 1494 honore
1316 1454 1545 1507 antelatus,

201 1511 455 1564 ampliorem
492 1511 700 1552 honorem
733 1511 858 1552 alteri
891 1512 1129 1565 tribuebat,
1168 1527 1297 1566 quam
1329 1513 1419 1566 ipse
1452 1516 1545 1553 erat

201 1572 468 1611 consecutus.
542 1569 661 1624 Ergo
706 1570 752 1610 in
794 1570 869 1610 illa
914 1571 1243 1624 supplicatione,
1292 1586 1420 1624 quam
1464 1586 1543 1626 ego

200 1628 384 1681 decrevi,
424 1643 490 1668 res
523 1628 619 1681 ipsa
651 1629 818 1669 tributa
850 1632 916 1669 est
948 1629 1013 1670 dis
1043 1629 1362 1670 immortalibus
1390 1633 1433 1670 et
1459 1645 1544 1670 ma*

198 1687 340 1727 iorum
371 1687 585 1727 institutis
619 1689 662 1727 et
694 1687 876 1728 utilitati
909 1687 970 1728 rei
1002 1688 1218 1742 publicae,
1250 1689 1323 1729 sed
1354 1688 1543 1743 dignitas

199 1746 445 1798 verborum,
485 1745 622 1785 honos
662 1749 704 1786 et
734 1746 904 1787 novitas
938 1749 981 1786 et
1012 1761 1215 1787 numerus
1248 1747 1412 1787 dierum
1444 1746 1544 1789 Cae-

139 1812 183 1843 28
200 1804 307 1844 saris
346 1804 481 1857 ipsius
515 1804 630 1844 laudi
663 1804 910 1858 gloriaeque
945 1819 1170 1846 concessus
1204 1807 1280 1847 est.
1342 1805 1544 1846 Relatum

199 1865 265 1903 est
298 1862 349 1902 ad
380 1876 459 1903 nos
491 1877 627 1916 nuper
659 1863 708 1903 de
743 1863 957 1917 stipendio
992 1864 1221 1917 exercitus3
1259 1878 1346 1905 non
1377 1864 1543 1905 decrevi

199 1921 351 1974 solum,
384 1921 456 1961 sed
483 1921 627 1975 etiam,
658 1924 707 1961 ut
733 1936 808 1962 vos
836 1922 1132 1976 decerneretis,
1164 1923 1375 1976 laboravi3
1407 1923 1544 1964 inulta

199 1979 554 2020 dissentientibus
580 1980 794 2035 respondi3
822 1981 1046 2022 scribendo
1075 1981 1201 2022 adfui.
1240 1981 1349 2021 Tum
1374 1996 1541 2035 quoque

197 2037 364 2078 homini
395 2038 493 2091 plus
523 2038 657 2078 tribui
685 2053 813 2091 quam
840 2039 983 2080 nescio
1012 2040 1078 2080 cui
1103 2039 1363 2080 necessitati.
1414 2039 1543 2080 Illum

199 2096 312 2135 enim
363 2096 607 2136 arbitrabar
655 2097 787 2137 etiam
836 2098 925 2138 sine
976 2098 1057 2139 hoc
1105 2097 1294 2138 subsidio
1338 2098 1542 2150 pecuniae

198 2154 382 2195 retinere
420 2154 656 2195 exercitum
694 2156 851 2208 praeda
889 2159 987 2197 ante
1023 2159 1148 2210 parta
1179 2159 1222 2197 et
1254 2156 1415 2196 bellum
1448 2171 1542 2197 con-

198 2212 322 2252 ficere
354 2226 498 2267 posse3
531 2213 604 2254 sed
636 2213 763 2254 decus
795 2214 902 2254 illud
935 2218 978 2255 et
1008 2217 1307 2255 ornamentum
1332 2214 1541 2268 triumphi

199 2270 475 2310 minuendum
518 2273 670 2312 nostra
713 2272 977 2325 parsimonia
1022 2287 1109 2314 non
1150 2272 1311 2326 putavi.
1380 2272 1541 2314 Actum

199 2331 264 2367 est
303 2328 352 2368 de
391 2328 535 2369 decem
574 2329 749 2384 legatis,
788 2345 894 2383 quos
934 2331 1007 2371 alii
1044 2331 1217 2371 omnino
1249 2345 1336 2371 non
1369 2331 1540 2386 dabant,

1567 766 1602 790 10

1566 1059 1600 1083 15

1565 1351 1599 1375 20

1564 1643 1597 1668 25

1562 1935 1597 1960 30

1561 2226 1595 2251 35
