1671 2543
204 104 289 145 196
574 102 626 137 ΙΝ
651 103 691 137 L.
719 99 932 137 PISONEM
957 100 1148 137 ORATIO.

201 211 368 253 Romae
399 211 445 252 in
478 212 660 265 quaestu
691 209 936 263 reliquisti?
972 208 1139 260 Nonne,
1171 224 1269 250 cum
1302 220 1357 251 cc
1383 209 1551 252 talenta

202 271 286 312 tibi
306 270 611 325 Apolloniatae
631 268 795 309 Romae
815 267 1042 321 dedissent,
1066 282 1120 308 ne
1139 268 1344 322 pecunias
1365 268 1550 310 creditas

204 329 432 382 solverent,
457 328 573 369 ultro
594 326 823 380 Fufidium,
843 326 1034 380 equitem
1054 325 1311 381 Romanum,
1329 326 1551 368 hominem

204 387 547 439 ornatissimum,
585 385 842 427 creditorem
879 384 1148 426 debitoribus
1187 385 1276 426 suis
1317 385 1550 427 addixisti?

203 445 370 497 Nonne,
389 446 569 487 hiberna
589 458 687 485 cum
705 443 851 498 legato
870 443 1174 498 praefectoque
1195 446 1270 485 tuo
1286 444 1550 498 tradidisses,
1586 461 1604 487 5

204 504 400 546 evertisti
437 503 617 544 miseras
654 501 850 543 funditus
890 502 1107 556 civitates,
1146 516 1253 556 quae
1290 517 1378 544 non
1410 503 1552 544 solum

202 563 329 605 bonis
375 565 475 604 sunt
519 561 769 614 exhaustae,
814 561 887 602 sed
931 561 1062 602 etiam
1097 560 1283 602 nefarias
1321 561 1552 602 libidinum

206 621 489 663 contumelias
539 595 914 673 turpitudinesque
965 619 1219 661 subierunt?
1271 619 1354 669 Qui
1398 620 1550 661 modus

204 680 287 721 tibi
317 679 401 721 fuit
432 678 637 719 frumenti
663 677 928 731 aestimandi,
961 678 1034 733 qui
1058 678 1308 719 honorarii?
1341 678 1552 733 siquidem

204 741 377 793 potest
398 738 440 778 vi
490 740 533 778 et
581 739 700 778 metu
743 739 960 778 extortum
1002 736 1281 778 honorarium
1324 737 1549 778 nominari.
1572 754 1606 778 10

206 797 329 846 Quod
362 811 458 838 cum
489 810 699 850 peraeque
732 809 892 848 omnes,
926 798 1020 836 tum
1046 795 1320 837 acerbissime
1346 795 1551 850 Bottiaei,

204 855 422 910 Byzantii,
466 854 807 907 Cherronensus,
855 853 1162 895 Thessalonica
1211 854 1358 895 sensit.
1427 853 1552 896 Unus

205 917 253 955 tu
291 914 507 967 dominus,
544 927 654 954 unus
693 912 964 967 aestimator,
1001 927 1111 954 unus
1149 913 1348 954 venditor
1381 915 1478 954 tota
1507 912 1555 954 in

171 972 427 1044 7provincia
457 986 535 1026 per
566 971 800 1012 triennium
831 970 1039 1012 frumenti
1071 972 1210 1013 omnis
1242 971 1377 1013 fuisti.
1440 970 1553 1020 Quid

171 1015 284 1088 ⁷ego
322 1045 467 1072 rerum
499 1030 750 1085 capitalium
783 1030 1074 1084 quaestiones,
1112 1044 1285 1071 reorum
1315 1030 1552 1084 pactiones,
1572 1045 1606 1071 15

205 1090 540 1156 ledemptiones,
585 1089 884 1130 acerbissimas
930 1088 1246 1143 damnationes,
1292 1088 1553 1130 libidinosis-

206 1149 338 1190 simas
372 1147 651 1189 liberationes
684 1147 930 1202 proferam?
970 1147 1158 1188 Tantum
1189 1147 1333 1189 locum
1365 1147 1553 1202 aliquem

207 1222 303 1249 cum
346 1206 455 1248 mihi
497 1208 651 1248 notum
695 1220 788 1247 esse
832 1206 1035 1260 senseris,
1079 1209 1224 1247 tecum
1260 1206 1353 1260 ipse
1391 1206 1553 1260 licebit,

207 1269 313 1320 quot
349 1265 393 1306 in
424 1279 474 1306 eo
507 1278 662 1319 genere
694 1267 737 1305 et
770 1267 931 1318 quanta
964 1264 1051 1305 sint
1084 1265 1281 1318 crimina,
1318 1264 1553 1305 recordere.

208 1324 347 1373 Quid?
373 1323 495 1364 illam
521 1337 739 1364 armorum
767 1322 984 1364 officinam
1004 1322 1157 1376 ecquid
1177 1322 1428 1376 recordaris,
1455 1337 1553 1364 cum
1572 1339 1608 1364 20

207 1382 324 1423 omni
345 1382 481 1423 totius
501 1381 747 1436 provinciae
768 1395 920 1435 pecore
942 1381 1163 1434 compulso
1184 1381 1361 1435 pellium
1379 1381 1552 1422 nomine

208 1455 378 1482 omnem
402 1443 630 1494 quaestum
650 1440 774 1481 illum
794 1440 1079 1481 domesticum
1098 1442 1412 1494 paternumque
1432 1454 1554 1481 reno-

206 1499 349 1540 vasti‘?
388 1498 570 1540 Videras
610 1498 724 1539 enim
762 1498 936 1553 grandis
974 1498 1061 1539 iam
1099 1513 1205 1552 puer
1242 1498 1357 1539 bello
1397 1497 1552 1540 Italico

207 1557 364 1612 repleri
414 1560 597 1612 quaestu
639 1559 828 1598 vestram
872 1557 1063 1610 domum,
1113 1571 1210 1598 cum
1252 1559 1376 1611 pater
1420 1557 1552 1598 armis

207 1615 412 1657 faciendis
445 1618 545 1657 tuus
577 1615 848 1670 praefuisset.
911 1615 1052 1664 Quid?
1094 1615 1353 1670 vectigalem
1383 1615 1553 1669 provin-
1573 1630 1607 1656 25

209 1675 320 1716 ciam
351 1674 534 1729 singulis
568 1674 712 1728 rebus,
746 1688 1037 1728 quaecumque
1070 1674 1278 1728 venirent,
1309 1676 1426 1716 certo
1458 1688 1554 1728 por-

209 1733 322 1775 torio
366 1733 572 1787 imposito
618 1732 751 1774 servis
796 1732 883 1774 tuis
930 1732 1206 1787 [publicanis]
1250 1747 1276 1774 a
1312 1735 1355 1774 te
1391 1732 1554 1774 factam

150 1803 193 1835 88
210 1806 302 1833 esse
346 1791 611 1833 meministi?
663 1791 803 1840 Quid?
848 1791 1114 1833 centuriatus
1158 1791 1303 1846 palam
1345 1791 1554 1843 venditos,

210 1850 340 1904 quid?
378 1865 454 1904 per
491 1852 615 1891 tuum
654 1850 871 1891 servulum
909 1850 1079 1891 ordines
1118 1850 1382 1905 assignatos,
1421 1849 1553 1903 quid?

210 1909 472 1963 stipendium
516 1908 728 1950 militibus
767 1917 844 1962 per
881 1922 1028 1950 omnes
1067 1922 1201 1950 annos
1241 1922 1266 1949 a
1302 1907 1552 1950 civitatibus
1573 1924 1608 1949 30

210 1967 370 2008 mensis
402 1967 547 2021 palam
577 1967 812 2021 propositis
846 1981 938 2008 esse
969 1967 1272 2008 numeratum?
1315 1966 1446 2020 quid?
1477 1966 1555 2006 illa

209 2026 255 2066 in
280 2026 470 2066 Pontum
494 2025 706 2080 profectio
733 2029 776 2067 et
803 2028 982 2067 conatus
1009 2028 1122 2079 tuus,
1149 2025 1279 2079 quid?
1309 2024 1552 2066 debilitatio

211 2087 340 2138 atque
368 2085 551 2126 abiectio
579 2084 711 2125 animi
736 2084 801 2125 tui
827 2084 1079 2125 Macedonia
1102 2083 1319 2138 praetoria
1342 2082 1553 2135 nuntiata,

212 2157 309 2183 cum
339 2145 388 2184 tu
418 2157 505 2184 non
537 2142 694 2197 solum,
730 2142 843 2196 quod
874 2142 958 2184 tibi
989 2142 1302 2195 succederetur,
1335 2141 1408 2182 sed
1440 2140 1554 2194 quod

214 2199 398 2242 Gabinio
430 2216 517 2242 non
549 2201 856 2255 succederetur,
892 2201 1120 2256 exsanguis
1152 2203 1197 2241 et
1228 2201 1423 2241 mortuus
1457 2213 1607 2241 con-35

214 2258 373 2311 cidisti,
413 2259 543 2313 quid?
582 2262 785 2314 quaestor
822 2259 1029 2301 aediliciis
1067 2258 1236 2300 reiectis
1267 2257 1554 2312 praepositus,

212 2315 456 2370 legatorum
500 2320 675 2359 tuorum
713 2317 902 2373 optimus
941 2318 1018 2359 abs
1055 2320 1099 2358 te
1137 2316 1316 2370 quisque
1354 2315 1554 2370 violatus,

135 954 189 996 36
