1671 2543
218 109 273 150 96
591 106 685 142 PRO
710 106 758 142 M.
786 106 956 142 CAELIO
982 106 1171 142 ORATIO.

219 230 324 271 quae
357 215 481 269 facis,
519 229 627 270 quae
659 214 782 268 diois,
815 229 922 269 quae
959 214 1200 268 insimulas,
1233 228 1340 268 quae
1372 214 1552 268 moliris,

219 289 325 329 quae
356 274 512 330 arguis,
542 274 724 328 probare
752 274 930 328 cogitas,
961 274 1173 314 rationem
1198 275 1345 314 tantae
1370 272 1552 314 familia·

218 333 373 387 ritatis,
392 335 539 374 tantae
560 331 890 386 consuetudinis,
910 334 1056 373 tantae
1072 331 1385 373 coniunctionis
1401 331 1552 373 reddas

219 394 348 446 atque
381 405 566 445 exponas
598 404 770 431 necesse
801 392 880 432 est.
940 390 1226 432 Accusatores
1259 390 1431 444 quidem
1458 389 1553 431 libi-

220 450 351 504 dines,
382 463 560 502 amores,
592 448 813 502 adulteria,
843 448 984 503 Baias,
1013 451 1143 502 actas,
1170 448 1375 502 convivia,
1401 448 1552 489 comis·
1589 463 1606 489 5

221 509 421 561 sationes,
453 510 616 560 cantus,
643 507 932 561 symphonias,
957 508 1130 562 navigia
1154 507 1330 561 iactant,
1356 507 1552 561 idemque

221 567 468 622 significant
492 566 600 607 nihil
627 579 670 605 se
697 568 740 606 te
765 566 902 607 invita
926 566 1076 607 dicere.
1133 565 1250 614 Quae
1276 568 1324 606 tu
1351 565 1554 619 quoniam

221 628 363 666 mente
394 624 537 666 nescio
571 638 654 678 qua
685 623 889 665 effrenata
920 627 1049 678 atque
1080 624 1306 678 praecipiti
1337 624 1382 664 'm
1412 623 1554 664 forum

222 683 376 725 deferri
400 683 688 736 iudiciumque
715 683 901 737 voluisti,
928 687 1002 723 aut
1027 682 1163 724 diluas
1186 684 1358 736 oportet
1377 696 1426 723 ac
1445 681 1555 722 falsa

222 756 313 784 esse
351 742 501 783 doceas
541 744 615 782 aut
644 741 754 782 nihil
785 756 921 795 neque
954 741 1122 782 crimini
1154 744 1230 782 tuo
1261 754 1398 794 neque
1431 740 1554 781 testi—
1574 757 1608 782 10

222 801 365 842 monio
399 799 653 841 credendum
684 814 776 841 esse
808 800 981 841 fateare.

165 868 209 899 36
313 857 389 900 Sin
431 861 576 899 autem
618 858 823 899 urbanius
864 872 931 900 me
969 872 1094 913 agere
1132 857 1285 911 mavis,
1329 857 1391 898 sic
1428 870 1555 912 agam

222 921 382 971 tecum3
418 917 646 958 removebo
679 916 801 958 illum
833 931 977 958 senem
1009 917 1161 957 durum
1193 930 1243 957 ac
1272 930 1406 970 paene
1438 929 1555 971 agre-

223 979 351 1029 stem,
377 990 426 1016 ex
451 975 519 1016 his
545 975 679 1030 igitur
705 975 791 1016 tuis
818 990 985 1017 sumam
1005 975 1190 1029 aliquem
1212 989 1260 1016 ac
1278 974 1556 1028 potissimum

222 1034 447 1075 minimum
484 1033 680 1088 fratrem,
719 1034 791 1088 qui
830 1037 896 1075 est
932 1034 977 1075 in
1013 1034 1098 1075 isto
1138 1047 1292 1088 genere
1323 1032 1555 1074 urbanissi-
1575 1049 1608 1075 15

223 1107 335 1147 mus,
361 1092 434 1147 qui
460 1095 502 1133 te
529 1095 646 1133 amat
673 1092 918 1147 plurimum,
945 1092 1019 1146 qui
1043 1095 1220 1146 propter
1244 1091 1388 1133 nescio
1415 1105 1555 1145 quam,

224 1151 360 1204 credo,
386 1150 664 1191 timiditatem
690 1154 733 1191 et
758 1154 991 1192 nocturnos
1019 1151 1226 1205 quosdam
1246 1150 1393 1190 inanes
1414 1152 1554 1190 metus

223 1213 366 1251 tecum
392 1223 559 1262 semper
577 1209 700 1263 pusio
722 1224 818 1251 cum
838 1210 998 1250 maiore
1018 1223 1162 1250 sorore
1184 1208 1405 1250 cubitavit.
1442 1207 1555 1249 Eum
1604 1220 1607 1223 ’

222 1270 375 1322 putato
413 1269 556 1308 tecum
593 1267 729 1321 loqui:
767 1267 896 1316 ‘Quid
932 1267 1228 1321 tumultuaris,
1265 1266 1416 1308 soror?
1455 1266 1556 1320 quid

223 1326 417 1367 insanis?
1577 1341 1611 1366 20

285 1406 414 1456 Quid
458 1407 729 1448 clamorem
772 1408 953 1448 exorsa
995 1406 1164 1448 verbis
1209 1408 1416 1461 parvam
1455 1421 1557 1447 rem

1135 1466 1366 1520 magnam
1397 1465 1556 1506 facis?

224 1558 427 1599 Vicinum
459 1558 826 1599 adulescentulum
851 1558 1075 1613 aspexisti3
1108 1559 1264 1600 eandm
1289 1559 1416 1601 huius
1443 1562 1485 1600 te
1512 1561 1556 1601 et

224 1617 472 1671 proceritas
503 1617 647 1658 vultus
680 1617 876 1671 oculique
907 1618 1182 1671 pepulerunt3
1214 1618 1383 1672 saepius
1415 1618 1556 1659 videre

225 1676 418 1730 voluisti3
460 1675 582 1716 fuisti
624 1689 711 1716 non
752 1690 981 1729 numquam
1027 1676 1072 1716 in
1115 1676 1250 1717 isdem
1293 1676 1449 1731 hortis,
1493 1677 1610 1718 visz5

224 1734 383 1775 nobilis
426 1734 578 1774 mulier
621 1734 744 1775 illum
780 1734 917 1775 filium
954 1734 1141 1775 familias
1179 1737 1301 1788 patre
1338 1749 1468 1789 parco
1507 1749 1556 1776 ac

226 1792 366 1834 tenaci
396 1792 553 1833 habere
585 1792 671 1833 tuis
699 1792 832 1846 copiis
859 1792 1120 1847 devinctum3
1150 1807 1237 1834 non
1261 1796 1403 1848 potes3
1436 1793 1557 1835 calci-

225 1854 332 1905 trat,
369 1851 551 1904 respuit,
587 1865 675 1892 non
711 1853 837 1905 putat
873 1854 949 1892 tua
979 1851 1090 1892 dona
1121 1865 1212 1893 esse
1244 1852 1374 1906 tanti3
1413 1851 1557 1893 confer

225 1912 268 1950 te
301 1909 397 1951 alio.
452 1908 597 1950 Habes
628 1909 784 1950 hortosv
811 1909 863 1950 ad
888 1909 1077 1950 Tiberim
1109 1910 1139 1963 †
1171 1924 1219 1951 ac
1251 1910 1481 1965 diligenter
1506 1925 1555 1952 eo

225 1968 320 2009 loco
352 1968 526 2022 parasti,
559 1982 642 2021 quo
676 1968 813 2009 omnis
846 1968 1042 2010 iuventus
1067 1969 1244 2010 natandi
1271 1983 1397 2010 causa
1423 1969 1556 2023 venit,
1575 1982 1610 2007 50

226 2026 326 2067 hinc
357 2027 458 2068 licet
490 2026 758 2068 condiciones
791 2027 945 2068 cotidie
977 2027 1113 2082 legas3
1150 2041 1224 2069 cur
1254 2027 1371 2081 huic,
1410 2028 1483 2081 qui
1514 2029 1556 2068 te

228 2084 408 2138 spernit,
440 2085 622 2126 molesta
653 2084 744 2126 es‘?'

314 2142 457 2184 Redeo
488 2157 601 2184 nunc
630 2143 682 2183 ad
707 2145 762 2196 te,
794 2142 923 2198 Caeli,
954 2144 1143 2185 vicissim
1169 2157 1217 2185 ac
1243 2143 1349 2184 mihi
1375 2144 1557 2184 auctori—

169 2185 362 2241 3⁷tatem
398 2202 586 2254 patriam
624 2201 980 2257 severitatemque
1018 2201 1216 2255 suscipio.
1279 2200 1362 2242 Sed
1393 2201 1555 2255 dubito,

229 2272 354 2311 quem
385 2262 552 2312 patrem
583 2259 858 2313 potissimum
890 2275 1074 2315 sumam,
1109 2259 1450 2302 Caecilianumne
1483 2261 1556 2302 ali·
1575 2272 1609 2298 35

229 2330 354 2369 quem
386 2317 680 2359 vehementem
712 2320 840 2372 atque
872 2319 1048 2360 durum:

161 2125 213 2215 136
