1671 2543
533 89 633 125 CAP.
663 94 798 124 12—14
825 93 844 131 ς
870 93 1020 124 34-40,
1363 86 1446 128 357

107 199 253 254 potuit
272 213 347 253 per
368 200 564 252 aetatem,
590 199 635 240 in
655 198 772 252 Asia,
799 196 1080 251 Cappadocia,
1105 195 1260 250 Ponto,
1286 194 1450 249 Cilicia,

111 257 236 312 Syria
260 257 375 299 bella
400 260 645 313 gesserunt3
671 259 845 298 senatus
871 270 971 297 vero
996 255 1155 296 iudicia
1180 254 1230 296 de
1257 254 1332 295 illo
1359 256 1449 295 tam

109 317 247 358 multa
291 319 464 370 tamque
508 315 762 369 honorifica,
807 329 914 369 quae
956 313 1140 369 publicis
1180 313 1331 368 populi
1368 312 1446 354 Rev

109 376 226 417 mani
271 375 430 417 litteris
480 375 839 428 monimentisque
884 373 1136 428 consignata
1178 375 1297 427 sunt,
1343 386 1451 426 quae

73 445 314 489 5umquam
351 437 542 476 vetustas
582 434 735 476 obruet
778 435 852 474 aut
891 446 997 486 quae
1036 434 1158 473 tanta
1189 431 1349 473 delebit
1381 431 1452 472 ob-

110 492 244 535 livio?
312 491 422 541 Quid
459 493 509 534 de
547 493 706 534 virtute
746 492 834 533 eius
875 491 1030 544 dicam,
1067 491 1117 532 de
1156 490 1452 545 magnitudine

110 552 261 606 animi,
293 552 519 607 gravitate,
551 551 822 594 constantia?
857 564 962 603 quae
996 563 1142 590 omnes
1175 549 1291 591 docti
1323 552 1452 603 atque

111 611 326 666 sapientes
360 625 545 665 summa,
584 610 756 664 quidam
789 609 919 651 etiam
952 608 1043 650 sola
1075 608 1188 649 bona
1219 622 1310 650 esse
1342 607 1453 649 dixe-

110 673 228 723 runt,
266 669 418 724 hisque
453 684 539 711 non
570 669 696 711 modo
730 669 781 709 ad
814 669 937 721 bene,
976 667 1048 708 sed
1081 667 1212 708 etiam
1244 666 1296 708 ad
1328 666 1453 708 beate

60 745 92 770 ιο
110 728 338 770 vivendum
377 731 624 770 contentam
664 742 755 769 esse
794 727 1010 767 virtutem.
1071 725 1190 767 Haec
1226 724 1299 766 ille
1332 740 1454 780 repu-
1468 734 1513 767 38

112 790 209 828 tans
248 789 291 828 et
330 787 418 828 dies
457 790 689 840 noctesque
729 786 926 841 cogitans
963 799 1051 826 non
1087 784 1213 826 modo
1250 783 1332 825 tibi
1368 798 1456 826 11011

112 848 332 887 suscenset
364 843 496 901 (esset
528 846 641 887 enim
671 860 759 886 non
791 845 931 885 solum
965 844 1180 898 ingratus,
1219 842 1291 884 sed
1324 842 1455 884 etiam

113 903 291 960 amens),
322 919 471 946 verum
503 919 673 946 omnem
706 903 1068 957 tranquillitatem
1100 905 1142 943 et
1175 902 1363 955 quietem
1394 915 1454 942 se-

111 963 298 1005 nectutis
326 966 546 1017 acceptam
573 962 705 1004 refert
731 961 980 1004 clementiae
1007 963 1118 1002 tuae.
1164 960 1257 1009 Quo
1283 960 1454 1014 quidem
1471 956 1520 998 14

62 1036 94 1062 15
114 1022 257 1064 animo
303 1036 400 1063 cum
444 1024 570 1062 antea
614 1021 715 1075 fuit,
759 1024 851 1061 tum
891 1034 978 1061 non
1015 1020 1182 1073 dubito,
1228 1019 1331 1073 quin
1367 1018 1455 1060 tuis

112 1080 285 1134 litteris,
313 1094 493 1135 quarum
514 1080 755 1134 exemplum
774 1079 873 1134 legi,
900 1093 1004 1133 quas
1026 1079 1078 1119 ad
1099 1093 1195 1119 eum
1215 1077 1455 1119 Tarracone

113 1139 212 1180 huic
250 1137 466 1180 Blesamio
512 1139 685 1193 dedisti,
729 1153 772 1179 se
817 1137 955 1193 magis
1001 1137 1132 1178 etiam
1177 1136 1360 1178 erexerit
1400 1136 1454 1177 ab

115 1197 316 1251 omnique
361 1197 649 1238 sollicitudine
694 1196 964 1238 abstraxerit.
1031 1195 1158 1237 Iubes
1203 1195 1316 1236 enim
1358 1209 1456 1236 eum

114 1257 222 1298 bene
264 1270 434 1310 sperare
473 1258 516 1297 et
553 1256 666 1297 bono
706 1270 798 1297 esse
831 1255 991 1309 animo,
1030 1254 1143 1309 quod
1175 1253 1262 1296 scio
1295 1256 1338 1295 te
1369 1267 1457 1295 non

63 1330 96 1355 20
115 1314 278 1356 frustra
303 1315 488 1356 scribere
515 1315 662 1356 solere.
713 1313 891 1355 Memini
916 1313 1030 1355 enim
1049 1313 1186 1355 isdem
1205 1312 1293 1354 fere
1313 1312 1455 1354 verbis

117 1374 169 1415 ad
212 1388 279 1415 me
321 1376 363 1414 te
402 1373 586 1415 scribere
625 1387 776 1427 meque
815 1373 902 1414 tuis
940 1372 1100 1413 litteris
1138 1372 1246 1413 bene
1285 1385 1456 1425 sperare

115 1446 204 1489 non
233 1431 395 1473 frustra
421 1446 513 1474 esse
539 1432 714 1473 iussum.
770 1430 940 1473 Laboro
968 1431 1165 1484 equidem
1191 1430 1305 1485 regis
1332 1429 1458 1471 Deio·
1472 1437 1516 1468 39

117 1490 202 1531 tari
234 1504 373 1544 causa,
406 1505 590 1544 quocum
622 1490 728 1531 mihi
761 1490 997 1531 amicitiam
1029 1504 1095 1530 res
1122 1488 1295 1543 publica
1321 1488 1458 1530 conci-

118 1548 254 1601 liavit,
278 1548 517 1602 hospitium
543 1549 742 1590 voluntas
768 1548 992 1602 utriusque
1019 1547 1251 1601 coniunxit,
1277 1546 1458 1588 familia-

66 1626 99 1652 25
120 1607 295 1648 ritatem
333 1607 594 1648 consuetudo
634 1607 799 1660 attulit,
841 1620 1053 1648 summam
1090 1619 1189 1646 vero
1227 1605 1458 1647 necessitu-

121 1666 264 1706 dinem
290 1678 448 1719 magna
474 1665 562 1705 eius
592 1664 734 1706 officia
758 1665 803 1705 in
829 1679 896 1705 me
923 1667 966 1705 et
991 1664 1036 1704 in
1061 1664 1296 1704 exercitum
1316 1677 1459 1704 meum

122 1723 371 1776 effecerunt3
404 1723 477 1763 sed
509 1737 605 1763 cum
631 1723 680 1763 de
707 1723 780 1764 illo
807 1723 970 1775 laboro,
1002 1724 1095 1762 tum
1121 1721 1171 1762 de
1198 1721 1347 1762 multis
1374 1735 1459 1762 am-

121 1782 329 1837 plissimis
362 1781 478 1834 viris,
511 1780 663 1834 quibus
697 1781 827 1821 semel
860 1780 1058 1835 ignotum
1092 1794 1115 1820 a
1147 1782 1189 1820 te
1219 1793 1310 1820 esse
1339 1793 1459 1833 opor—

123 1843 188 1881 tet
212 1854 289 1881 nec
315 1839 568 1880 beneficium
594 1841 716 1879 tuum
741 1839 786 1879 in
812 1838 989 1879 dubium
1014 1838 1157 1879 vocari
1182 1851 1259 1878 nec
1284 1837 1459 1878 haerere

71 1918 104 1943 so
123 1899 168 1939 in
211 1897 365 1939 animis
409 1897 631 1938 hominum
670 1896 1003 1937 sollicitudinem
1041 1896 1345 1950 sempiternam
1382 1909 1460 1937 nec

125 1956 331 2009 accidere,
368 1958 417 1996 ut
455 1955 682 2009 quisquam
718 1958 760 1995 te
792 1954 943 1996 timere
974 1954 1153 2008 incipiat
1185 1968 1350 2007 eorum,
1388 1953 1461 2008 qui

124 2016 213 2057 sint
239 2014 369 2056 semel
396 2028 421 2054 a.
446 2016 488 2054 te
514 2013 686 2054 liberati
712 2014 877 2054 timore.
927 2011 1027 2054 Non
1053 2012 1197 2066 debeo,
1225 2011 1269 2054 C.
1290 2011 1459 2066 Caesar,
1473 2018 1518 2050 40

126 2073 240 2128 quod
264 2072 358 2114 fieri
384 2072 495 2113 solet
521 2072 566 2112 in
585 2071 718 2112 tantis
739 2071 950 2125 periculiS‚
976 2073 1200 2124 temptare,
1226 2084 1461 2124 ecquonam

126 2132 253 2173 modo
285 2131 462 2172 dicendo
488 2129 823 2171 misericordiam
849 2132 969 2170 tuam
994 2143 1260 2171 commovere
1284 2129 1460 2182 possim.

74 2189 249 2232 asNihjl
287 2203 392 2244 opus
432 2191 506 2230 est.
569 2187 800 2229 Occurrere
839 2187 948 2228 solet
985 2187 1079 2241 ipsa
1117 2187 1380 2241 supplicibus
1419 2190 1462 2228 et

129 2248 392 2289 calamitosis
441 2247 599 2288 nullius
645 2245 836 2287 oratione
881 2249 1067 2287 evocata.
1141 2245 1337 2299 Propone
1380 2245 1462 2287 tibi

130 2306 235 2348 duos
267 2319 388 2360 reges
422 2308 464 2346 et
494 2305 536 2346 id
569 2305 710 2345 animo
742 2304 1043 2358 contemplare,
1077 2304 1188 2358 quod
1216 2304 1350 2346 oculis
1376 2319 1462 2346 non
