<?xml version="1.0" encoding="UTF-8"?>
<!DOCTYPE html PUBLIC "-//W3C//DTD XHTML 1.0 Transitional//EN"
    "http://www.w3.org/TR/xhtml1/DTD/xhtml1-transitional.dtd">
<html xmlns="http://www.w3.org/1999/xhtml" xml:lang="en" lang="en">
 <head>
  <title>
</title>
<meta http-equiv="Content-Type" content="text/html;charset=utf-8" />
  <meta name='ocr-system' content='tesseract 3.04.00' />
  <meta name='ocr-capabilities' content='ocr_page ocr_carea ocr_par ocr_line ocrx_word'/>
</head>
<body>
  <div class='ocr_page' id='page_1' title='image "./p3scriptaquaemanse02ciceuoft_0500.png"; bbox 0 0 1671 2543; ppageno 0'>
   <div class='ocr_carea' id='block_1_1' title="bbox 214 92 1249 136">
    <p class='ocr_par' dir='ltr' id='par_1_1' title="bbox 214 92 1249 136">
     <span class='ocr_line' id='line_1_1' title="bbox 214 92 1249 136; baseline -0.009 0"><span class='ocrx_word' id='word_1_1' title='bbox 214 95 300 136; x_wconf 81' lang='grc'>350</span> <span class='ocrx_word' id='word_1_2' title='bbox 516 93 607 128; x_wconf 85' lang='lat' dir='ltr'>PRO</span> <span class='ocrx_word' id='word_1_3' title='bbox 634 92 763 127; x_wconf 85' lang='lat' dir='ltr'><strong>REGE</strong></span> <span class='ocrx_word' id='word_1_4' title='bbox 791 92 1036 128; x_wconf 87' lang='lat' dir='ltr'><strong>DEIOTARO</strong></span> <span class='ocrx_word' id='word_1_5' title='bbox 1064 92 1249 128; x_wconf 87' lang='lat' dir='ltr'><strong>ORATIO.</strong></span> 
     </span>
    </p>
   </div>
   <div class='ocr_carea' id='block_1_2' title="bbox 148 200 1610 2367">
    <p class='ocr_par' dir='ltr' id='par_1_2' title="bbox 148 200 1610 2367">
     <span class='ocr_line' id='line_1_2' title="bbox 213 200 1558 255; baseline 0.001 -11"><span class='ocrx_word' id='word_1_6' title='bbox 213 202 495 255; x_wconf 82' lang='lat' dir='ltr'>mehercules,</span> <span class='ocrx_word' id='word_1_7' title='bbox 536 200 709 255; x_wconf 84' lang='lat' dir='ltr'>Caesar,</span> <span class='ocrx_word' id='word_1_8' title='bbox 748 201 892 255; x_wconf 89' lang='lat' dir='ltr'>initio,</span> <span class='ocrx_word' id='word_1_9' title='bbox 925 215 1021 242; x_wconf 90' lang='lat' dir='ltr'>cum</span> <span class='ocrx_word' id='word_1_10' title='bbox 1053 203 1120 242; x_wconf 90' lang='lat' dir='ltr'>est</span> <span class='ocrx_word' id='word_1_11' title='bbox 1151 201 1204 242; x_wconf 87' lang='lat' dir='ltr'>ad</span> <span class='ocrx_word' id='word_1_12' title='bbox 1235 216 1303 243; x_wconf 89' lang='lat' dir='ltr'>me</span> <span class='ocrx_word' id='word_1_13' title='bbox 1335 202 1398 244; x_wconf 87' lang='lat' dir='ltr'>ita</span> <span class='ocrx_word' id='word_1_14' title='bbox 1429 217 1558 245; x_wconf 85' lang='lat' dir='ltr'>causa</span> 
     </span>
     <span class='ocr_line' id='line_1_3' title="bbox 213 260 1557 316; baseline 0.001 -13"><span class='ocrx_word' id='word_1_15' title='bbox 213 261 366 315; x_wconf 89' lang='lat' dir='ltr'>delata,</span> <span class='ocrx_word' id='word_1_16' title='bbox 400 260 663 314; x_wconf 84' lang='lat' dir='ltr'>Phidippum</span> <span class='ocrx_word' id='word_1_17' title='bbox 694 260 918 314; x_wconf 87' lang='lat' dir='ltr'>medicum,</span> <span class='ocrx_word' id='word_1_18' title='bbox 951 273 1121 301; x_wconf 79' lang='lat' dir='ltr'>servum</span> <span class='ocrx_word' id='word_1_19' title='bbox 1147 260 1327 315; x_wconf 85' lang='lat' dir='ltr'>regium,</span> <span class='ocrx_word' id='word_1_20' title='bbox 1361 261 1433 316; x_wconf 90' lang='lat' dir='ltr'>qui</span> <span class='ocrx_word' id='word_1_21' title='bbox 1459 276 1557 304; x_wconf 92' lang='lat' dir='ltr'>cum</span> 
     </span>
     <span class='ocr_line' id='line_1_4' title="bbox 213 319 1557 375; baseline 0.001 -14"><span class='ocrx_word' id='word_1_22' title='bbox 213 320 369 375; x_wconf 86' lang='lat' dir='ltr'>legatis</span> <span class='ocrx_word' id='word_1_23' title='bbox 402 319 558 360; x_wconf 83' lang='lat' dir='ltr'>missus</span> <span class='ocrx_word' id='word_1_24' title='bbox 592 321 722 373; x_wconf 87' lang='lat' dir='ltr'>esset,</span> <span class='ocrx_word' id='word_1_25' title='bbox 755 319 808 360; x_wconf 89' lang='lat' dir='ltr'>ab</span> <span class='ocrx_word' id='word_1_26' title='bbox 840 319 925 360; x_wconf 91' lang='lat' dir='ltr'>isto</span> <span class='ocrx_word' id='word_1_27' title='bbox 958 319 1228 361; x_wconf 80' lang='lat' dir='ltr'>adulescente</span> <span class='ocrx_word' id='word_1_28' title='bbox 1261 333 1353 361; x_wconf 88' lang='lat' dir='ltr'>esse</span> <span class='ocrx_word' id='word_1_29' title='bbox 1386 333 1557 375; x_wconf 88' lang='lat' dir='ltr'>corrup·</span> 
     </span>
     <span class='ocr_line' id='line_1_5' title="bbox 212 376 1557 433; baseline 0.001 -13"><span class='ocrx_word' id='word_1_30' title='bbox 212 382 318 432; x_wconf 91' lang='lat' dir='ltr'>tum,</span> <span class='ocrx_word' id='word_1_31' title='bbox 344 378 424 419; x_wconf 90' lang='lat' dir='ltr'>hac</span> <span class='ocrx_word' id='word_1_32' title='bbox 457 385 551 418; x_wconf 84' lang='lat' dir='ltr'>sum</span> <span class='ocrx_word' id='word_1_33' title='bbox 578 377 821 432; x_wconf 83' lang='lat' dir='ltr'>suspicione</span> <span class='ocrx_word' id='word_1_34' title='bbox 846 392 1092 433; x_wconf 89' lang='lat' dir='ltr'>percussus:</span> <span class='ocrx_word' id='word_1_35' title='bbox 1118 376 1348 420; x_wconf 76' lang='lat' dir='ltr'>‘Medicum</span> <span class='ocrx_word' id='word_1_36' title='bbox 1373 378 1557 421; x_wconf 85' lang='lat' dir='ltr'>indicem</span> 
     </span>
     <span class='ocr_line' id='line_1_6' title="bbox 212 436 1609 492; baseline 0.001 -13"><span class='ocrx_word' id='word_1_37' title='bbox 212 437 482 490; x_wconf 81' lang='lat' dir='ltr'>subornavit3</span> <span class='ocrx_word' id='word_1_38' title='bbox 532 436 668 492; x_wconf 84' lang='lat' dir='ltr'>finget</span> <span class='ocrx_word' id='word_1_39' title='bbox 714 436 911 478; x_wconf 85' lang='lat' dir='ltr'>videlieet</span> <span class='ocrx_word' id='word_1_40' title='bbox 955 437 1129 491; x_wconf 85' lang='lat' dir='ltr'>aliquod</span> <span class='ocrx_word' id='word_1_41' title='bbox 1172 437 1333 478; x_wconf 82' lang='lat' dir='ltr'>crimen</span> <span class='ocrx_word' id='word_1_42' title='bbox 1376 437 1555 480; x_wconf 62' lang='lat' dir='ltr'>veneni?</span> <span class='ocrx_word' id='word_1_43' title='bbox 1593 455 1609 481; x_wconf 82' lang='lat'><strong>5</strong></span> 
     </span>
     <span class='ocr_line' id='line_1_7' title="bbox 211 495 1556 551; baseline 0.001 -14"><span class='ocrx_word' id='word_1_44' title='bbox 211 495 310 537; x_wconf 87' lang='lat' dir='ltr'>Etsi</span> <span class='ocrx_word' id='word_1_45' title='bbox 337 510 361 536; x_wconf 88' lang='lat' dir='ltr'>a</span> <span class='ocrx_word' id='word_1_46' title='bbox 386 495 566 536; x_wconf 88' lang='lat' dir='ltr'>veritate</span> <span class='ocrx_word' id='word_1_47' title='bbox 593 496 733 551; x_wconf 86' lang='lat' dir='ltr'>longe,</span> <span class='ocrx_word' id='word_1_48' title='bbox 758 498 903 537; x_wconf 91' lang='lat' dir='ltr'>tamen</span> <span class='ocrx_word' id='word_1_49' title='bbox 929 510 954 536; x_wconf 89' lang='lat' dir='ltr'>a</span> <span class='ocrx_word' id='word_1_50' title='bbox 974 495 1280 537; x_wconf 88' lang='lat' dir='ltr'>consuetudine</span> <span class='ocrx_word' id='word_1_51' title='bbox 1301 496 1556 538; x_wconf 91' lang='lat' dir='ltr'>criminandi</span> 
     </span>
     <span class='ocr_line' id='line_1_8' title="bbox 157 554 1556 603; baseline 0.001 -7"><span class='ocrx_word' id='word_1_52' title='bbox 157 563 198 596; x_wconf 86' lang='lat'>18</span> <span class='ocrx_word' id='word_1_53' title='bbox 211 569 299 596; x_wconf 92' lang='lat' dir='ltr'>non</span> <span class='ocrx_word' id='word_1_54' title='bbox 354 554 539 596; x_wconf 91' lang='lat' dir='ltr'>multum</span> <span class='ocrx_word' id='word_1_55' title='bbox 594 568 662 595; x_wconf 89' lang='lat' dir='ltr'>res</span> <span class='ocrx_word' id='word_1_56' title='bbox 713 554 984 596; x_wconf 75' lang='lat' dir='ltr'>abhorrebat.</span> <span class='ocrx_word' id='word_1_57' title='bbox 1066 554 1177 603; x_wconf 84' lang='lat' dir='ltr'>Quid</span> <span class='ocrx_word' id='word_1_58' title='bbox 1227 555 1289 596; x_wconf 89' lang='lat' dir='ltr'>ait</span> <span class='ocrx_word' id='word_1_59' title='bbox 1337 555 1556 597; x_wconf 84' lang='lat' dir='ltr'>medicus?</span> 
     </span>
     <span class='ocr_line' id='line_1_9' title="bbox 211 613 1555 668; baseline 0.001 -14"><span class='ocrx_word' id='word_1_60' title='bbox 211 613 333 654; x_wconf 90' lang='lat' dir='ltr'>Nihil</span> <span class='ocrx_word' id='word_1_61' title='bbox 367 613 416 654; x_wconf 92' lang='lat' dir='ltr'>de</span> <span class='ocrx_word' id='word_1_62' title='bbox 450 627 623 654; x_wconf 89' lang='lat' dir='ltr'>veneno.</span> <span class='ocrx_word' id='word_1_63' title='bbox 673 613 734 654; x_wconf 92' lang='lat' dir='ltr'>At</span> <span class='ocrx_word' id='word_1_64' title='bbox 764 613 807 654; x_wconf 90' lang='lat' dir='ltr'>id</span> <span class='ocrx_word' id='word_1_65' title='bbox 839 613 932 654; x_wconf 92' lang='lat' dir='ltr'>fieri</span> <span class='ocrx_word' id='word_1_66' title='bbox 961 613 1106 667; x_wconf 91' lang='lat' dir='ltr'>potuit</span> <span class='ocrx_word' id='word_1_67' title='bbox 1130 613 1319 668; x_wconf 91' lang='lat' dir='ltr'>primum</span> <span class='ocrx_word' id='word_1_68' title='bbox 1345 614 1555 656; x_wconf 76' lang='lat' dir='ltr'>occultius</span> 
     </span>
     <span class='ocr_line' id='line_1_10' title="bbox 211 671 1555 728; baseline 0.001 -15"><span class='ocrx_word' id='word_1_69' title='bbox 211 672 255 713; x_wconf 88' lang='lat' dir='ltr'>in</span> <span class='ocrx_word' id='word_1_70' title='bbox 292 671 486 726; x_wconf 88' lang='lat' dir='ltr'>potione,</span> <span class='ocrx_word' id='word_1_71' title='bbox 524 672 568 713; x_wconf 87' lang='lat' dir='ltr'>in</span> <span class='ocrx_word' id='word_1_72' title='bbox 604 672 718 726; x_wconf 85' lang='lat' dir='ltr'>cibo3</span> <span class='ocrx_word' id='word_1_73' title='bbox 757 671 906 713; x_wconf 88' lang='lat' dir='ltr'>deinde</span> <span class='ocrx_word' id='word_1_74' title='bbox 939 671 1070 713; x_wconf 82' lang='lat' dir='ltr'>etia-m</span> <span class='ocrx_word' id='word_1_75' title='bbox 1101 672 1304 726; x_wconf 88' lang='lat' dir='ltr'>inpunius</span> <span class='ocrx_word' id='word_1_76' title='bbox 1336 672 1404 726; x_wconf 89' lang='lat' dir='ltr'>fit,</span> <span class='ocrx_word' id='word_1_77' title='bbox 1443 674 1555 728; x_wconf 90' lang='lat' dir='ltr'>quod</span> 
     </span>
     <span class='ocr_line' id='line_1_11' title="bbox 211 729 1610 786; baseline 0.001 -14"><span class='ocrx_word' id='word_1_78' title='bbox 211 745 308 772; x_wconf 91' lang='lat' dir='ltr'>cum</span> <span class='ocrx_word' id='word_1_79' title='bbox 346 733 412 772; x_wconf 89' lang='lat' dir='ltr'>est</span> <span class='ocrx_word' id='word_1_80' title='bbox 448 730 627 786; x_wconf 87' lang='lat' dir='ltr'>factum,</span> <span class='ocrx_word' id='word_1_81' title='bbox 664 731 815 786; x_wconf 85' lang='lat' dir='ltr'>negari</span> <span class='ocrx_word' id='word_1_82' title='bbox 852 733 1007 785; x_wconf 88' lang='lat' dir='ltr'>potest.</span> <span class='ocrx_word' id='word_1_83' title='bbox 1070 729 1116 772; x_wconf 83' lang='lat' dir='ltr'>Si</span> <span class='ocrx_word' id='word_1_84' title='bbox 1154 731 1297 785; x_wconf 86' lang='lat' dir='ltr'>palam</span> <span class='ocrx_word' id='word_1_85' title='bbox 1328 733 1371 773; x_wconf 91' lang='lat' dir='ltr'>te</span> <span class='ocrx_word' id='word_1_86' title='bbox 1403 731 1610 775; x_wconf 78' lang='lat' dir='ltr'>intere-10</span> 
     </span>
     <span class='ocr_line' id='line_1_12' title="bbox 211 789 1555 845; baseline 0.001 -15"><span class='ocrx_word' id='word_1_87' title='bbox 211 789 378 843; x_wconf 88' lang='lat' dir='ltr'>misset,</span> <span class='ocrx_word' id='word_1_88' title='bbox 417 790 609 831; x_wconf 87' lang='lat' dir='ltr'>omnium</span> <span class='ocrx_word' id='word_1_89' title='bbox 646 790 691 831; x_wconf 88' lang='lat' dir='ltr'>in</span> <span class='ocrx_word' id='word_1_90' title='bbox 729 804 772 831; x_wconf 90' lang='lat' dir='ltr'>se</span> <span class='ocrx_word' id='word_1_91' title='bbox 811 790 1006 845; x_wconf 87' lang='lat' dir='ltr'>gentium</span> <span class='ocrx_word' id='word_1_92' title='bbox 1039 803 1126 831; x_wconf 92' lang='lat' dir='ltr'>non</span> <span class='ocrx_word' id='word_1_93' title='bbox 1159 790 1298 831; x_wconf 88' lang='lat' dir='ltr'>solum</span> <span class='ocrx_word' id='word_1_94' title='bbox 1331 790 1444 845; x_wconf 84' lang='lat' dir='ltr'>odia,</span> <span class='ocrx_word' id='word_1_95' title='bbox 1483 791 1555 832; x_wconf 90' lang='lat' dir='ltr'>sed</span> 
     </span>
     <span class='ocr_line' id='line_1_13' title="bbox 211 847 1556 904; baseline 0.001 -15"><span class='ocrx_word' id='word_1_96' title='bbox 211 848 343 890; x_wconf 88' lang='lat' dir='ltr'>etiam</span> <span class='ocrx_word' id='word_1_97' title='bbox 376 863 493 890; x_wconf 88' lang='lat' dir='ltr'>arma-</span> <span class='ocrx_word' id='word_1_98' title='bbox 528 849 828 902; x_wconf 79' lang='lat' dir='ltr'>convertisset3</span> <span class='ocrx_word' id='word_1_99' title='bbox 860 849 897 890; x_wconf 88' lang='lat' dir='ltr'>si</span> <span class='ocrx_word' id='word_1_100' title='bbox 929 863 1103 903; x_wconf 86' lang='lat' dir='ltr'>veneno,</span> <span class='ocrx_word' id='word_1_101' title='bbox 1136 847 1251 890; x_wconf 89' lang='lat' dir='ltr'>Iovis</span> <span class='ocrx_word' id='word_1_102' title='bbox 1284 849 1357 890; x_wconf 88' lang='lat' dir='ltr'>ille</span> <span class='ocrx_word' id='word_1_103' title='bbox 1385 849 1556 904; x_wconf 90' lang='lat' dir='ltr'>quidem</span> 
     </span>
     <span class='ocr_line' id='line_1_14' title="bbox 210 907 1554 962; baseline 0.001 -14"><span class='ocrx_word' id='word_1_104' title='bbox 210 907 440 961; x_wconf 85' lang='lat' dir='ltr'>hospitalis</span> <span class='ocrx_word' id='word_1_105' title='bbox 471 922 631 949; x_wconf 90' lang='lat' dir='ltr'>numen</span> <span class='ocrx_word' id='word_1_106' title='bbox 648 921 897 962; x_wconf 79' lang='lat' dir='ltr'>-numquam</span> <span class='ocrx_word' id='word_1_107' title='bbox 929 908 1064 949; x_wconf 85' lang='lat' dir='ltr'>celare</span> <span class='ocrx_word' id='word_1_108' title='bbox 1096 907 1327 962; x_wconf 89' lang='lat' dir='ltr'>potuisset,</span> <span class='ocrx_word' id='word_1_109' title='bbox 1359 907 1554 956; x_wconf 88' lang='lat' dir='ltr'>homines</span> 
     </span>
     <span class='ocr_line' id='line_1_15' title="bbox 211 965 1556 1022; baseline 0.001 -16"><span class='ocrx_word' id='word_1_110' title='bbox 211 965 395 1007; x_wconf 87' lang='lat' dir='ltr'>fortasse</span> <span class='ocrx_word' id='word_1_111' title='bbox 435 966 626 1008; x_wconf 83' lang='lat' dir='ltr'>celasset.</span> <span class='ocrx_word' id='word_1_112' title='bbox 690 966 812 1015; x_wconf 90' lang='lat' dir='ltr'>Quod</span> <span class='ocrx_word' id='word_1_113' title='bbox 850 966 985 1022; x_wconf 83' lang='lat' dir='ltr'>igitur</span> <span class='ocrx_word' id='word_1_114' title='bbox 1017 969 1061 1008; x_wconf 90' lang='lat' dir='ltr'>et</span> <span class='ocrx_word' id='word_1_115' title='bbox 1092 966 1237 1008; x_wconf 88' lang='lat' dir='ltr'>conari</span> <span class='ocrx_word' id='word_1_116' title='bbox 1270 967 1480 1008; x_wconf 89' lang='lat' dir='ltr'>occultius</span> <span class='ocrx_word' id='word_1_117' title='bbox 1513 969 1556 1008; x_wconf 81' lang='lat' dir='ltr'>et</span> 
     </span>
     <span class='ocr_line' id='line_1_16' title="bbox 211 1024 1607 1079; baseline 0.002 -13"><span class='ocrx_word' id='word_1_118' title='bbox 211 1024 378 1066; x_wconf 88' lang='lat' dir='ltr'>efficere</span> <span class='ocrx_word' id='word_1_119' title='bbox 418 1025 586 1067; x_wconf 88' lang='lat' dir='ltr'>cautius</span> <span class='ocrx_word' id='word_1_120' title='bbox 624 1025 784 1079; x_wconf 88' lang='lat' dir='ltr'>potuit,</span> <span class='ocrx_word' id='word_1_121' title='bbox 826 1025 869 1066; x_wconf 87' lang='lat' dir='ltr'>id</span> <span class='ocrx_word' id='word_1_122' title='bbox 907 1025 989 1066; x_wconf 88' lang='lat' dir='ltr'>tibi</span> <span class='ocrx_word' id='word_1_123' title='bbox 1032 1027 1075 1067; x_wconf 92' lang='lat' dir='ltr'>et</span> <span class='ocrx_word' id='word_1_124' title='bbox 1111 1025 1276 1067; x_wconf 84' lang='lat' dir='ltr'>medico</span> <span class='ocrx_word' id='word_1_125' title='bbox 1315 1025 1472 1068; x_wconf 88' lang='lat' dir='ltr'>callido</span> <span class='ocrx_word' id='word_1_126' title='bbox 1511 1029 1554 1068; x_wconf 90' lang='lat' dir='ltr'>et</span> <span class='ocrx_word' id='word_1_127' title='bbox 1574 1043 1607 1070; x_wconf 73' lang='grc' dir='ltr'>ιο</span> 
     </span>
     <span class='ocr_line' id='line_1_17' title="bbox 211 1083 1554 1139; baseline 0.001 -15"><span class='ocrx_word' id='word_1_128' title='bbox 211 1097 352 1138; x_wconf 82' lang='lat' dir='ltr'>servo,</span> <span class='ocrx_word' id='word_1_129' title='bbox 389 1086 439 1125; x_wconf 90' lang='lat' dir='ltr'>ut</span> <span class='ocrx_word' id='word_1_130' title='bbox 474 1084 675 1138; x_wconf 88' lang='lat' dir='ltr'>putabat,</span> <span class='ocrx_word' id='word_1_131' title='bbox 713 1083 833 1128; x_wconf 85' lang='lat' dir='ltr'>fideli</span> <span class='ocrx_word' id='word_1_132' title='bbox 873 1098 960 1125; x_wconf 88' lang='lat' dir='ltr'>non</span> <span class='ocrx_word' id='word_1_133' title='bbox 998 1084 1195 1138; x_wconf 88' lang='lat' dir='ltr'>credidit;</span> <span class='ocrx_word' id='word_1_134' title='bbox 1233 1084 1284 1125; x_wconf 91' lang='lat' dir='ltr'>de</span> <span class='ocrx_word' id='word_1_135' title='bbox 1317 1084 1466 1139; x_wconf 88' lang='lat' dir='ltr'>armis,</span> <span class='ocrx_word' id='word_1_136' title='bbox 1504 1084 1554 1126; x_wconf 88' lang='lat' dir='ltr'>de</span> 
     </span>
     <span class='ocr_line' id='line_1_18' title="bbox 155 1141 1554 1198; baseline 0.001 -16"><span class='ocrx_word' id='word_1_137' title='bbox 155 1152 195 1183; x_wconf 87' lang='lat'>19</span> <span class='ocrx_word' id='word_1_138' title='bbox 210 1141 343 1197; x_wconf 84' lang='lat' dir='ltr'>ferro,</span> <span class='ocrx_word' id='word_1_139' title='bbox 380 1142 431 1184; x_wconf 89' lang='lat' dir='ltr'>de</span> <span class='ocrx_word' id='word_1_140' title='bbox 469 1143 637 1184; x_wconf 88' lang='lat' dir='ltr'>insidiis</span> <span class='ocrx_word' id='word_1_141' title='bbox 676 1143 813 1184; x_wconf 89' lang='lat' dir='ltr'>celare</span> <span class='ocrx_word' id='word_1_142' title='bbox 845 1145 886 1184; x_wconf 87' lang='lat' dir='ltr'>tc</span> <span class='ocrx_word' id='word_1_143' title='bbox 918 1143 1088 1184; x_wconf 75' lang='lat' dir='ltr'>noluit?</span> <span class='ocrx_word' id='word_1_144' title='bbox 1150 1142 1211 1184; x_wconf 90' lang='lat' dir='ltr'>At</span> <span class='ocrx_word' id='word_1_145' title='bbox 1243 1157 1371 1198; x_wconf 90' lang='lat' dir='ltr'>quam</span> <span class='ocrx_word' id='word_1_146' title='bbox 1401 1142 1554 1185; x_wconf 87' lang='lat' dir='ltr'>festive</span> 
     </span>
     <span class='ocr_line' id='line_1_19' title="bbox 211 1200 1554 1257; baseline 0.001 -15"><span class='ocrx_word' id='word_1_147' title='bbox 211 1201 372 1242; x_wconf 87' lang='lat' dir='ltr'>crimen</span> <span class='ocrx_word' id='word_1_148' title='bbox 422 1202 680 1243; x_wconf 83' lang='lat' dir='ltr'>contexitur!</span> <span class='ocrx_word' id='word_1_149' title='bbox 757 1201 863 1242; x_wconf 78' lang='lat' dir='ltr'>‘Tua</span> <span class='ocrx_word' id='word_1_150' title='bbox 906 1200 982 1255; x_wconf 89' lang='lat' dir='ltr'>te&#39;,</span> <span class='ocrx_word' id='word_1_151' title='bbox 1031 1201 1189 1256; x_wconf 88' lang='lat' dir='ltr'>inquit,</span> <span class='ocrx_word' id='word_1_152' title='bbox 1240 1201 1403 1243; x_wconf 73' lang='lat' dir='ltr'>‘eadem</span> <span class='ocrx_word' id='word_1_153' title='bbox 1447 1216 1554 1257; x_wconf 85' lang='lat' dir='ltr'>quae</span> 
     </span>
     <span class='ocr_line' id='line_1_20' title="bbox 211 1259 1552 1315; baseline 0.001 -15"><span class='ocrx_word' id='word_1_154' title='bbox 211 1273 378 1313; x_wconf 89' lang='lat' dir='ltr'>semper</span> <span class='ocrx_word' id='word_1_155' title='bbox 422 1259 596 1301; x_wconf 84' lang='lat' dir='ltr'>fortuna</span> <span class='ocrx_word' id='word_1_156' title='bbox 634 1260 838 1314; x_wconf 74' lang='lat' dir='ltr'>servavit3</span> <span class='ocrx_word' id='word_1_157' title='bbox 881 1260 1095 1315; x_wconf 82' lang='lat' dir='ltr'>negavisti</span> <span class='ocrx_word' id='word_1_158' title='bbox 1133 1263 1225 1301; x_wconf 91' lang='lat' dir='ltr'>tum</span> <span class='ocrx_word' id='word_1_159' title='bbox 1263 1262 1305 1302; x_wconf 90' lang='lat' dir='ltr'>te</span> <span class='ocrx_word' id='word_1_160' title='bbox 1343 1260 1552 1315; x_wconf 87' lang='lat' dir='ltr'>inspicere</span> 
     </span>
     <span class='ocr_line' id='line_1_21' title="bbox 171 1317 1608 1374; baseline 0.001 -14"><span class='ocrx_word' id='word_1_161' title='bbox 171 1317 344 1360; x_wconf 87' lang='lat' dir='ltr'>7velle.&#39;</span> <span class='ocrx_word' id='word_1_162' title='bbox 414 1317 526 1366; x_wconf 82' lang='lat' dir='ltr'>Quid</span> <span class='ocrx_word' id='word_1_163' title='bbox 568 1319 749 1372; x_wconf 80' lang='lat' dir='ltr'>postea?</span> <span class='ocrx_word' id='word_1_164' title='bbox 793 1333 848 1359; x_wconf 90' lang='lat' dir='ltr'>an</span> <span class='ocrx_word' id='word_1_165' title='bbox 885 1318 1116 1359; x_wconf 87' lang='lat' dir='ltr'>Deiotarus</span> <span class='ocrx_word' id='word_1_166' title='bbox 1161 1333 1205 1360; x_wconf 92' lang='lat' dir='ltr'>re</span> <span class='ocrx_word' id='word_1_167' title='bbox 1244 1318 1319 1360; x_wconf 91' lang='lat' dir='ltr'>illo</span> <span class='ocrx_word' id='word_1_168' title='bbox 1359 1321 1608 1374; x_wconf 70' lang='lat' dir='ltr'>temporem</span> 
     </span>
     <span class='ocr_line' id='line_1_22' title="bbox 208 1376 1554 1430; baseline 0.002 -14"><span class='ocrx_word' id='word_1_169' title='bbox 208 1390 296 1416; x_wconf 87' lang='grc'>11011</span> <span class='ocrx_word' id='word_1_170' title='bbox 327 1376 516 1430; x_wconf 85' lang='lat' dir='ltr'>perfecta</span> <span class='ocrx_word' id='word_1_171' title='bbox 549 1377 752 1418; x_wconf 90' lang='lat' dir='ltr'>continuo</span> <span class='ocrx_word' id='word_1_172' title='bbox 786 1377 951 1418; x_wconf 89' lang='lat' dir='ltr'>dimisit</span> <span class='ocrx_word' id='word_1_173' title='bbox 982 1376 1245 1418; x_wconf 80' lang='lat' dir='ltr'>exereitum?</span> <span class='ocrx_word' id='word_1_174' title='bbox 1282 1377 1426 1419; x_wconf 89' lang='lat' dir='ltr'>nullus</span> <span class='ocrx_word' id='word_1_175' title='bbox 1459 1381 1554 1420; x_wconf 85' lang='lat' dir='ltr'>erat</span> 
     </span>
     <span class='ocr_line' id='line_1_23' title="bbox 209 1434 1552 1491; baseline 0.003 -17"><span class='ocrx_word' id='word_1_176' title='bbox 209 1434 318 1474; x_wconf 89' lang='lat' dir='ltr'>alius</span> <span class='ocrx_word' id='word_1_177' title='bbox 351 1434 581 1475; x_wconf 86' lang='lat' dir='ltr'>insidiandi</span> <span class='ocrx_word' id='word_1_178' title='bbox 614 1435 763 1476; x_wconf 78' lang='lat' dir='ltr'>locus?</span> <span class='ocrx_word' id='word_1_179' title='bbox 819 1435 880 1476; x_wconf 87' lang='lat' dir='ltr'>At</span> <span class='ocrx_word' id='word_1_180' title='bbox 912 1435 1059 1476; x_wconf 88' lang='lat' dir='ltr'>eodem</span> <span class='ocrx_word' id='word_1_181' title='bbox 1089 1438 1143 1489; x_wconf 82' lang='lat' dir='ltr'>te,</span> <span class='ocrx_word' id='word_1_182' title='bbox 1176 1450 1272 1477; x_wconf 91' lang='lat' dir='ltr'>cum</span> <span class='ocrx_word' id='word_1_183' title='bbox 1298 1436 1552 1491; x_wconf 86' lang='lat' dir='ltr'>cenavisses,</span> 
     </span>
     <span class='ocr_line' id='line_1_24' title="bbox 208 1492 1553 1548; baseline 0.003 -15"><span class='ocrx_word' id='word_1_184' title='bbox 208 1492 446 1534; x_wconf 85' lang='lat' dir='ltr'>rediturum</span> <span class='ocrx_word' id='word_1_185' title='bbox 485 1493 669 1547; x_wconf 80' lang='lat' dir='ltr'>dixeras,</span> <span class='ocrx_word' id='word_1_186' title='bbox 708 1494 853 1548; x_wconf 89' lang='lat' dir='ltr'>itaque</span> <span class='ocrx_word' id='word_1_187' title='bbox 892 1493 1044 1535; x_wconf 88' lang='lat' dir='ltr'>fecisti.</span> <span class='ocrx_word' id='word_1_188' title='bbox 1107 1493 1272 1536; x_wconf 85' lang='lat' dir='ltr'>Horam</span> <span class='ocrx_word' id='word_1_189' title='bbox 1309 1509 1439 1537; x_wconf 87' lang='lat' dir='ltr'>unam</span> <span class='ocrx_word' id='word_1_190' title='bbox 1477 1498 1553 1537; x_wconf 87' lang='lat' dir='ltr'>aut</span> 
     </span>
     <span class='ocr_line' id='line_1_25' title="bbox 208 1551 1552 1607; baseline 0.002 -15"><span class='ocrx_word' id='word_1_191' title='bbox 208 1551 312 1592; x_wconf 89' lang='lat' dir='ltr'>duas</span> <span class='ocrx_word' id='word_1_192' title='bbox 351 1551 499 1593; x_wconf 92' lang='lat' dir='ltr'>eodem</span> <span class='ocrx_word' id='word_1_193' title='bbox 537 1552 631 1594; x_wconf 90' lang='lat' dir='ltr'>loco</span> <span class='ocrx_word' id='word_1_194' title='bbox 671 1555 879 1605; x_wconf 88' lang='lat' dir='ltr'>armatos,</span> <span class='ocrx_word' id='word_1_195' title='bbox 916 1556 966 1594; x_wconf 87' lang='lat' dir='ltr'>ut</span> <span class='ocrx_word' id='word_1_196' title='bbox 998 1552 1198 1595; x_wconf 90' lang='lat' dir='ltr'>collocati</span> <span class='ocrx_word' id='word_1_197' title='bbox 1230 1552 1417 1607; x_wconf 81' lang='lat' dir='ltr'>fuerant,</span> <span class='ocrx_word' id='word_1_198' title='bbox 1455 1554 1552 1596; x_wconf 88' lang='lat' dir='ltr'>reti-</span> 
     </span>
     <span class='ocr_line' id='line_1_26' title="bbox 207 1610 1604 1665; baseline 0.004 -15"><span class='ocrx_word' id='word_1_199' title='bbox 207 1624 305 1651; x_wconf 87' lang='lat' dir='ltr'>nere</span> <span class='ocrx_word' id='word_1_200' title='bbox 356 1624 561 1665; x_wconf 81' lang='lat' dir='ltr'>magnum</span> <span class='ocrx_word' id='word_1_201' title='bbox 612 1611 722 1652; x_wconf 76' lang='lat' dir='ltr'>fuit?</span> <span class='ocrx_word' id='word_1_202' title='bbox 798 1610 906 1653; x_wconf 90' lang='lat' dir='ltr'>Cum</span> <span class='ocrx_word' id='word_1_203' title='bbox 955 1611 1000 1652; x_wconf 89' lang='lat' dir='ltr'>in</span> <span class='ocrx_word' id='word_1_204' title='bbox 1045 1612 1239 1653; x_wconf 85' lang='lat' dir='ltr'>convivio</span> <span class='ocrx_word' id='word_1_205' title='bbox 1285 1613 1465 1654; x_wconf 85' lang='lat' dir='ltr'>comiter</span> <span class='ocrx_word' id='word_1_206' title='bbox 1508 1615 1604 1656; x_wconf 63' lang='lat' dir='ltr'>etas</span> 
     </span>
     <span class='ocr_line' id='line_1_27' title="bbox 208 1668 1550 1725; baseline 0.003 -16"><span class='ocrx_word' id='word_1_207' title='bbox 208 1668 389 1710; x_wconf 88' lang='lat' dir='ltr'>iucunde</span> <span class='ocrx_word' id='word_1_208' title='bbox 422 1669 589 1723; x_wconf 85' lang='lat' dir='ltr'>fuisses,</span> <span class='ocrx_word' id='word_1_209' title='bbox 616 1672 709 1711; x_wconf 88' lang='lat' dir='ltr'>tum</span> <span class='ocrx_word' id='word_1_210' title='bbox 735 1669 838 1712; x_wconf 89' lang='lat' dir='ltr'>illuc</span> <span class='ocrx_word' id='word_1_211' title='bbox 863 1670 949 1724; x_wconf 89' lang='lat' dir='ltr'>isti,</span> <span class='ocrx_word' id='word_1_212' title='bbox 980 1673 1029 1712; x_wconf 90' lang='lat' dir='ltr'>ut</span> <span class='ocrx_word' id='word_1_213' title='bbox 1055 1670 1242 1725; x_wconf 77' lang='lat' dir='ltr'>dixeras3</span> <span class='ocrx_word' id='word_1_214' title='bbox 1274 1684 1358 1725; x_wconf 93' lang='lat' dir='ltr'>quo</span> <span class='ocrx_word' id='word_1_215' title='bbox 1386 1671 1430 1712; x_wconf 91' lang='lat' dir='ltr'>in</span> <span class='ocrx_word' id='word_1_216' title='bbox 1454 1671 1550 1713; x_wconf 91' lang='lat' dir='ltr'>loco</span> 
     </span>
     <span class='ocr_line' id='line_1_28' title="bbox 207 1726 1551 1784; baseline 0.002 -16"><span class='ocrx_word' id='word_1_217' title='bbox 207 1726 460 1769; x_wconf 85' lang='lat' dir='ltr'>Deiotarum</span> <span class='ocrx_word' id='word_1_218' title='bbox 494 1729 624 1769; x_wconf 84' lang='lat' dir='ltr'>talem</span> <span class='ocrx_word' id='word_1_219' title='bbox 656 1743 758 1784; x_wconf 85' lang='lat' dir='ltr'>erga</span> <span class='ocrx_word' id='word_1_220' title='bbox 789 1731 832 1770; x_wconf 87' lang='lat' dir='ltr'>te</span> <span class='ocrx_word' id='word_1_221' title='bbox 865 1729 1119 1784; x_wconf 84' lang='lat' dir='ltr'>cognovisti,</span> <span class='ocrx_word' id='word_1_222' title='bbox 1152 1729 1290 1784; x_wconf 90' lang='lat' dir='ltr'>qualis</span> <span class='ocrx_word' id='word_1_223' title='bbox 1322 1743 1395 1771; x_wconf 86' lang='lat' dir='ltr'>rex</span> <span class='ocrx_word' id='word_1_224' title='bbox 1427 1729 1551 1771; x_wconf 89' lang='lat' dir='ltr'>Atta-</span> 
     </span>
     <span class='ocr_line' id='line_1_29' title="bbox 207 1786 1550 1844; baseline 0.002 -17"><span class='ocrx_word' id='word_1_225' title='bbox 207 1786 273 1828; x_wconf 91' lang='lat' dir='ltr'>lus</span> <span class='ocrx_word' id='word_1_226' title='bbox 306 1786 351 1827; x_wconf 88' lang='lat' dir='ltr'>in</span> <span class='ocrx_word' id='word_1_227' title='bbox 382 1786 428 1827; x_wconf 92' lang='lat' dir='ltr'>P.</span> <span class='ocrx_word' id='word_1_228' title='bbox 455 1786 709 1828; x_wconf 85' lang='lat' dir='ltr'>Africanum</span> <span class='ocrx_word' id='word_1_229' title='bbox 741 1787 836 1841; x_wconf 85' lang='lat' dir='ltr'>fuit,</span> <span class='ocrx_word' id='word_1_230' title='bbox 868 1788 934 1829; x_wconf 88' lang='lat' dir='ltr'>cui</span> <span class='ocrx_word' id='word_1_231' title='bbox 968 1787 1396 1844; x_wconf 78' lang='lat' dir='ltr'>magnificentissima</span> <span class='ocrx_word' id='word_1_232' title='bbox 1427 1788 1550 1843; x_wconf 85' lang='lat' dir='ltr'>dona,</span> 
     </span>
     <span class='ocr_line' id='line_1_30' title="bbox 206 1845 1549 1900; baseline 0.002 -15"><span class='ocrx_word' id='word_1_233' title='bbox 206 1848 255 1885; x_wconf 88' lang='lat' dir='ltr'>ut</span> <span class='ocrx_word' id='word_1_234' title='bbox 292 1845 501 1900; x_wconf 89' lang='lat' dir='ltr'>scriptum</span> <span class='ocrx_word' id='word_1_235' title='bbox 539 1846 741 1900; x_wconf 80' lang='lat' dir='ltr'>legimuS,</span> <span class='ocrx_word' id='word_1_236' title='bbox 779 1860 912 1900; x_wconf 90' lang='lat' dir='ltr'>usque</span> <span class='ocrx_word' id='word_1_237' title='bbox 951 1846 1002 1887; x_wconf 89' lang='lat' dir='ltr'>ad</span> <span class='ocrx_word' id='word_1_238' title='bbox 1034 1845 1316 1888; x_wconf 87' lang='lat' dir='ltr'>Numantiam</span> <span class='ocrx_word' id='word_1_239' title='bbox 1347 1846 1468 1888; x_wconf 87' lang='lat' dir='ltr'>misit</span> <span class='ocrx_word' id='word_1_240' title='bbox 1499 1861 1549 1888; x_wconf 76' lang='lat' dir='ltr'>ex</span> 
     </span>
     <span class='ocr_line' id='line_1_31' title="bbox 205 1904 1602 1960; baseline 0.002 -16"><span class='ocrx_word' id='word_1_241' title='bbox 205 1904 329 1957; x_wconf 88' lang='lat' dir='ltr'>Asia,</span> <span class='ocrx_word' id='word_1_242' title='bbox 381 1919 488 1958; x_wconf 90' lang='lat' dir='ltr'>quae</span> <span class='ocrx_word' id='word_1_243' title='bbox 533 1904 763 1946; x_wconf 86' lang='lat' dir='ltr'>Africanus</span> <span class='ocrx_word' id='word_1_244' title='bbox 814 1905 1081 1958; x_wconf 88' lang='lat' dir='ltr'>inspectante</span> <span class='ocrx_word' id='word_1_245' title='bbox 1132 1905 1320 1946; x_wconf 86' lang='lat' dir='ltr'>exercitu</span> <span class='ocrx_word' id='word_1_246' title='bbox 1371 1905 1546 1960; x_wconf 85' lang='lat' dir='ltr'>accepit.</span> <span class='ocrx_word' id='word_1_247' title='bbox 1567 1922 1602 1948; x_wconf 64' lang='lat' dir='ltr'>so</span> 
     </span>
     <span class='ocr_line' id='line_1_32' title="bbox 207 1962 1548 2018; baseline 0.001 -15"><span class='ocrx_word' id='word_1_248' title='bbox 207 1962 330 2010; x_wconf 85' lang='lat' dir='ltr'>Quod</span> <span class='ocrx_word' id='word_1_249' title='bbox 362 1977 458 2003; x_wconf 91' lang='lat' dir='ltr'>cum</span> <span class='ocrx_word' id='word_1_250' title='bbox 490 1977 692 2017; x_wconf 86' lang='lat' dir='ltr'>praesens</span> <span class='ocrx_word' id='word_1_251' title='bbox 719 1962 950 2004; x_wconf 84' lang='lat' dir='ltr'>Deiotarus</span> <span class='ocrx_word' id='word_1_252' title='bbox 977 1963 1096 2018; x_wconf 85' lang='lat' dir='ltr'>regio</span> <span class='ocrx_word' id='word_1_253' title='bbox 1124 1966 1167 2005; x_wconf 90' lang='lat' dir='ltr'>et</span> <span class='ocrx_word' id='word_1_254' title='bbox 1193 1963 1335 2005; x_wconf 86' lang='lat' dir='ltr'>auimo</span> <span class='ocrx_word' id='word_1_255' title='bbox 1363 1966 1406 2005; x_wconf 88' lang='lat' dir='ltr'>et</span> <span class='ocrx_word' id='word_1_256' title='bbox 1430 1977 1548 2005; x_wconf 89' lang='lat' dir='ltr'>more</span> 
     </span>
     <span class='ocr_line' id='line_1_33' title="bbox 148 2020 1547 2076; baseline 0.001 -16"><span class='ocrx_word' id='word_1_257' title='bbox 148 2029 190 2059; x_wconf 82' lang='lat'>20</span> <span class='ocrx_word' id='word_1_258' title='bbox 204 2020 388 2074; x_wconf 84' lang='lat' dir='ltr'>fecisset,</span> <span class='ocrx_word' id='word_1_259' title='bbox 419 2024 467 2062; x_wconf 90' lang='lat' dir='ltr'>tu</span> <span class='ocrx_word' id='word_1_260' title='bbox 499 2021 543 2062; x_wconf 93' lang='lat' dir='ltr'>in</span> <span class='ocrx_word' id='word_1_261' title='bbox 569 2021 813 2063; x_wconf 89' lang='lat' dir='ltr'>cubiculum</span> <span class='ocrx_word' id='word_1_262' title='bbox 839 2022 1086 2063; x_wconf 89' lang='lat' dir='ltr'>discessisti.</span> <span class='ocrx_word' id='word_1_263' title='bbox 1145 2021 1347 2076; x_wconf 83' lang='lat' dir='ltr'>Obsecro,</span> <span class='ocrx_word' id='word_1_264' title='bbox 1379 2020 1547 2076; x_wconf 84' lang='lat' dir='ltr'>Caesar,</span> 
     </span>
     <span class='ocr_line' id='line_1_34' title="bbox 205 2079 1564 2135; baseline 0.001 -15"><span class='ocrx_word' id='word_1_265' title='bbox 205 2082 348 2133; x_wconf 87' lang='lat' dir='ltr'>repete</span> <span class='ocrx_word' id='word_1_266' title='bbox 393 2079 510 2121; x_wconf 88' lang='lat' dir='ltr'>illius</span> <span class='ocrx_word' id='word_1_267' title='bbox 555 2081 762 2134; x_wconf 82' lang='lat' dir='ltr'>temporis</span> <span class='ocrx_word' id='word_1_268' title='bbox 811 2081 1079 2134; x_wconf 86' lang='lat' dir='ltr'>memoriam,</span> <span class='ocrx_word' id='word_1_269' title='bbox 1127 2094 1237 2135; x_wconf 91' lang='lat' dir='ltr'>pone</span> <span class='ocrx_word' id='word_1_270' title='bbox 1282 2080 1404 2121; x_wconf 92' lang='lat' dir='ltr'>illum</span> <span class='ocrx_word' id='word_1_271' title='bbox 1447 2083 1564 2121; x_wconf 65' lang='lat' dir='ltr'>antev</span> 
     </span>
     <span class='ocr_line' id='line_1_35' title="bbox 205 2138 1545 2192; baseline 0 -14"><span class='ocrx_word' id='word_1_272' title='bbox 205 2138 350 2179; x_wconf 88' lang='lat' dir='ltr'>oculos</span> <span class='ocrx_word' id='word_1_273' title='bbox 384 2138 508 2192; x_wconf 88' lang='lat' dir='ltr'>diem,</span> <span class='ocrx_word' id='word_1_274' title='bbox 540 2138 683 2180; x_wconf 81' lang='lat' dir='ltr'>vultus</span> <span class='ocrx_word' id='word_1_275' title='bbox 716 2138 939 2180; x_wconf 86' lang='lat' dir='ltr'>hominum</span> <span class='ocrx_word' id='word_1_276' title='bbox 966 2142 1008 2180; x_wconf 88' lang='lat' dir='ltr'>te</span> <span class='ocrx_word' id='word_1_277' title='bbox 1035 2139 1295 2180; x_wconf 89' lang='lat' dir='ltr'>intuentium</span> <span class='ocrx_word' id='word_1_278' title='bbox 1321 2139 1449 2192; x_wconf 88' lang='lat' dir='ltr'>atque</span> <span class='ocrx_word' id='word_1_279' title='bbox 1478 2138 1545 2179; x_wconf 89' lang='lat' dir='ltr'>ad-</span> 
     </span>
     <span class='ocr_line' id='line_1_36' title="bbox 204 2196 1598 2252; baseline 0.001 -16"><span class='ocrx_word' id='word_1_280' title='bbox 204 2196 452 2238; x_wconf 86' lang='lat' dir='ltr'>mirantium</span> <span class='ocrx_word' id='word_1_281' title='bbox 484 2197 716 2239; x_wconf 86' lang='lat' dir='ltr'>recordare.</span> <span class='ocrx_word' id='word_1_282' title='bbox 780 2196 897 2238; x_wconf 90' lang='lat' dir='ltr'>Num</span> <span class='ocrx_word' id='word_1_283' title='bbox 930 2211 1036 2252; x_wconf 90' lang='lat' dir='ltr'>quae</span> <span class='ocrx_word' id='word_1_284' title='bbox 1069 2196 1312 2251; x_wconf 86' lang='lat' dir='ltr'>trepidatio,</span> <span class='ocrx_word' id='word_1_285' title='bbox 1342 2210 1445 2237; x_wconf 90' lang='lat' dir='ltr'>num</span> <span class='ocrx_word' id='word_1_286' title='bbox 1472 2196 1545 2251; x_wconf 87' lang='lat' dir='ltr'>qui</span> <span class='ocrx_word' id='word_1_287' title='bbox 1565 2209 1598 2238; x_wconf 74' lang='lat'>³⁶</span> 
     </span>
     <span class='ocr_line' id='line_1_37' title="bbox 203 2253 1542 2310; baseline 0.001 -16"><span class='ocrx_word' id='word_1_288' title='bbox 203 2255 431 2308; x_wconf 84' lang='lat' dir='ltr'>tumultus,</span> <span class='ocrx_word' id='word_1_289' title='bbox 474 2270 578 2296; x_wconf 92' lang='lat' dir='ltr'>num</span> <span class='ocrx_word' id='word_1_290' title='bbox 622 2255 722 2310; x_wconf 91' lang='lat' dir='ltr'>quid</span> <span class='ocrx_word' id='word_1_291' title='bbox 759 2256 843 2297; x_wconf 92' lang='lat' dir='ltr'>nisi</span> <span class='ocrx_word' id='word_1_292' title='bbox 880 2255 1089 2309; x_wconf 88' lang='lat' dir='ltr'>modeste,</span> <span class='ocrx_word' id='word_1_293' title='bbox 1131 2255 1216 2296; x_wconf 88' lang='lat' dir='ltr'>nisi</span> <span class='ocrx_word' id='word_1_294' title='bbox 1254 2253 1414 2308; x_wconf 88' lang='lat' dir='ltr'>quiete,</span> <span class='ocrx_word' id='word_1_295' title='bbox 1457 2254 1542 2296; x_wconf 86' lang='lat' dir='ltr'>nisi</span> 
     </span>
     <span class='ocr_line' id='line_1_38' title="bbox 203 2311 1538 2367; baseline 0.001 -16"><span class='ocrx_word' id='word_1_296' title='bbox 203 2326 251 2351; x_wconf 85' lang='lat' dir='ltr'>ex</span> <span class='ocrx_word' id='word_1_297' title='bbox 278 2312 464 2353; x_wconf 87' lang='lat' dir='ltr'>hominis</span> <span class='ocrx_word' id='word_1_298' title='bbox 491 2314 736 2367; x_wconf 85' lang='lat' dir='ltr'>gravissimi</span> <span class='ocrx_word' id='word_1_299' title='bbox 770 2317 812 2355; x_wconf 87' lang='lat' dir='ltr'>et</span> <span class='ocrx_word' id='word_1_300' title='bbox 838 2313 1097 2356; x_wconf 87' lang='lat' dir='ltr'>sanctissimi</span> <span class='ocrx_word' id='word_1_301' title='bbox 1123 2311 1378 2366; x_wconf 74' lang='lat' dir='ltr'>disciplina?</span> <span class='ocrx_word' id='word_1_302' title='bbox 1430 2311 1538 2361; x_wconf 88' lang='lat' dir='ltr'>Quid</span> 
     </span>
    </p>
   </div>
  </div>
 </body>
</html>
