<?xml version="1.0" encoding="UTF-8"?>
<!DOCTYPE html PUBLIC "-//W3C//DTD XHTML 1.0 Transitional//EN"
    "http://www.w3.org/TR/xhtml1/DTD/xhtml1-transitional.dtd">
<html xmlns="http://www.w3.org/1999/xhtml" xml:lang="en" lang="en">
 <head>
  <title>
</title>
<meta http-equiv="Content-Type" content="text/html;charset=utf-8" />
  <meta name='ocr-system' content='tesseract 3.04.00' />
  <meta name='ocr-capabilities' content='ocr_page ocr_carea ocr_par ocr_line ocrx_word'/>
</head>
<body>
  <div class='ocr_page' id='page_1' title='image "./p3scriptaquaemanse02ciceuoft_0572.png"; bbox 0 0 1671 2543; ppageno 0'>
   <div class='ocr_carea' id='block_1_1' title="bbox 159 758 180 788">
    <p class='ocr_par' dir='ltr' id='par_1_1' title="bbox 159 758 180 788">
     <span class='ocr_line' id='line_1_1' title="bbox 159 758 180 788; baseline 0 0"><span class='ocrx_word' id='word_1_1' title='bbox 159 758 180 788; x_wconf 85' lang='lat'>5</span> 
     </span>
    </p>
   </div>
   <div class='ocr_carea' id='block_1_2' title="bbox 154 1439 184 1530">
    <p class='ocr_par' dir='ltr' id='par_1_2' title="bbox 154 1439 184 1530">
     <span class='ocr_line' id='line_1_2' title="bbox 154 1439 183 1480; baseline 0 0"><span class='ocrx_word' id='word_1_2' title='bbox 154 1439 183 1480; x_wconf 84' lang='lat'><strong>3</strong></span> 
     </span>
     <span class='ocr_line' id='line_1_3' title="bbox 162 1500 184 1530; baseline 0 0"><span class='ocrx_word' id='word_1_3' title='bbox 162 1500 184 1530; x_wconf 79' lang='grc'>0</span> 
     </span>
    </p>
   </div>
   <div class='ocr_carea' id='block_1_3' title="bbox 167 2108 187 2138">
    <p class='ocr_par' dir='ltr' id='par_1_3' title="bbox 167 2108 187 2138">
     <span class='ocr_line' id='line_1_4' title="bbox 167 2108 187 2138; baseline 0 0"><span class='ocrx_word' id='word_1_4' title='bbox 167 2108 187 2138; x_wconf 82' lang='grc'>’1</span> 
     </span>
    </p>
   </div>
   <div class='ocr_carea' id='block_1_4' title="bbox 189 109 1376 156">
    <p class='ocr_par' dir='ltr' id='par_1_4' title="bbox 189 109 1376 156">
     <span class='ocr_line' id='line_1_5' title="bbox 189 109 1376 156; baseline -0.003 -7"><span class='ocrx_word' id='word_1_5' title='bbox 189 114 277 156; x_wconf 86' lang='grc'>418</span> <span class='ocrx_word' id='word_1_6' title='bbox 375 114 427 149; x_wconf 90' lang='lat' dir='ltr'>IN</span> <span class='ocrx_word' id='word_1_7' title='bbox 454 113 501 149; x_wconf 87' lang='lat' dir='ltr'>M.</span> <span class='ocrx_word' id='word_1_8' title='bbox 530 111 788 147; x_wconf 88' lang='lat' dir='ltr'>ANTONIUM</span> <span class='ocrx_word' id='word_1_9' title='bbox 815 110 996 146; x_wconf 87' lang='lat' dir='ltr'><strong>ORATIO</strong></span> <span class='ocrx_word' id='word_1_10' title='bbox 1021 109 1289 146; x_wconf 90' lang='lat' dir='ltr'>PHILIPPICA</span> <span class='ocrx_word' id='word_1_11' title='bbox 1314 110 1376 146; x_wconf 84' lang='grc' dir='ltr'>ΙΙΙ.</span> 
     </span>
    </p>
   </div>
   <div class='ocr_carea' id='block_1_5' title="bbox 189 218 1549 2220">
    <p class='ocr_par' dir='ltr' id='par_1_5' title="bbox 189 218 1544 1439">
     <span class='ocr_line' id='line_1_6' title="bbox 189 218 1543 274; baseline -0.003 -9"><span class='ocrx_word' id='word_1_12' title='bbox 189 221 422 265; x_wconf 78' lang='lat' dir='ltr'>Brundisio</span> <span class='ocrx_word' id='word_1_13' title='bbox 455 236 552 264; x_wconf 91' lang='lat' dir='ltr'>cum</span> <span class='ocrx_word' id='word_1_14' title='bbox 584 221 637 261; x_wconf 91' lang='lat' dir='ltr'>iis</span> <span class='ocrx_word' id='word_1_15' title='bbox 671 219 823 274; x_wconf 92' lang='lat' dir='ltr'>copiis,</span> <span class='ocrx_word' id='word_1_16' title='bbox 856 233 961 274; x_wconf 89' lang='lat' dir='ltr'>quas</span> <span class='ocrx_word' id='word_1_17' title='bbox 994 233 1038 260; x_wconf 90' lang='lat' dir='ltr'>se</span> <span class='ocrx_word' id='word_1_18' title='bbox 1069 218 1321 260; x_wconf 82' lang='lat' dir='ltr'>habiturum</span> <span class='ocrx_word' id='word_1_19' title='bbox 1346 219 1543 274; x_wconf 89' lang='lat' dir='ltr'>putabat,</span> 
     </span>
     <span class='ocr_line' id='line_1_7' title="bbox 191 278 1542 335; baseline -0.004 -11"><span class='ocrx_word' id='word_1_20' title='bbox 191 281 389 335; x_wconf 86' lang='lat' dir='ltr'>Romam,</span> <span class='ocrx_word' id='word_1_21' title='bbox 420 283 470 322; x_wconf 91' lang='lat' dir='ltr'>ut</span> <span class='ocrx_word' id='word_1_22' title='bbox 502 279 760 332; x_wconf 75' lang='lat' dir='ltr'><strong>minabatur,</strong></span> <span class='ocrx_word' id='word_1_23' title='bbox 786 278 930 320; x_wconf 84' lang='lat' dir='ltr'>venire</span> <span class='ocrx_word' id='word_1_24' title='bbox 961 278 1188 332; x_wconf 86' lang='lat' dir='ltr'>potuisset,</span> <span class='ocrx_word' id='word_1_25' title='bbox 1213 278 1380 320; x_wconf 91' lang='lat' dir='ltr'>nullum</span> <span class='ocrx_word' id='word_1_26' title='bbox 1405 292 1542 334; x_wconf 88' lang='lat' dir='ltr'>genus</span> 
     </span>
     <span class='ocr_line' id='line_1_8' title="bbox 192 336 1543 392; baseline -0.002 -10"><span class='ocrx_word' id='word_1_27' title='bbox 192 355 289 382; x_wconf 92' lang='lat' dir='ltr'>eum</span> <span class='ocrx_word' id='word_1_28' title='bbox 329 338 596 386; x_wconf 85' lang='lat' dir='ltr'>crudelitatis</span> <span class='ocrx_word' id='word_1_29' title='bbox 634 337 970 392; x_wconf 87' lang='lat' dir='ltr'>praeteriturum</span> <span class='ocrx_word' id='word_1_30' title='bbox 1003 336 1167 378; x_wconf 83' lang='lat' dir='ltr'>fuisse?</span> <span class='ocrx_word' id='word_1_31' title='bbox 1201 337 1358 391; x_wconf 83' lang='lat' dir='ltr'>quippe</span> <span class='ocrx_word' id='word_1_32' title='bbox 1392 337 1465 392; x_wconf 89' lang='lat' dir='ltr'>qui</span> <span class='ocrx_word' id='word_1_33' title='bbox 1496 336 1543 379; x_wconf 85' lang='lat' dir='ltr'>in</span> 
     </span>
     <span class='ocr_line' id='line_1_9' title="bbox 190 395 1541 466; baseline -0.004 -25"><span class='ocrx_word' id='word_1_34' title='bbox 190 399 378 466; x_wconf 82' lang='lat' dir='ltr'>hospitis</span> <span class='ocrx_word' id='word_1_35' title='bbox 417 398 544 439; x_wconf 92' lang='lat' dir='ltr'>tectis</span> <span class='ocrx_word' id='word_1_36' title='bbox 582 396 787 438; x_wconf 81' lang='lat' dir='ltr'>Brundisi</span> <span class='ocrx_word' id='word_1_37' title='bbox 823 395 1086 438; x_wconf 73' lang='lat' dir='ltr'>fortissimos</span> <span class='ocrx_word' id='word_1_38' title='bbox 1118 395 1233 437; x_wconf 87' lang='lat' dir='ltr'>viros</span> <span class='ocrx_word' id='word_1_39' title='bbox 1267 396 1541 462; x_wconf 75' lang='lat' dir='ltr'>optimosque</span> 
     </span>
     <span class='ocr_line' id='line_1_10' title="bbox 191 454 1540 521; baseline -0.002 -22"><span class='ocrx_word' id='word_1_40' title='bbox 191 459 306 500; x_wconf 87' lang='lat' dir='ltr'>cives</span> <span class='ocrx_word' id='word_1_41' title='bbox 332 456 521 512; x_wconf 73' lang='lat' dir='ltr'>iugulaii</span> <span class='ocrx_word' id='word_1_42' title='bbox 546 455 740 510; x_wconf 82' lang='lat' dir='ltr'>iusserit3</span> <span class='ocrx_word' id='word_1_43' title='bbox 768 469 950 521; x_wconf 81' lang='lat' dir='ltr'>quorum</span> <span class='ocrx_word' id='word_1_44' title='bbox 977 457 1075 495; x_wconf 87' lang='lat' dir='ltr'>ante</span> <span class='ocrx_word' id='word_1_45' title='bbox 1096 454 1225 508; x_wconf 87' lang='lat' dir='ltr'>pedes</span> <span class='ocrx_word' id='word_1_46' title='bbox 1246 454 1336 496; x_wconf 92' lang='lat' dir='ltr'>eius</span> <span class='ocrx_word' id='word_1_47' title='bbox 1358 455 1540 497; x_wconf 87' lang='lat' dir='ltr'>morien-</span> 
     </span>
     <span class='ocr_line' id='line_1_11' title="bbox 192 514 1541 571; baseline -0.002 -13"><span class='ocrx_word' id='word_1_48' title='bbox 192 517 304 558; x_wconf 89' lang='lat' dir='ltr'>tium</span> <span class='ocrx_word' id='word_1_49' title='bbox 349 515 557 571; x_wconf 81' lang='lat' dir='ltr'>sanguine</span> <span class='ocrx_word' id='word_1_50' title='bbox 602 529 649 556; x_wconf 93' lang='lat' dir='ltr'>os</span> <span class='ocrx_word' id='word_1_51' title='bbox 693 514 839 556; x_wconf 83' lang='lat' dir='ltr'>uxoris</span> <span class='ocrx_word' id='word_1_52' title='bbox 882 528 1128 568; x_wconf 89' lang='lat' dir='ltr'>respersum</span> <span class='ocrx_word' id='word_1_53' title='bbox 1169 527 1262 554; x_wconf 91' lang='lat' dir='ltr'>esse</span> <span class='ocrx_word' id='word_1_54' title='bbox 1301 514 1541 556; x_wconf 73' lang='lat' dir='ltr'>constabat.</span> 
     </span>
     <span class='ocr_line' id='line_1_12' title="bbox 192 572 1541 618; baseline -0.002 -1"><span class='ocrx_word' id='word_1_55' title='bbox 192 576 287 618; x_wconf 89' lang='lat' dir='ltr'>Hac</span> <span class='ocrx_word' id='word_1_56' title='bbox 311 575 384 616; x_wconf 92' lang='lat' dir='ltr'>ille</span> <span class='ocrx_word' id='word_1_57' title='bbox 412 573 665 616; x_wconf 86' lang='lat' dir='ltr'>crudelitate</span> <span class='ocrx_word' id='word_1_58' title='bbox 691 573 884 614; x_wconf 90' lang='lat' dir='ltr'>imbutus</span> <span class='ocrx_word' id='word_1_59' title='bbox 911 587 1007 614; x_wconf 92' lang='lat' dir='ltr'>cum</span> <span class='ocrx_word' id='word_1_60' title='bbox 1034 572 1172 613; x_wconf 86' lang='lat' dir='ltr'>multo</span> <span class='ocrx_word' id='word_1_61' title='bbox 1192 572 1318 613; x_wconf 90' lang='lat' dir='ltr'>nobis</span> <span class='ocrx_word' id='word_1_62' title='bbox 1341 573 1541 614; x_wconf 89' lang='lat' dir='ltr'>omnibus</span> 
     </span>
     <span class='ocr_line' id='line_1_13' title="bbox 192 630 1541 687; baseline -0.002 -11"><span class='ocrx_word' id='word_1_63' title='bbox 192 634 359 676; x_wconf 78' lang='lat' dir='ltr'>veniret</span> <span class='ocrx_word' id='word_1_64' title='bbox 390 633 554 687; x_wconf 89' lang='lat' dir='ltr'>iratior,</span> <span class='ocrx_word' id='word_1_65' title='bbox 590 647 720 687; x_wconf 89' lang='lat' dir='ltr'>quam</span> <span class='ocrx_word' id='word_1_66' title='bbox 751 631 838 673; x_wconf 86' lang='grc'>11118</span> <span class='ocrx_word' id='word_1_67' title='bbox 870 630 1023 685; x_wconf 86' lang='lat' dir='ltr'>fuerat,</span> <span class='ocrx_word' id='word_1_68' title='bbox 1056 645 1163 685; x_wconf 89' lang='lat' dir='ltr'>quos</span> <span class='ocrx_word' id='word_1_69' title='bbox 1197 631 1446 682; x_wconf 84' lang='lat' dir='ltr'>trucidarat,</span> <span class='ocrx_word' id='word_1_70' title='bbox 1472 632 1541 673; x_wconf 91' lang='lat' dir='ltr'>cui</span> 
     </span>
     <span class='ocr_line' id='line_1_14' title="bbox 194 689 1541 744; baseline -0.002 -9"><span class='ocrx_word' id='word_1_71' title='bbox 194 693 368 735; x_wconf 86' lang='lat' dir='ltr'>tandem</span> <span class='ocrx_word' id='word_1_72' title='bbox 410 695 608 734; x_wconf 86' lang='lat' dir='ltr'>nostrum</span> <span class='ocrx_word' id='word_1_73' title='bbox 653 693 728 732; x_wconf 91' lang='lat' dir='ltr'>aut</span> <span class='ocrx_word' id='word_1_74' title='bbox 773 690 840 732; x_wconf 91' lang='lat' dir='ltr'>cui</span> <span class='ocrx_word' id='word_1_75' title='bbox 882 689 1056 732; x_wconf 82' lang='lat' dir='ltr'>omnino</span> <span class='ocrx_word' id='word_1_76' title='bbox 1095 690 1210 731; x_wconf 91' lang='lat' dir='ltr'>bono</span> <span class='ocrx_word' id='word_1_77' title='bbox 1248 690 1541 744; x_wconf 73' lang='lat' dir='ltr'>pepercisset?</span> 
     </span>
     <span class='ocr_line' id='line_1_15' title="bbox 198 747 1542 815; baseline -0.003 -21"><span class='ocrx_word' id='word_1_78' title='bbox 198 752 290 802; x_wconf 84' lang='lat' dir='ltr'>Qua</span> <span class='ocrx_word' id='word_1_79' title='bbox 321 754 443 806; x_wconf 92' lang='lat' dir='ltr'>peste</span> <span class='ocrx_word' id='word_1_80' title='bbox 475 751 646 806; x_wconf 85' lang='lat' dir='ltr'>privato</span> <span class='ocrx_word' id='word_1_81' title='bbox 677 749 856 792; x_wconf 89' lang='lat' dir='ltr'>consilio</span> <span class='ocrx_word' id='word_1_82' title='bbox 878 757 974 790; x_wconf 74' lang='lat' dir='ltr'>&#39;rem</span> <span class='ocrx_word' id='word_1_83' title='bbox 999 748 1218 802; x_wconf 84' lang='lat' dir='ltr'>publicam</span> <span class='ocrx_word' id='word_1_84' title='bbox 1244 747 1400 815; x_wconf 79' lang='lat' dir='ltr'>(neque</span> <span class='ocrx_word' id='word_1_85' title='bbox 1427 749 1542 790; x_wconf 88' lang='grc'>0111111</span> 
     </span>
     <span class='ocr_line' id='line_1_16' title="bbox 193 806 1543 865; baseline -0.001 -13"><span class='ocrx_word' id='word_1_86' title='bbox 193 811 287 852; x_wconf 89' lang='lat' dir='ltr'>fieri</span> <span class='ocrx_word' id='word_1_87' title='bbox 324 810 470 865; x_wconf 87' lang='lat' dir='ltr'>potuit</span> <span class='ocrx_word' id='word_1_88' title='bbox 508 807 652 864; x_wconf 88' lang='lat' dir='ltr'>aliter)</span> <span class='ocrx_word' id='word_1_89' title='bbox 685 807 842 850; x_wconf 85' lang='lat' dir='ltr'>Caesar</span> <span class='ocrx_word' id='word_1_90' title='bbox 880 807 1092 849; x_wconf 90' lang='lat' dir='ltr'>liberavit.</span> <span class='ocrx_word' id='word_1_91' title='bbox 1156 806 1238 856; x_wconf 81' lang='lat' dir='ltr'>Qui</span> <span class='ocrx_word' id='word_1_92' title='bbox 1269 807 1354 849; x_wconf 81' lang='lat' dir='ltr'>nisi</span> <span class='ocrx_word' id='word_1_93' title='bbox 1385 808 1431 850; x_wconf 89' lang='lat' dir='ltr'>in</span> <span class='ocrx_word' id='word_1_94' title='bbox 1461 808 1543 850; x_wconf 90' lang='lat' dir='ltr'>hac</span> 
     </span>
     <span class='ocr_line' id='line_1_17' title="bbox 194 866 1543 924; baseline -0.002 -13"><span class='ocrx_word' id='word_1_95' title='bbox 194 885 238 911; x_wconf 91' lang='lat' dir='ltr'>re</span> <span class='ocrx_word' id='word_1_96' title='bbox 275 869 450 924; x_wconf 88' lang='lat' dir='ltr'>publica</span> <span class='ocrx_word' id='word_1_97' title='bbox 485 871 613 910; x_wconf 91' lang='lat' dir='ltr'>natus</span> <span class='ocrx_word' id='word_1_98' title='bbox 647 870 777 921; x_wconf 89' lang='lat' dir='ltr'>esset,</span> <span class='ocrx_word' id='word_1_99' title='bbox 815 881 906 908; x_wconf 87' lang='lat' dir='ltr'>rem</span> <span class='ocrx_word' id='word_1_100' title='bbox 936 866 1154 921; x_wconf 87' lang='lat' dir='ltr'>publicam</span> <span class='ocrx_word' id='word_1_101' title='bbox 1186 866 1344 908; x_wconf 86' lang='lat' dir='ltr'>scelere</span> <span class='ocrx_word' id='word_1_102' title='bbox 1376 866 1543 909; x_wconf 89' lang='lat' dir='ltr'>Antoni</span> 
     </span>
     <span class='ocr_line' id='line_1_18' title="bbox 193 925 1542 979; baseline -0.002 -9"><span class='ocrx_word' id='word_1_103' title='bbox 193 929 359 970; x_wconf 89' lang='lat' dir='ltr'>nullam</span> <span class='ocrx_word' id='word_1_104' title='bbox 398 928 667 969; x_wconf 88' lang='lat' dir='ltr'>haberemus.</span> <span class='ocrx_word' id='word_1_105' title='bbox 701 925 815 967; x_wconf 86' lang='lat' dir='ltr'>Sic</span> <span class='ocrx_word' id='word_1_106' title='bbox 859 925 972 967; x_wconf 89' lang='lat' dir='ltr'>enim</span> <span class='ocrx_word' id='word_1_107' title='bbox 1012 925 1245 979; x_wconf 89' lang='lat' dir='ltr'>perspicio,</span> <span class='ocrx_word' id='word_1_108' title='bbox 1289 925 1351 967; x_wconf 91' lang='lat' dir='ltr'>sic</span> <span class='ocrx_word' id='word_1_109' title='bbox 1389 925 1542 978; x_wconf 84' lang='lat' dir='ltr'>iudico,</span> 
     </span>
     <span class='ocr_line' id='line_1_19' title="bbox 193 984 1543 1038; baseline -0.003 -9"><span class='ocrx_word' id='word_1_110' title='bbox 193 987 279 1029; x_wconf 92' lang='lat' dir='ltr'>nisi</span> <span class='ocrx_word' id='word_1_111' title='bbox 310 1001 420 1029; x_wconf 90' lang='lat' dir='ltr'>unus</span> <span class='ocrx_word' id='word_1_112' title='bbox 454 986 701 1028; x_wconf 85' lang='lat' dir='ltr'>adulescens</span> <span class='ocrx_word' id='word_1_113' title='bbox 734 985 850 1026; x_wconf 90' lang='lat' dir='ltr'>illius</span> <span class='ocrx_word' id='word_1_114' title='bbox 877 984 1060 1026; x_wconf 88' lang='lat' dir='ltr'>furentis</span> <span class='ocrx_word' id='word_1_115' title='bbox 1085 984 1274 1038; x_wconf 89' lang='lat' dir='ltr'>impetus</span> <span class='ocrx_word' id='word_1_116' title='bbox 1302 984 1543 1026; x_wconf 89' lang='lat' dir='ltr'>crudelissi-</span> 
     </span>
     <span class='ocr_line' id='line_1_20' title="bbox 194 1042 1542 1101; baseline -0.004 -13"><span class='ocrx_word' id='word_1_117' title='bbox 194 1060 375 1101; x_wconf 89' lang='lat' dir='ltr'>mosque</span> <span class='ocrx_word' id='word_1_118' title='bbox 421 1049 600 1087; x_wconf 91' lang='lat' dir='ltr'>conatus</span> <span class='ocrx_word' id='word_1_119' title='bbox 640 1043 924 1097; x_wconf 79' lang='lat' dir='ltr'>cohibuisset,</span> <span class='ocrx_word' id='word_1_120' title='bbox 968 1057 1059 1084; x_wconf 90' lang='lat' dir='ltr'>rem</span> <span class='ocrx_word' id='word_1_121' title='bbox 1096 1042 1316 1097; x_wconf 86' lang='lat' dir='ltr'>publicam</span> <span class='ocrx_word' id='word_1_122' title='bbox 1349 1043 1542 1084; x_wconf 87' lang='lat' dir='ltr'>funditus</span> 
     </span>
     <span class='ocr_line' id='line_1_21' title="bbox 194 1101 1543 1157; baseline -0.003 -11"><span class='ocrx_word' id='word_1_123' title='bbox 194 1105 472 1147; x_wconf 87' lang='lat' dir='ltr'>interituram</span> <span class='ocrx_word' id='word_1_124' title='bbox 509 1103 655 1145; x_wconf 88' lang='lat' dir='ltr'>fuisse.</span> <span class='ocrx_word' id='word_1_125' title='bbox 718 1101 798 1145; x_wconf 83' lang='lat' dir='ltr'>Cui</span> <span class='ocrx_word' id='word_1_126' title='bbox 837 1102 1010 1157; x_wconf 85' lang='lat' dir='ltr'>quidem</span> <span class='ocrx_word' id='word_1_127' title='bbox 1041 1101 1248 1143; x_wconf 79' lang='lat' dir='ltr'>hodjerno</span> <span class='ocrx_word' id='word_1_128' title='bbox 1281 1101 1365 1152; x_wconf 87' lang='lat' dir='ltr'>die,</span> <span class='ocrx_word' id='word_1_129' title='bbox 1397 1105 1543 1156; x_wconf 85' lang='lat' dir='ltr'>patres</span> 
     </span>
     <span class='ocr_line' id='line_1_22' title="bbox 196 1160 1544 1218; baseline -0.002 -12"><span class='ocrx_word' id='word_1_130' title='bbox 196 1163 443 1218; x_wconf 81' lang='lat' dir='ltr'>conscripti,</span> <span class='ocrx_word' id='word_1_131' title='bbox 470 1161 600 1218; x_wconf 87' lang='grc'>(1111110</span> <span class='ocrx_word' id='word_1_132' title='bbox 621 1162 734 1203; x_wconf 88' lang='lat' dir='ltr'>enim</span> <span class='ocrx_word' id='word_1_133' title='bbox 753 1161 941 1216; x_wconf 87' lang='lat' dir='ltr'>primum</span> <span class='ocrx_word' id='word_1_134' title='bbox 961 1161 1024 1202; x_wconf 89' lang='lat' dir='ltr'>ita</span> <span class='ocrx_word' id='word_1_135' title='bbox 1045 1160 1333 1214; x_wconf 84' lang='lat' dir='ltr'>convenimus,</span> <span class='ocrx_word' id='word_1_136' title='bbox 1358 1163 1408 1202; x_wconf 88' lang='lat' dir='ltr'>ut</span> <span class='ocrx_word' id='word_1_137' title='bbox 1426 1160 1544 1203; x_wconf 88' lang='lat' dir='ltr'>illius</span> 
     </span>
     <span class='ocr_line' id='line_1_23' title="bbox 195 1219 1543 1276; baseline -0.002 -12"><span class='ocrx_word' id='word_1_138' title='bbox 195 1222 404 1264; x_wconf 90' lang='lat' dir='ltr'>beneficio</span> <span class='ocrx_word' id='word_1_139' title='bbox 435 1235 660 1276; x_wconf 87' lang='lat' dir='ltr'>possemus</span> <span class='ocrx_word' id='word_1_140' title='bbox 692 1235 753 1274; x_wconf 87' lang='lat' dir='ltr'>ea,</span> <span class='ocrx_word' id='word_1_141' title='bbox 786 1234 894 1275; x_wconf 88' lang='lat' dir='ltr'>quae</span> <span class='ocrx_word' id='word_1_142' title='bbox 924 1219 1193 1273; x_wconf 89' lang='lat' dir='ltr'>sentiremus,</span> <span class='ocrx_word' id='word_1_143' title='bbox 1224 1219 1358 1261; x_wconf 89' lang='lat' dir='ltr'>libere</span> <span class='ocrx_word' id='word_1_144' title='bbox 1384 1219 1543 1274; x_wconf 83' lang='lat' dir='ltr'>dicere)</span> 
     </span>
     <span class='ocr_line' id='line_1_24' title="bbox 196 1277 1543 1332; baseline -0.002 -10"><span class='ocrx_word' id='word_1_145' title='bbox 196 1280 425 1322; x_wconf 88' lang='lat' dir='ltr'>tribuenda</span> <span class='ocrx_word' id='word_1_146' title='bbox 457 1282 523 1321; x_wconf 91' lang='lat' dir='ltr'>est</span> <span class='ocrx_word' id='word_1_147' title='bbox 555 1279 810 1332; x_wconf 84' lang='lat' dir='ltr'>auctoritas,</span> <span class='ocrx_word' id='word_1_148' title='bbox 847 1281 897 1319; x_wconf 89' lang='lat' dir='ltr'>ut</span> <span class='ocrx_word' id='word_1_149' title='bbox 928 1293 1018 1320; x_wconf 87' lang='lat' dir='ltr'>rem</span> <span class='ocrx_word' id='word_1_150' title='bbox 1049 1277 1267 1332; x_wconf 90' lang='lat' dir='ltr'>publicam</span> <span class='ocrx_word' id='word_1_151' title='bbox 1298 1292 1386 1319; x_wconf 89' lang='lat' dir='ltr'>non</span> <span class='ocrx_word' id='word_1_152' title='bbox 1416 1278 1543 1319; x_wconf 93' lang='lat' dir='ltr'>modo</span> 
     </span>
     <span class='ocr_line' id='line_1_25' title="bbox 196 1336 1544 1392; baseline -0.004 -11"><span class='ocrx_word' id='word_1_153' title='bbox 196 1355 223 1381; x_wconf 90' lang='lat' dir='ltr'>a</span> <span class='ocrx_word' id='word_1_154' title='bbox 249 1354 292 1380; x_wconf 89' lang='lat' dir='ltr'>se</span> <span class='ocrx_word' id='word_1_155' title='bbox 320 1340 577 1392; x_wconf 87' lang='lat' dir='ltr'>susceptam,</span> <span class='ocrx_word' id='word_1_156' title='bbox 603 1337 677 1379; x_wconf 92' lang='lat' dir='ltr'>sed</span> <span class='ocrx_word' id='word_1_157' title='bbox 698 1337 829 1378; x_wconf 86' lang='lat' dir='ltr'>etiam</span> <span class='ocrx_word' id='word_1_158' title='bbox 850 1351 874 1377; x_wconf 91' lang='grc'>3</span> <span class='ocrx_word' id='word_1_159' title='bbox 893 1336 1019 1377; x_wconf 88' lang='lat' dir='ltr'>nobis</span> <span class='ocrx_word' id='word_1_160' title='bbox 1041 1336 1385 1377; x_wconf 84' lang='lat' dir='ltr'>commendatam</span> <span class='ocrx_word' id='word_1_161' title='bbox 1404 1336 1544 1390; x_wconf 89' lang='lat' dir='ltr'>possit</span> 
     </span>
     <span class='ocr_line' id='line_1_26' title="bbox 197 1397 433 1439; baseline -0.008 0"><span class='ocrx_word' id='word_1_162' title='bbox 197 1397 433 1439; x_wconf 85' lang='lat' dir='ltr'>defendere.</span> 
     </span>
    </p>

    <p class='ocr_par' dir='ltr' id='par_1_6' title="bbox 197 1452 1549 2213">
     <span class='ocr_line' id='line_1_27' title="bbox 286 1452 1545 1508; baseline -0.002 -12"><span class='ocrx_word' id='word_1_163' title='bbox 286 1454 377 1496; x_wconf 85' lang='lat' dir='ltr'>Nec</span> <span class='ocrx_word' id='word_1_164' title='bbox 409 1469 509 1496; x_wconf 88' lang='lat' dir='ltr'>vero</span> <span class='ocrx_word' id='word_1_165' title='bbox 542 1454 592 1495; x_wconf 95' lang='lat' dir='ltr'>de</span> <span class='ocrx_word' id='word_1_166' title='bbox 624 1453 793 1508; x_wconf 80' lang='lat' dir='ltr'>legione</span> <span class='ocrx_word' id='word_1_167' title='bbox 820 1452 991 1502; x_wconf 85' lang='lat' dir='ltr'>Martia,</span> <span class='ocrx_word' id='word_1_168' title='bbox 1024 1452 1226 1506; x_wconf 87' lang='lat' dir='ltr'>quoniam</span> <span class='ocrx_word' id='word_1_169' title='bbox 1259 1452 1389 1508; x_wconf 89' lang='lat' dir='ltr'>longo</span> <span class='ocrx_word' id='word_1_170' title='bbox 1416 1453 1545 1494; x_wconf 85' lang='lat' dir='ltr'>inter-</span> 
     </span>
     <span class='ocr_line' id='line_1_28' title="bbox 197 1510 1546 1568; baseline -0.002 -12"><span class='ocrx_word' id='word_1_171' title='bbox 197 1515 311 1556; x_wconf 86' lang='lat' dir='ltr'>vallo</span> <span class='ocrx_word' id='word_1_172' title='bbox 337 1513 458 1568; x_wconf 90' lang='lat' dir='ltr'>loqui</span> <span class='ocrx_word' id='word_1_173' title='bbox 482 1512 607 1554; x_wconf 90' lang='lat' dir='ltr'>nobis</span> <span class='ocrx_word' id='word_1_174' title='bbox 633 1512 682 1553; x_wconf 88' lang='lat' dir='ltr'>de</span> <span class='ocrx_word' id='word_1_175' title='bbox 704 1526 748 1552; x_wconf 89' lang='lat' dir='ltr'>re</span> <span class='ocrx_word' id='word_1_176' title='bbox 768 1511 941 1566; x_wconf 86' lang='lat' dir='ltr'>publica</span> <span class='ocrx_word' id='word_1_177' title='bbox 960 1511 1074 1565; x_wconf 88' lang='lat' dir='ltr'>licet,</span> <span class='ocrx_word' id='word_1_178' title='bbox 1100 1511 1217 1553; x_wconf 85' lang='lat' dir='ltr'>sileri</span> <span class='ocrx_word' id='word_1_179' title='bbox 1237 1514 1394 1566; x_wconf 83' lang='lat' dir='ltr'>potest.</span> <span class='ocrx_word' id='word_1_180' title='bbox 1440 1510 1546 1560; x_wconf 83' lang='lat' dir='ltr'>Quis</span> 
     </span>
     <span class='ocr_line' id='line_1_29' title="bbox 199 1569 1545 1625; baseline -0.002 -11"><span class='ocrx_word' id='word_1_181' title='bbox 199 1573 314 1615; x_wconf 90' lang='lat' dir='ltr'>enim</span> <span class='ocrx_word' id='word_1_182' title='bbox 345 1586 454 1613; x_wconf 89' lang='lat' dir='ltr'>unus</span> <span class='ocrx_word' id='word_1_183' title='bbox 486 1571 656 1625; x_wconf 80' lang='lat' dir='ltr'>fortior,</span> <span class='ocrx_word' id='word_1_184' title='bbox 688 1570 783 1625; x_wconf 92' lang='lat' dir='ltr'>quis</span> <span class='ocrx_word' id='word_1_185' title='bbox 816 1570 993 1611; x_wconf 88' lang='lat' dir='ltr'>amicior</span> <span class='ocrx_word' id='word_1_186' title='bbox 1023 1584 1228 1624; x_wconf 89' lang='lat' dir='ltr'>umquam</span> <span class='ocrx_word' id='word_1_187' title='bbox 1260 1570 1322 1611; x_wconf 89' lang='lat' dir='ltr'>rei</span> <span class='ocrx_word' id='word_1_188' title='bbox 1347 1569 1545 1624; x_wconf 88' lang='lat' dir='ltr'>publicae</span> 
     </span>
     <span class='ocr_line' id='line_1_30' title="bbox 198 1627 1546 1685; baseline -0.002 -12"><span class='ocrx_word' id='word_1_189' title='bbox 198 1632 283 1673; x_wconf 88' lang='lat' dir='ltr'>fuit</span> <span class='ocrx_word' id='word_1_190' title='bbox 316 1645 445 1685; x_wconf 89' lang='lat' dir='ltr'>quam</span> <span class='ocrx_word' id='word_1_191' title='bbox 476 1629 590 1685; x_wconf 87' lang='lat' dir='ltr'>legio</span> <span class='ocrx_word' id='word_1_192' title='bbox 623 1628 784 1670; x_wconf 74' lang='lat' dir='ltr'>Martia</span> <span class='ocrx_word' id='word_1_193' title='bbox 814 1629 1042 1670; x_wconf 83' lang='lat' dir='ltr'>universa?</span> <span class='ocrx_word' id='word_1_194' title='bbox 1105 1627 1222 1677; x_wconf 83' lang='lat' dir='ltr'>Quae</span> <span class='ocrx_word' id='word_1_195' title='bbox 1252 1643 1348 1670; x_wconf 93' lang='lat' dir='ltr'>cum</span> <span class='ocrx_word' id='word_1_196' title='bbox 1374 1628 1546 1670; x_wconf 85' lang='lat' dir='ltr'>hostem</span> 
     </span>
     <span class='ocr_line' id='line_1_31' title="bbox 197 1687 1545 1746; baseline -0.002 -14"><span class='ocrx_word' id='word_1_197' title='bbox 197 1690 348 1746; x_wconf 87' lang='lat' dir='ltr'>populi</span> <span class='ocrx_word' id='word_1_198' title='bbox 380 1689 566 1731; x_wconf 82' lang='lat' dir='ltr'>Romani</span> <span class='ocrx_word' id='word_1_199' title='bbox 597 1688 837 1730; x_wconf 87' lang='lat' dir='ltr'>Antonium</span> <span class='ocrx_word' id='word_1_200' title='bbox 867 1687 1116 1741; x_wconf 86' lang='lat' dir='ltr'>iudicasset,</span> <span class='ocrx_word' id='word_1_201' title='bbox 1156 1702 1297 1729; x_wconf 88' lang='lat' dir='ltr'>comes</span> <span class='ocrx_word' id='word_1_202' title='bbox 1329 1701 1422 1729; x_wconf 88' lang='lat' dir='ltr'>esse</span> <span class='ocrx_word' id='word_1_203' title='bbox 1453 1687 1545 1730; x_wconf 87' lang='lat' dir='ltr'>eius</span> 
     </span>
     <span class='ocr_line' id='line_1_32' title="bbox 199 1745 1547 1801; baseline -0.002 -11"><span class='ocrx_word' id='word_1_204' title='bbox 199 1749 413 1791; x_wconf 87' lang='lat' dir='ltr'>amentiae</span> <span class='ocrx_word' id='word_1_205' title='bbox 439 1747 597 1801; x_wconf 82' lang='lat' dir='ltr'>noluit3</span> <span class='ocrx_word' id='word_1_206' title='bbox 630 1747 806 1801; x_wconf 89' lang='lat' dir='ltr'>reliquit</span> <span class='ocrx_word' id='word_1_207' title='bbox 832 1746 1068 1800; x_wconf 80' lang='lat' dir='ltr'>consulem3</span> <span class='ocrx_word' id='word_1_208' title='bbox 1102 1746 1214 1801; x_wconf 92' lang='lat' dir='ltr'>quod</span> <span class='ocrx_word' id='word_1_209' title='bbox 1239 1745 1432 1801; x_wconf 88' lang='lat' dir='ltr'>profecto</span> <span class='ocrx_word' id='word_1_210' title='bbox 1458 1760 1547 1788; x_wconf 91' lang='lat' dir='ltr'>non</span> 
     </span>
     <span class='ocr_line' id='line_1_33' title="bbox 199 1804 1547 1861; baseline -0.004 -11"><span class='ocrx_word' id='word_1_211' title='bbox 199 1808 386 1861; x_wconf 82' lang='lat' dir='ltr'>fecisset,</span> <span class='ocrx_word' id='word_1_212' title='bbox 418 1806 455 1848; x_wconf 91' lang='lat' dir='ltr'>si</span> <span class='ocrx_word' id='word_1_213' title='bbox 487 1821 584 1847; x_wconf 87' lang='lat' dir='ltr'>eum</span> <span class='ocrx_word' id='word_1_214' title='bbox 616 1805 837 1847; x_wconf 88' lang='lat' dir='ltr'>consulem</span> <span class='ocrx_word' id='word_1_215' title='bbox 867 1805 1126 1856; x_wconf 83' lang='lat' dir='ltr'>iudicasset,.</span> <span class='ocrx_word' id='word_1_216' title='bbox 1143 1819 1270 1859; x_wconf 90' lang='lat' dir='ltr'>quem</span> <span class='ocrx_word' id='word_1_217' title='bbox 1294 1804 1403 1846; x_wconf 87' lang='lat' dir='ltr'>nihil</span> <span class='ocrx_word' id='word_1_218' title='bbox 1430 1804 1547 1846; x_wconf 89' lang='lat' dir='ltr'>aliud</span> 
     </span>
     <span class='ocr_line' id='line_1_34' title="bbox 202 1863 1547 1922; baseline -0.003 -14"><span class='ocrx_word' id='word_1_219' title='bbox 202 1880 340 1922; x_wconf 87' lang='lat' dir='ltr'>agere,</span> <span class='ocrx_word' id='word_1_220' title='bbox 365 1865 474 1907; x_wconf 86' lang='lat' dir='ltr'>nihil</span> <span class='ocrx_word' id='word_1_221' title='bbox 501 1865 646 1906; x_wconf 89' lang='lat' dir='ltr'>moliri</span> <span class='ocrx_word' id='word_1_222' title='bbox 671 1864 756 1906; x_wconf 88' lang='grc'>11181</span> <span class='ocrx_word' id='word_1_223' title='bbox 783 1864 955 1906; x_wconf 89' lang='lat' dir='ltr'>caedem</span> <span class='ocrx_word' id='word_1_224' title='bbox 980 1863 1138 1906; x_wconf 85' lang='lat' dir='ltr'>civium</span> <span class='ocrx_word' id='word_1_225' title='bbox 1165 1866 1294 1917; x_wconf 87' lang='lat' dir='ltr'>atque</span> <span class='ocrx_word' id='word_1_226' title='bbox 1320 1863 1547 1904; x_wconf 86' lang='lat' dir='ltr'>interitum</span> 
     </span>
     <span class='ocr_line' id='line_1_35' title="bbox 202 1920 1548 1978; baseline -0.004 -11"><span class='ocrx_word' id='word_1_227' title='bbox 202 1924 391 1967; x_wconf 76' lang='lat' dir='ltr'>civitatis</span> <span class='ocrx_word' id='word_1_228' title='bbox 412 1924 585 1965; x_wconf 64' lang='lat' dir='ltr'>xideret.</span> <span class='ocrx_word' id='word_1_229' title='bbox 635 1923 778 1978; x_wconf 87' lang='lat' dir='ltr'>Atque</span> <span class='ocrx_word' id='word_1_230' title='bbox 800 1937 849 1964; x_wconf 87' lang='lat' dir='ltr'>ea</span> <span class='ocrx_word' id='word_1_231' title='bbox 868 1922 981 1978; x_wconf 79' lang='lat' dir='ltr'>legio</span> <span class='ocrx_word' id='word_1_232' title='bbox 1003 1921 1196 1964; x_wconf 90' lang='lat' dir='ltr'>consedit</span> <span class='ocrx_word' id='word_1_233' title='bbox 1216 1921 1365 1964; x_wconf 88' lang='lat' dir='ltr'>Albae.</span> <span class='ocrx_word' id='word_1_234' title='bbox 1409 1920 1548 1970; x_wconf 86' lang='lat' dir='ltr'>Quam</span> 
     </span>
     <span class='ocr_line' id='line_1_36' title="bbox 201 1980 1547 2046; baseline -0.003 -21"><span class='ocrx_word' id='word_1_235' title='bbox 201 1984 346 2038; x_wconf 88' lang='lat' dir='ltr'>potuit</span> <span class='ocrx_word' id='word_1_236' title='bbox 371 1983 523 2024; x_wconf 88' lang='lat' dir='ltr'>urbem</span> <span class='ocrx_word' id='word_1_237' title='bbox 549 1981 707 2037; x_wconf 83' lang='lat' dir='ltr'>eligere</span> <span class='ocrx_word' id='word_1_238' title='bbox 734 1984 809 2022; x_wconf 91' lang='lat' dir='ltr'>aut</span> <span class='ocrx_word' id='word_1_239' title='bbox 830 1981 1152 2046; x_wconf 76' lang='lat' dir='ltr'>oportuniorem</span> <span class='ocrx_word' id='word_1_240' title='bbox 1174 1980 1227 2022; x_wconf 90' lang='lat' dir='ltr'>ad</span> <span class='ocrx_word' id='word_1_241' title='bbox 1247 1995 1313 2022; x_wconf 92' lang='lat' dir='ltr'>res</span> <span class='ocrx_word' id='word_1_242' title='bbox 1335 1980 1547 2035; x_wconf 89' lang='lat' dir='ltr'>gerundas</span> 
     </span>
     <span class='ocr_line' id='line_1_37' title="bbox 203 2039 1548 2084; baseline -0.003 -1"><span class='ocrx_word' id='word_1_243' title='bbox 203 2045 278 2084; x_wconf 89' lang='lat' dir='ltr'>aut</span> <span class='ocrx_word' id='word_1_244' title='bbox 315 2041 551 2083; x_wconf 88' lang='lat' dir='ltr'>fideliorem</span> <span class='ocrx_word' id='word_1_245' title='bbox 589 2043 664 2081; x_wconf 88' lang='lat' dir='ltr'>aut</span> <span class='ocrx_word' id='word_1_246' title='bbox 701 2039 931 2081; x_wconf 86' lang='lat' dir='ltr'>fortiorum</span> <span class='ocrx_word' id='word_1_247' title='bbox 965 2039 1155 2080; x_wconf 83' lang='lat' dir='ltr'>virorum</span> <span class='ocrx_word' id='word_1_248' title='bbox 1189 2042 1264 2080; x_wconf 87' lang='lat' dir='ltr'>aut</span> <span class='ocrx_word' id='word_1_249' title='bbox 1295 2039 1548 2080; x_wconf 89' lang='lat' dir='ltr'>amiciorum</span> 
     </span>
     <span class='ocr_line' id='line_1_38' title="bbox 203 2097 1549 2155; baseline -0.004 -13"><span class='ocrx_word' id='word_1_250' title='bbox 203 2102 265 2142; x_wconf 90' lang='lat' dir='ltr'>rei</span> <span class='ocrx_word' id='word_1_251' title='bbox 296 2100 493 2155; x_wconf 89' lang='lat' dir='ltr'>publicae</span> <span class='ocrx_word' id='word_1_252' title='bbox 527 2099 713 2141; x_wconf 78' lang='lat' dir='ltr'>civium?</span> <span class='ocrx_word' id='word_1_253' title='bbox 770 2098 909 2140; x_wconf 91' lang='lat' dir='ltr'>Huius</span> <span class='ocrx_word' id='word_1_254' title='bbox 934 2098 1118 2153; x_wconf 82' lang='lat' dir='ltr'>legionis</span> <span class='ocrx_word' id='word_1_255' title='bbox 1144 2098 1351 2139; x_wconf 83' lang='lat' dir='ltr'>virtutem</span> <span class='ocrx_word' id='word_1_256' title='bbox 1375 2097 1549 2138; x_wconf 86' lang='lat' dir='ltr'>imitata</span> 
     </span>
     <span class='ocr_line' id='line_1_39' title="bbox 204 2154 1546 2220; baseline -0.003 -20"><span class='ocrx_word' id='word_1_257' title='bbox 204 2162 360 2213; x_wconf 85' lang='lat' dir='ltr'>quarta</span> <span class='ocrx_word' id='word_1_258' title='bbox 384 2158 498 2213; x_wconf 90' lang='lat' dir='ltr'>legio</span> <span class='ocrx_word' id='word_1_259' title='bbox 527 2158 631 2199; x_wconf 91' lang='lat' dir='ltr'>duce</span> <span class='ocrx_word' id='word_1_260' title='bbox 657 2156 704 2198; x_wconf 89' lang='lat' dir='ltr'>L.</span> <span class='ocrx_word' id='word_1_261' title='bbox 730 2157 990 2213; x_wconf 87' lang='lat' dir='ltr'>Egnatuleio</span> <span class='ocrx_word' id='word_1_262' title='bbox 1013 2159 1252 2210; x_wconf 88' lang='lat' dir='ltr'>quaestore,</span> <span class='ocrx_word' id='word_1_263' title='bbox 1279 2155 1361 2197; x_wconf 81' lang='lat' dir='ltr'>civi</span> <span class='ocrx_word' id='word_1_264' title='bbox 1382 2154 1546 2220; x_wconf 81' lang='lat' dir='ltr'>optimo</span> 
     </span>
    </p>
   </div>
   <div class='ocr_carea' id='block_1_6' title="bbox 1563 761 1596 786">
    <p class='ocr_par' dir='ltr' id='par_1_7' title="bbox 1563 761 1596 786">
     <span class='ocr_line' id='line_1_40' title="bbox 1563 761 1596 786; baseline 0 0"><span class='ocrx_word' id='word_1_265' title='bbox 1563 761 1596 786; x_wconf 75' lang='lat'>10</span> 
     </span>
    </p>
   </div>
   <div class='ocr_carea' id='block_1_7' title="bbox 1565 1054 1598 1080">
    <p class='ocr_par' dir='ltr' id='par_1_8' title="bbox 1565 1054 1598 1080">
     <span class='ocr_line' id='line_1_41' title="bbox 1565 1054 1598 1080; baseline 0 0"><span class='ocrx_word' id='word_1_266' title='bbox 1565 1054 1598 1080; x_wconf 87' lang='lat'>15</span> 
     </span>
    </p>
   </div>
   <div class='ocr_carea' id='block_1_8' title="bbox 1565 1348 1599 1372">
    <p class='ocr_par' dir='ltr' id='par_1_9' title="bbox 1565 1348 1599 1372">
     <span class='ocr_line' id='line_1_42' title="bbox 1565 1348 1599 1372; baseline 0 0"><span class='ocrx_word' id='word_1_267' title='bbox 1565 1348 1599 1372; x_wconf 79' lang='lat'>20</span> 
     </span>
    </p>
   </div>
   <div class='ocr_carea' id='block_1_9' title="bbox 1565 1640 1600 1665">
    <p class='ocr_par' dir='ltr' id='par_1_10' title="bbox 1565 1640 1600 1665">
     <span class='ocr_line' id='line_1_43' title="bbox 1565 1640 1600 1665; baseline 0 0"><span class='ocrx_word' id='word_1_268' title='bbox 1565 1640 1600 1665; x_wconf 81' lang='lat'>25</span> 
     </span>
    </p>
   </div>
   <div class='ocr_carea' id='block_1_10' title="bbox 1567 1933 1601 1958">
    <p class='ocr_par' dir='ltr' id='par_1_11' title="bbox 1567 1933 1601 1958">
     <span class='ocr_line' id='line_1_44' title="bbox 1567 1933 1601 1958; baseline 0 0"><span class='ocrx_word' id='word_1_269' title='bbox 1567 1933 1601 1958; x_wconf 82' lang='lat'>30</span> 
     </span>
    </p>
   </div>
   <div class='ocr_carea' id='block_1_11' title="bbox 203 2213 1599 2271">
    <p class='ocr_par' dir='ltr' id='par_1_12' title="bbox 203 2213 1599 2271">
     <span class='ocr_line' id='line_1_45' title="bbox 203 2213 1599 2271; baseline -0.006 -13"><span class='ocrx_word' id='word_1_270' title='bbox 203 2220 248 2258; x_wconf 82' lang='lat' dir='ltr'>et</span> <span class='ocrx_word' id='word_1_271' title='bbox 284 2217 544 2271; x_wconf 84' lang='lat' dir='ltr'>fortissimo,</span> <span class='ocrx_word' id='word_1_272' title='bbox 582 2215 626 2258; x_wconf 83' lang='lat' dir='ltr'>C.</span> <span class='ocrx_word' id='word_1_273' title='bbox 659 2214 855 2258; x_wconf 78' lang='lat' dir='ltr'>Caesaiis</span> <span class='ocrx_word' id='word_1_274' title='bbox 894 2215 1199 2256; x_wconf 74' lang='lat' dir='ltr'>auctoritatem</span> <span class='ocrx_word' id='word_1_275' title='bbox 1231 2217 1359 2268; x_wconf 90' lang='lat' dir='ltr'>atque</span> <span class='ocrx_word' id='word_1_276' title='bbox 1391 2213 1546 2255; x_wconf 79' lang='lat' dir='ltr'>exerci-</span> <span class='ocrx_word' id='word_1_277' title='bbox 1565 2224 1599 2250; x_wconf 83' lang='lat'>35</span> 
     </span>
    </p>
   </div>
   <div class='ocr_carea' id='block_1_12' title="bbox 203 2271 1549 2387">
    <p class='ocr_par' dir='ltr' id='par_1_13' title="bbox 203 2271 1549 2387">
     <span class='ocr_line' id='line_1_46' title="bbox 203 2271 1549 2329; baseline -0.002 -13"><span class='ocrx_word' id='word_1_278' title='bbox 203 2278 298 2316; x_wconf 88' lang='lat' dir='ltr'>tum</span> <span class='ocrx_word' id='word_1_279' title='bbox 324 2278 550 2329; x_wconf 81' lang='lat' dir='ltr'>persecuta</span> <span class='ocrx_word' id='word_1_280' title='bbox 576 2277 651 2316; x_wconf 87' lang='lat' dir='ltr'>est.</span> <span class='ocrx_word' id='word_1_281' title='bbox 708 2273 974 2316; x_wconf 86' lang='lat' dir='ltr'>Faciundum</span> <span class='ocrx_word' id='word_1_282' title='bbox 1000 2276 1066 2315; x_wconf 90' lang='lat' dir='ltr'>est</span> <span class='ocrx_word' id='word_1_283' title='bbox 1087 2273 1222 2329; x_wconf 85' lang='lat' dir='ltr'>igitur</span> <span class='ocrx_word' id='word_1_284' title='bbox 1239 2271 1377 2325; x_wconf 90' lang='lat' dir='ltr'>nobis,</span> <span class='ocrx_word' id='word_1_285' title='bbox 1404 2274 1549 2325; x_wconf 88' lang='lat' dir='ltr'>patres</span> 
     </span>
     <span class='ocr_line' id='line_1_47' title="bbox 206 2329 1549 2387; baseline -0.001 -14"><span class='ocrx_word' id='word_1_286' title='bbox 206 2333 457 2387; x_wconf 83' lang='lat' dir='ltr'>conscripti,</span> <span class='ocrx_word' id='word_1_287' title='bbox 495 2336 543 2374; x_wconf 93' lang='lat' dir='ltr'>ut</span> <span class='ocrx_word' id='word_1_288' title='bbox 576 2347 642 2387; x_wconf 91' lang='lat' dir='ltr'>ea,</span> <span class='ocrx_word' id='word_1_289' title='bbox 680 2347 787 2386; x_wconf 81' lang='lat' dir='ltr'>quae</span> <span class='ocrx_word' id='word_1_290' title='bbox 820 2347 896 2374; x_wconf 87' lang='lat' dir='ltr'>sua</span> <span class='ocrx_word' id='word_1_291' title='bbox 928 2334 1080 2386; x_wconf 90' lang='lat' dir='ltr'>sponte</span> <span class='ocrx_word' id='word_1_292' title='bbox 1113 2329 1376 2372; x_wconf 86' lang='lat' dir='ltr'>clarissimus</span> <span class='ocrx_word' id='word_1_293' title='bbox 1409 2330 1549 2372; x_wconf 88' lang='lat' dir='ltr'>adule-</span> 
     </span>
    </p>
   </div>
   <div class='ocr_carea' id='block_1_13' title="bbox 1665 61 1671 922">
    <p class='ocr_par' dir='ltr' id='par_1_14' title="bbox 1665 61 1671 922">
     <span class='ocr_line' id='line_1_48' title="bbox 1665 61 1671 922; baseline 0 0"><span class='ocrx_word' id='word_1_294' title='bbox 1665 61 1671 922; x_wconf 95' lang='lat' dir='ltr'> </span> 
     </span>
    </p>
   </div>
  </div>
 </body>
</html>
