1671 2543
534 127 635 162 GAP.
662 131 754 162 2—4
779 130 798 170 ξ
825 131 949 162 5—11.
1385 127 1413 168 5

71 237 198 278 illum
236 236 311 278 illo
344 250 510 278 summo
549 235 704 276 timore
737 250 786 276 ac
823 234 1012 289 periculo
1045 234 1235 276 civitatis
1275 248 1411 287 neque

72 309 345 337 communem
376 297 540 336 metum
573 293 762 335 omnium
792 308 870 335 nec
902 293 1121 347 propriam
1152 307 1238 334 non
1277 293 1412 333 nullo-

71 369 169 396 rum
207 354 257 395 de
297 354 392 408 ipso
432 352 718 407 suspicionem
762 354 836 393 aut
873 351 1098 392 infitiando
1142 351 1293 392 tollere
1338 354 1413 392 aut

72 412 381 453 dissimulando
421 411 567 452 sedare
604 410 802 452 voluisse.
863 410 914 451 In
952 424 1035 464 quo
1078 410 1243 465 collega
1287 410 1411 451 susti-

37 471 210 514 5nendo
244 473 372 524 atque
404 470 662 511 moderando
703 469 738 510 si
771 484 909 510 meam
948 469 992 509 in
1028 469 1151 510 illum
1192 469 1412 523 indulgen-

72 529 180 570 tiam
218 529 491 570 coniunctam
534 543 630 569 cum
670 542 836 568 summa
873 527 1068 569 custodia
1110 527 1171 568 rei
1215 527 1411 581 publicae

71 583 245 629 laudare
276 601 374 628 vere
415 586 640 640 solebatis,
678 601 755 640 par
792 595 924 640 prope
962 586 1055 627 laus
1087 585 1134 627 P.
1168 584 1282 627 Sesti
1319 600 1411 626 esse

73 646 216 699 debet,
255 646 327 700 qui
363 646 427 686 ita
465 659 590 686 suum
628 645 846 686 consulem
885 645 1145 698 observavit,
1182 647 1231 685 ut
1269 650 1310 685 et
1347 644 1413 684 illi

73 707 275 759 quaestor
306 704 444 746 bonus
476 707 520 745 et
550 704 675 744 bonis
709 703 905 745 omnibus
945 703 1134 757 optimus
1167 703 1271 744 civis
1303 702 1414 743 vide-

21 781 55 806 ιο
74 766 203 804 retur.

162 821 300 875 Idem,
344 835 441 863 cum
477 820 554 861 illa
596 821 833 862 coniuratio
878 835 928 860 ex
972 820 1149 861 latebris
1191 822 1318 874 atque
1363 834 1413 860 ex

73 880 264 921 tenebris
302 879 516 933 erupisset
559 879 786 933 palamque
831 881 997 919 armata
1034 879 1254 932 volitaret,
1299 878 1414 919 venit

74 953 172 980 cum
203 938 391 980 exercitu
424 937 626 992 Capuam,
660 952 787 991 quam
819 938 968 978 urbem
1000 940 1175 991 propter
1205 936 1413 990 plurimas

73 997 177 1038 belli
216 996 532 1051 oportunitates
571 997 624 1037 ab
664 996 740 1037 illa
776 996 910 1050 impia
953 998 995 1036 et
1039 996 1246 1036 scelerata
1286 1010 1415 1036 manu

22 1073 55 1098 15
75 1055 279 1109 temptari
312 1055 654 1109 suspicabamur,
686 1054 730 1096 C.
763 1054 1055 1108 Mevulanum,
1087 1054 1309 1094 tribunum
1340 1053 1414 1094 mi-

74 1114 202 1154 litum
228 1113 404 1167 Antoni,
436 1112 582 1167 Capua
607 1113 886 1167 praecipitem
913 1113 1049 1166 eiecit,
1079 1112 1299 1153 hominem
1324 1127 1415 1165 per-

75 1172 214 1213 ditum
245 1175 288 1213 et
317 1186 405 1213 11011
436 1172 615 1213 obscure
646 1171 815 1212 Pisauri
854 1174 897 1212 et
928 1172 972 1211 111
1004 1171 1099 1211 aliis
1132 1171 1226 1225 agri
1260 1169 1415 1212 Gallici

73 1230 272 1284 partibus
309 1230 354 1271 in
391 1230 467 1271 illa
506 1230 805 1271 coniuratione.
838 1232 1068 1270 versatum.
1130 1228 1334 1282 Idemque
1370 1228 1414 1271 C.

75 1289 339 1342 Marcellum,
367 1303 463 1329 cum
488 1289 525 1329 is
551 1303 639 1329 non
665 1288 857 1342 Capuam
883 1289 1023 1329 solum
1042 1288 1242 1341 venisset,
1268 1302 1415 1328 verum

22 1365 57 1390 20
77 1348 208 1388 etiam
233 1361 278 1388 se
305 1347 427 1401 quasi
460 1361 677 1388 armorum
705 1348 846 1388 studio
873 1347 918 1387 in
943 1346 1174 1387 maximam
1205 1345 1415 1386 familiam

76 1405 340 1459 conjecisset,
373 1406 742 1446 exterminandum
774 1420 824 1446 ex
851 1405 928 1446 illa
958 1405 1063 1446 urbe
1094 1405 1271 1447 curavit.
1323 1404 1415 1453 Qua

76 1465 126 1506 de
165 1478 294 1506 causa
325 1466 368 1504 et
399 1467 492 1505 tum
531 1467 765 1505 conventus
803 1464 875 1504 ille
908 1463 1096 1518 Capuae,
1136 1463 1209 1517 qui
1240 1465 1417 1517 propter

77 1523 260 1564 salutem
298 1522 414 1563 illius
452 1523 571 1564 urbis
610 1523 835 1564 consulatu
872 1525 1169 1564 conservatam
1209 1536 1304 1563 meo
1349 1536 1416 1562 me

75 1595 208 1622 unum
246 1583 475 1634 patronum
514 1581 753 1635 adoptavit,
794 1581 894 1622 huic
935 1581 1045 1634 apud
1084 1595 1150 1621 me
1187 1580 1234 1621 P.
1275 1579 1416 1621 Sestio

26 1656 59 1682 25
80 1639 287 1680 maximas
315 1639 478 1694 gratias
511 1639 611 1694 egit,
644 1642 687 1680 et
714 1639 795 1681 hoc
828 1642 1021 1693 tempore
1054 1639 1190 1680 eidem
1220 1638 1417 1679 homines

77 1697 250 1738 nomine
296 1700 559 1739 commutato
605 1698 745 1739 coloni
790 1698 1143 1751 decurionesque,
1186 1696 1418 1738 fortissimi

80 1758 209 1809 atque
242 1755 395 1809 optimi
426 1756 528 1809 viri,
558 1756 812 1797 beneficium
843 1755 889 1796 P.
924 1754 1037 1796 Sesti
1069 1755 1318 1796 testimonio
1352 1755 1418 1795 de-

80 1815 264 1867 clarant,
302 1814 539 1867 periculum
577 1814 747 1856 decreto
787 1828 863 1855 suo
901 1814 1193 1866 deprecantur.
1254 1813 1416 1866 Recita,
1434 1827 1476 1858 10

81 1886 258 1926 quaeso,
294 1871 341 1912 L.
383 1870 514 1924 Sesti,
555 1872 656 1925 quid
694 1872 906 1914 decrerint
944 1870 1112 1925 Capuae
1158 1871 1418 1925 decuriones,

28 1947 62 1972 30
81 1934 131 1971 ut
162 1931 249 1971 iam
279 1930 456 1984 puerilis
496 1933 571 1970 tua
601 1945 684 1971 vox
714 1930 854 1984 possit
886 1929 1046 1983 aliquid
1085 1929 1327 1984 significare
1358 1930 1418 1970 in-

80 1988 220 2029 imicis
246 1989 414 2042 vestris,
441 1988 656 2042 quidnam,
688 2003 784 2029 cum
811 2002 854 2029 se
882 1988 1190 2040 conroborarit,
1217 1987 1420 2030 effectura

81 2061 173 2088 esse
217 2047 422 2088 videatur.
490 2046 801 2088 DECURIONUM
843 2057 1071 2087 DECRETA.
1141 2045 1241 2087 Non
1283 2046 1416 2088 recito

81 2105 300 2146 decretum
327 2105 468 2146 officio
496 2105 640 2159 aliquo
667 2119 913 2158 expressum
933 2105 1168 2146 vicinitatis
1195 2107 1270 2145 aut
1294 2104 1421 2146 clien-

81 2163 192 2203 telae
220 2165 294 2204 aut
324 2163 503 2217 hospitii
529 2163 691 2217 publici
723 2166 798 2204 aut
824 2163 1072 2204 ambitionis
1100 2165 1174 2203 aut
1206 2177 1420 2204 commen-

28 2237 62 2262 35
84 2221 270 2262 dationis
291 2222 444 2276 gratia,
471 2222 543 2262 sed
569 2221 702 2262 recito
722 2222 973 2262 memoriam
993 2220 1207 2275 perfuncti
1229 2221 1420 2275 periculi,

82 2279 445 2333 praedicationem
471 2279 727 2333 amplissimi
746 2280 953 2333 beneficii,
978 2294 1126 2320 vocem
1146 2279 1277 2321 officii
1301 2294 1417 2334 prae-

81 2338 236 2388 sentis,
276 2338 573 2379 testimonium
609 2338 833 2392 praeteriti
871 2337 1090 2392 temporis.
1150 2337 1295 2391 Atque
1332 2338 1474 2379 illisu

1438 797 1467 837 4

1440 857 1460 888 9
