1671 2543
491 62 593 99 CAP.
619 66 759 97 20-22
786 66 805 105 ξ
831 65 980 98 50—55.
1220 107 1223 109 ,
1368 62 1455 105 393

109 172 201 212 d1ta
244 173 370 226 atque
415 171 585 212 addicta
626 171 841 212 sententia
877 184 1048 212 movere
1084 171 1317 226 potuisset,
1360 174 1454 213 tum

109 230 216 271 illud
241 230 390 271 multis
414 230 542 271 rebus
565 231 663 270 ante
686 229 911 284 temptatis
931 230 1174 271 necessario
1195 230 1278 271 tibi
1297 230 1452 272 vulnus

110 288 324 330 inflictum
356 291 432 344 est,
467 288 580 343 quod
610 288 759 343 paucis
791 291 889 329 ante
922 291 977 342 te,
1009 302 1191 342 quorum
1222 289 1451 330 incolumis

109 347 195 389 fuit
229 361 373 401 nemo3
409 350 503 388 tum
541 349 691 389 contra
727 349 770 388 te
809 347 925 388 dedit
963 361 1082 388 arma
1115 347 1186 388 hic
1219 348 1323 389 ordo
1356 362 1452 389 con-
1467 356 1511 387 53

75 423 91 448 5
112 406 278 448 sulibus
310 406 572 460 reliquisque
603 405 798 460 imperiis
824 408 867 446 et
891 405 1200 460 potestatibus3
1233 421 1340 461 quae
1365 421 1453 448 non
1469 437 1525 468 99

110 465 351 520 effugisses,
388 465 473 506 nisi
505 467 547 506 te
580 464 631 506 ad
664 479 783 506 arma
815 463 1010 506 Caesaris
1043 465 1309 506 contulisses.
1369 464 1524 538 Tu,(g35

110 526 176 577 tu,
219 524 413 578 inquam,
457 522 513 564 M.
551 522 734 576 Antoni,
771 523 970 578 princeps
1007 522 1052 566 C.
1091 522 1264 565 Caesari
1303 523 1447 565 omnia

111 583 366 636 perturbare
405 582 595 636 cupienti
632 596 805 624 causam
842 581 945 623 belli
984 584 1134 623 contra
1170 582 1357 636 patriam
1393 582 1454 623 in-

109 640 273 682 ferendi
310 640 477 682 dedisti.
540 640 653 690 Quid
687 641 801 682 enim
839 641 953 681 aliud
991 640 1063 681 ille
1101 641 1287 690 dicebat,
1325 655 1454 695 quam

59 724 93 747 10
115 714 287 741 causam
331 700 398 740 sui
442 699 754 741 dementissimi
792 699 960 740 consilii
998 701 1042 740 et
1078 698 1182 740 facti
1221 699 1453 752 adferebat,

109 758 195 799 nisi
228 758 341 812 quod
371 758 626 800 intercessio
657 758 866 813 neglecta,
898 758 965 799 ius
998 757 1279 799 tribunicium
1310 758 1452 799 subla-

110 820 216 869 tum,
242 816 591 871 circumscriptus
618 831 643 858 a
669 819 819 857 senatu
846 820 959 858 esset
985 817 1232 858 Antonius?
1274 816 1452 871 Omitto,

111 890 241 930 quam
271 875 376 917 haec
408 875 529 929 falsa,
562 890 691 929 quam
719 876 842 928 levia,
872 875 1128 929 praesertim
1154 889 1251 917 cum
1278 875 1452 916 omnino

109 934 230 975 nulla
262 948 391 975 causa
421 935 536 975 iusta
569 935 767 988 cuiquam
799 947 891 975 esse
923 934 1063 988 possit
1091 936 1241 975 contra
1266 934 1452 987 patriam

59 1012 90 1036 15
112 1007 232 1033 arma
264 993 470 1046 capiendi.
530 991 612 1033 Sed
642 992 751 1033 nihil
784 992 834 1033 de
867 991 1065 1046 Caesare3
1095 992 1177 1033 tibi
1209 995 1324 1034 certe
1357 997 1452 1034 con-

109 1051 318 1092 fitendum
355 1054 421 1092 est
459 1065 631 1092 causam
669 1051 1023 1105 perniciosissimi
1057 1051 1161 1091 belli
1192 1051 1238 1092 in
1267 1065 1452 1105 persona

110 1113 187 1150 tua
230 1110 488 1151 constitisse.
561 1108 596 1151 O
641 1110 846 1150 miserum
888 1112 948 1163 te,
992 1109 1029 1150 si
1071 1110 1177 1151 haec
1220 1109 1449 1165 intellegis,
1466 1118 1510 1149 54

110 1168 390 1222 miseriorem,
423 1168 459 1209 si
484 1182 571 1209 non
596 1168 813 1223 intellegis
838 1168 920 1210 hoc
946 1168 1106 1209 litteris
1132 1168 1338 1221 mandari,
1368 1168 1451 1210 hoc

111 1227 341 1268 memoriae
384 1226 526 1281 prodi,
569 1227 696 1268 huius
740 1227 802 1267 rei
843 1241 896 1268 ne
937 1226 1239 1281 posteritatem
1279 1226 1452 1281 quidem

57 1305 91 1330 ρο
111 1286 302 1327 omnium
341 1285 608 1326 saeculorum
646 1300 851 1340 umquam
882 1285 1177 1327 immemorem
1208 1285 1318 1339 fore,
1357 1299 1452 1327 con-

111 1345 225 1386 sules
262 1359 313 1385 ex
349 1343 480 1385 Italia
517 1344 717 1398 expulsos
757 1358 937 1398 cumque
974 1344 1027 1385 iis
1067 1343 1142 1386 Cn.
1179 1343 1451 1398 Pompeium,

111 1403 225 1457 quod
267 1403 438 1457 imperii
480 1403 631 1457 populi
675 1402 861 1444 Romani
904 1403 1032 1444 decus
1076 1417 1125 1444 ac
1167 1403 1313 1443 lumen
1355 1402 1451 1456 fuit,

112 1461 252 1502 bmm's
281 1461 539 1516 consulares,
571 1461 644 1515 qui
675 1476 751 1515 per
782 1462 1071 1503 valetudinem
1103 1461 1254 1515 exequi
1288 1461 1451 1502 cladem

112 1519 232 1560 illam
263 1518 495 1573 fugamque
526 1520 786 1574 potuissent,
818 1523 1057 1574 praetores,
1088 1519 1342 1573 praetorios,
1376 1520 1451 1560 tri-

58 1597 92 1622 25
111 1578 250 1618 bunos
282 1577 357 1630 pL,
394 1591 595 1631 magnam
626 1581 794 1631 partem
825 1581 1016 1631 senatus,
1055 1592 1225 1619 omnem
1257 1577 1451 1619 subolem

110 1635 348 1677 iuventutis
373 1649 543 1688 unoque
569 1636 699 1676 verbo
726 1651 816 1677 rem
841 1636 1059 1690 publicam
1079 1635 1301 1689 expulsam
1321 1638 1450 1689 atque

113 1693 440 1736 exterminatam
477 1693 565 1733 suis
604 1694 793 1734 sedibus!
861 1693 924 1735 Ut
959 1694 1095 1747 igitur
1132 1694 1177 1734 in
1215 1693 1450 1735 seminibus
1466 1702 1511 1732 55

112 1755 179 1794 est
205 1766 334 1793 causa
359 1751 562 1792 arborum
587 1754 630 1791 et
656 1752 869 1804 stirpium,
901 1752 962 1792 sic
987 1751 1114 1792 huius
1139 1751 1452 1793 luctuosissimi

111 1811 216 1853 belli
261 1824 406 1851 semen
443 1812 491 1849 tu
528 1809 661 1850 fuisti.
728 1808 898 1850 Doletis
935 1809 1015 1849 tris
1053 1809 1264 1850 exercitus
1301 1810 1451 1863 populi

58 1888 94 1914 30
112 1869 298 1911 Romani
335 1866 605 1921 interfect033
641 1866 859 1908 interfecit
893 1866 1122 1908 Antonius.
1183 1866 1450 1908 Desideratis

113 1927 376 1969 clarissimos
413 1926 535 1979 civis,
573 1940 645 1966 eos
677 1939 845 1979 quoque
875 1925 1001 1966 nobis
1033 1925 1192 1979 eripuit
1222 1925 1450 1967 Antonius.

111 1985 364 2029 Auctoritas
389 1984 516 2025 huius
544 1984 704 2024 ordinis
730 1983 902 2025 adflicta
927 1986 1004 2037 est,
1030 1983 1196 2024 adflixit
1220 1983 1451 2025 Antonius.

112 2044 267 2086 Omma
316 2043 514 2096 denique,
565 2057 671 2096 quae
714 2045 866 2096 postea
914 2042 1098 2083 vidimus
1143 2040 1264 2097 (quid
1308 2044 1450 2083 autem

112 2103 216 2144 mali
264 2116 352 2144 non
400 2099 651 2155 vidimus‘?),
706 2100 742 2141 si
791 2103 905 2141 recte
954 2100 1327 2153 ratiocinabimur,
1375 2101 1450 2141 uni

60 2180 93 2205 35
115 2164 291 2216 accepta
322 2159 555 2201 referemus
586 2158 789 2200 Antonio.
851 2157 912 2199 Ut
943 2158 1110 2199 Helena
1139 2158 1354 2212 Troianis,
1389 2159 1450 2200 sic

113 2220 195 2261 iste
226 2220 327 2261 huic
358 2219 419 2259 rei
450 2217 647 2271 publicae
682 2216 818 2268 [belli]
852 2231 979 2257 causa
1010 2216 1146 2270 pestis
1176 2219 1304 2270 atque
1331 2217 1450 2258 exitii

113 2278 208 2319 fuit.
282 2277 489 2331 Reliquae
538 2278 683 2330 partes
733 2275 980 2316 tribunatus
1025 2275 1225 2330 principii
1275 2275 1449 2317 similes.
