1671 2543
0 857 4 903 ἐ

0 907 1 943 l

628 81 728 117 CAP.
758 87 774 116 1
803 86 822 124 ς
851 86 951 117 1—4.
1370 82 1457 123 135

111 189 208 224 infra
245 188 400 234 legitur,
437 187 603 222 oratione
640 186 679 221 L.
711 187 871 221 Balbum
907 186 1106 222 defendere
1146 186 1305 229 studuit,
1344 197 1457 230 quem

113 238 261 272 constat
285 247 364 271 esse
391 235 605 270 absolutum
630 235 668 269 et
692 236 825 279 postea
851 246 882 270 a.
909 246 944 269 u.
971 245 1003 270 c.
1030 239 1097 270 714
1123 233 1239 268 etiam
1265 233 1457 269 consulem

111 283 242 329 populi
266 282 425 318 Romani
449 282 601 317 factum.

203 425 248 468 Si
270 426 551 468 auctoritates
571 428 853 479 patronorum
873 425 918 465 in
937 423 1106 465 iudiciis
1127 422 1268 464 valere
1286 421 1455 476 debent,
1472 402 1495 491 11

114 486 167 527 ab
189 484 468 539 amplissimis
487 484 590 526 viris
606 483 652 525 L.
668 483 840 525 Corneli
861 497 989 525 causa
1003 481 1177 524 defensa
1192 483 1269 535 est,
1289 479 1325 521 si
1338 494 1455 535 usus,

115 559 140 586 a
164 543 454 599 peritissimis,
482 543 518 584 si
543 542 727 598 ingenia,
754 543 806 584 ab
834 540 1214 596 eloquentissimis,
1241 539 1278 580 si
1302 539 1455 593 studia,

115 604 168 644 ab
214 602 487 644 amicissimis
533 604 576 642 et
620 616 717 643 cum
760 601 980 643 beneficiis
1022 614 1119 642 cum
1156 597 1203 640 L.
1242 597 1456 651 Cornelio,

81 678 98 703 ε
114 665 208 703 tum
228 661 415 702 maxima
435 660 732 702 familiaritate
754 659 1005 701 coniunctis.
1061 658 1178 707 Quae
1200 659 1301 698 sunt
1320 656 1456 711 igitur

115 735 234 762 meae
259 720 434 774 partes?
484 719 773 761 Auctoritatis
801 721 959 772 tantae,
986 720 1193 772 quantam
1217 729 1293 757 vos
1320 715 1365 756 in
1388 729 1456 756 me

115 794 207 821 esse
233 778 445 832 voluistis,
470 792 574 819 usus
597 778 837 831 mediocris,
863 777 1025 832 ingenii
1046 775 1221 816 minime
1241 773 1457 815 voluntati

114 838 243 893 paris.
287 837 401 879 Nam
428 837 594 891 ceteris,
621 851 646 878 a
669 836 824 891 quibus
847 839 912 877 est
932 835 1143 888 defensus,
1168 833 1282 874 hunc
1303 832 1456 874 debere

114 897 349 952 plurimum
384 896 526 949 111ᾶοος
564 909 643 950 ego
678 898 887 949 quantum
920 894 958 935 ei
989 894 1186 946 debeam,
1224 891 1309 932 alio
1341 891 1456 945 loco,

65 972 98 996 ιο
115 955 327 1010 principio
362 954 569 996 orationis
601 954 684 996 hoc
714 968 846 1008 pono,
878 967 945 994 me
979 952 1191 1005 omnibus,
1223 950 1298 1004 qui
1329 949 1491 990 amici2

115 1014 277 1056 fuerint
316 1013 446 1054 saluti
484 1015 528 1054 et
565 1013 770 1068 dignitati
808 1026 944 1065 meae,
984 1011 1020 1052 si
1058 1010 1199 1051 minus
1235 1008 1459 1050 referenda

116 1073 259 1128 gratia
291 1072 397 1113 satis
429 1071 567 1113 facere
599 1071 833 1125 potuerim,
867 1069 1153 1125 praedicanda
1184 1070 1228 1108 et
1259 1067 1457 1108 habenda

117 1134 232 1173 certe
270 1131 376 1172 satis
415 1144 507 1172 esse
544 1130 771 1171 facturum.
834 1129 950 1178 Quae
987 1127 1121 1169 fuerit
1154 1126 1356 1167 hesterno
1390 1121 1527 1179 diem)

117 1190 193 1232 On.
216 1189 395 1243 Pompei
421 1189 612 1244 gravitas
639 1189 684 1230 in
710 1188 900 1242 dicendo,
925 1187 1099 1240 iudices,
1125 1199 1234 1239 quae
1259 1183 1459 1238 facultas,

65 1263 98 1288 15
117 1263 224 1303 quae
257 1248 391 1302 copia,
422 1262 509 1289 non
542 1247 741 1301 opinione
774 1247 908 1288 tacita
934 1248 1178 1287 vestrorum
1205 1242 1460 1294 animorum,

117 1308 191 1349 sed
223 1307 450 1361 perspicua
482 1306 766 1348 admiratione
798 1305 1005 1348 declarari
1036 1303 1274 1345 videbatur.
1336 1300 1461 1342 Nihil

117 1366 231 1407 enim
259 1379 464 1420 umquam
490 1365 644 1419 audivi,
677 1365 790 1419 quod
816 1364 923 1405 mihi
949 1364 999 1405 de
1026 1363 1116 1404 iure
1144 1360 1348 1402 subtilius
1375 1359 1460 1400 dici

115 1425 349 1477 videretur,
392 1423 502 1465 nihil
546 1424 754 1465 memoria
794 1424 956 1464 maiore
993 1422 1044 1463 de
1082 1419 1308 1474 exempliS,
1350 1418 1462 1459 nihil

116 1483 297 1537 peritius
330 1483 380 1524 de
412 1482 668 1535 foederibus,
698 1482 807 1524 nihil
839 1481 1089 1523 inlustriore
1119 1478 1379 1520 auctoritate
1410 1477 1460 1518 de

65 1556 99 1580 20
117 1541 256 1595 bellis,
286 1541 396 1582 nihil
422 1541 472 1582 de
499 1555 543 1582 re
569 1541 743 1595 publica
768 1541 954 1596 gravius,
985 1539 1095 1581 nihil
1122 1538 1172 1579 de
1198 1537 1293 1591 ipso
1320 1536 1461 1577 mode-

119 1600 241 1653 stius,
271 1599 381 1640 nihil
413 1599 463 1640 de
496 1614 625 1641 eausa
654 1602 698 1641 et
723 1599 900 1641 crimine
928 1597 1134 1650 ornatius,
1165 1598 1215 1636 ut
1241 1594 1347 1635 mihi
1373 1594 1496 1636 iam3

118 1673 266 1700 verum
302 1658 498 1699 videatur
529 1658 636 1698 illud
668 1672 777 1712 esse,
817 1657 931 1712 quod
960 1671 1049 1698 non
1078 1654 1187 1696 nulli
1218 1653 1379 1694 litteris
1412 1667 1461 1694 ac

119 1716 274 1758 studiis
295 1716 514 1757 doctrinae
535 1716 667 1757 dediti
688 1716 812 1770 quasi
832 1715 1035 1770 quiddam
1054 1712 1304 1755 incredibile
1322 1711 1462 1752 dicere

118 1775 396 1830 putabantur,
423 1774 473 1828 ei,
499 1774 573 1828 qui
600 1788 747 1815 omnes
773 1774 917 1815 animo
944 1773 1128 1815 virtutes
1154 1770 1328 1825 penitus
1351 1783 1463 1810 com-

65 1848 98 1873 25
119 1833 429 1888 prehendisset,
456 1832 610 1886 omnia,
637 1847 745 1886 quae
770 1833 943 1886 faceret,
969 1834 1084 1873 recte
1111 1844 1156 1871 se
1179 1829 1291 1869 dare.
1343 1827 1462 1876 Quae

121 1892 235 1933 enim
277 1892 322 1932 111
358 1890 405 1932 L.
445 1890 600 1932 Crasso
644 1891 806 1944 potuit,
848 1890 1023 1932 homine
1059 1890 1164 1930 nato
1203 1886 1257 1927 ad
1294 1885 1463 1927 dicendi

122 1950 385 2005 singularem
406 1949 621 2003 quandam
640 1949 906 2003 facultatem,
927 1948 963 1989 si
982 1948 1094 1989 hanc
1114 1959 1287 1988 causam
1302 1947 1462 1999 ageret,

119 2009 258 2050 maior
289 2022 381 2050 esse
412 2009 609 2061 ubertas,
642 2008 847 2061 varietas,
879 2006 1015 2061 copia,
1048 2020 1177 2061 quam
1208 2003 1293 2045 fuit
1323 2003 1369 2044 in
1400 2017 1462 2057 eo,

120 2068 195 2121 qui
245 2070 416 2108 tantum
465 2066 610 2120 potuit
658 2066 865 2120 inpertire
907 2065 1009 2107 111110
1052 2064 1196 2106 studio
1241 2061 1463 2116 temporis,

67 2136 102 2161 3⁰
122 2128 330 2180 quantum
374 2126 466 2179 ipse
510 2139 535 2166 a
577 2125 763 2178 pueritia
799 2139 934 2178 usque
973 2124 1026 2165 ad
1062 2123 1174 2164 hanc
1212 2123 1400 2162 aetatem
1438 2134 1463 2160 a

122 2184 336 2226 continuis
380 2183 506 2225 bellis
552 2186 595 2224 et
638 2183 832 2225 victoriis
877 2182 1153 2236 conquievit?
1223 2179 1316 2229 Quo
1355 2178 1500 2220 mihi4

121 2242 338 2284 difficilior
375 2245 442 2284 est
479 2242 550 2283 hic
584 2244 800 2283 extremus
832 2241 1061 2295 perorandi
1092 2240 1224 2281 locus.
1285 2238 1463 2279 Etenim

122 2301 161 2342 ei
199 2300 377 2342 succedo
417 2299 622 2351 orationi,
661 2314 768 2354 quae
803 2314 890 2341 non
920 2301 1217 2354 praetervecta
1247 2297 1308 2339 sit
1339 2311 1464 2338 aures
