1671 2543
215 85 303 127 526
390 85 440 120 IN
468 86 516 121 M.
545 85 803 120 ANTONIUM
830 83 1005 120 ORATIO
1033 84 1304 120 PHILIPPICA
1331 85 1408 120 XII.

216 194 507 249 excluserunt,
540 194 647 235 alios
681 194 897 235 eiecerunt
929 193 1084 234 missos
1117 193 1169 234 ab
1203 193 1408 247 Antonio,
1438 207 1561 248 pecu-

215 253 305 307 nia,
338 253 549 294 militibus
583 256 642 307 et,
675 252 787 306 quod
820 252 1004 293 maxime
1036 252 1193 305 deerat,
1226 252 1356 293 armis
1387 255 1560 294 nostros

215 312 342 354 duces
370 312 635 353 adiuverunt.
685 310 899 353 Fecerunt
923 311 1035 352 idem
1063 311 1228 365 reliqui,
1254 311 1326 365 qui
1347 311 1559 364 quondam

216 370 260 412 in
299 370 445 412 eadem
484 384 612 412 causa
645 373 767 411 erant
799 373 842 411 et
873 373 1051 424 propter
1083 370 1319 411 multorum
1352 384 1559 411 annorum

215 429 393 471 iniurias
438 429 614 470 alienati
659 443 684 470 a
722 431 873 470 senatu
911 429 1194 483 putabantur,
1241 443 1347 483 quos
1385 428 1559 470 minime
1596 445 1612 470 ε

215 489 371 530 1111111111
417 492 484 529 est
531 488 847 529 communicata
890 501 987 529 cum
1032 487 1085 528 iis
1129 501 1174 528 re
1211 486 1385 542 publica
1422 486 1559 528 fidelis

216 561 320 600 esse,
348 547 420 601 qui
448 547 579 588 etiam
607 549 803 601 expertes
831 546 921 587 eius
948 546 1075 587 fidem
1103 560 1224 587 suam
1251 560 1418 600 semper
1442 561 1561 600 prae-

174 606 435 647 5stiterunt.
496 605 578 646 His
616 604 752 661 igitur
791 605 990 647 omnibus
1027 605 1254 646 victoriam
1286 605 1560 659 sperantibus

144 710 209 766 (5)

155 1619 196 1649 12

215 665 333 718 pacis
359 679 515 706 nomen
535 664 788 719 adferemus,
814 664 856 705 id
876 667 943 705 est
963 664 1305 718 desperationem
1324 664 1560 705 victoriae?

303 722 431 776 Quid,
469 724 505 765 si
542 738 595 764 ne
633 726 778 777 potest
816 723 987 777 quidem
1024 723 1113 764 ulla
1145 737 1236 764 esse
1267 722 1381 776 pax?
1443 721 1559 771 Quae
1581 736 1614 761 ιο

182 773 329 823 ¹enim
369 785 435 824 est
475 782 667 824 condicio
707 782 843 836 pacis,
880 782 925 822 in
958 796 1042 836 qua
1073 782 1129 836 ei,
1167 796 1262 823 cum
1295 795 1378 836 quo
1410 796 1560 835 pacem

214 840 360 895 facias,
390 841 500 882 nihil
534 841 707 882 concedi
739 841 911 895 potest?
960 839 1112 881 Multis
1139 841 1266 882 rebus
1293 854 1318 881 a
1342 840 1468 882 nobis
1495 843 1561 882 est

214 900 421 941 invitatus
460 900 513 941 ad
550 914 700 954 pacem
736 899 971 953 Antonius,
1012 900 1173 940 bellum
1211 902 1355 940 tamen
1394 899 1558 940 maluit.

212 957 337 1000 Missi
369 958 503 1014 legati
536 962 803 1014 repugnante
836 973 921 1012 me,
960 958 1033 999 sed
1064 961 1209 999 tamen
1241 958 1380 1011 missi,
1418 958 1560 999 delata

214 1018 433 1071 mandata3
470 1032 555 1059 non
594 1018 751 1072 paruit.
812 1016 1125 1058 Denuntiatum
1164 1020 1246 1068 est,
1283 1031 1335 1058 ne
1372 1016 1558 1058 Brutum
1580 1029 1613 1055 15

213 1077 441 1131 obsideret,
469 1092 493 1118 a
514 1075 684 1118 Mutina
709 1076 964 1131 discederet3
990 1076 1256 1131 oppugnavit
1283 1075 1414 1116 etiam
1439 1075 1560 1117 vehe-

212 1136 413 1177 mentius.
474 1135 532 1176 Et
570 1136 622 1176 ad
658 1141 755 1176 eum
787 1135 954 1190 legatos
988 1135 1038 1176 de
1070 1150 1174 1189 pace
1206 1135 1447 1188 mittemus,
1485 1135 1559 1188 qui

212 1194 331 1248 pacis
381 1195 558 1235 nuntios
609 1194 879 1248 repudiavit?
953 1193 1369 1235 Verecundioremne
1414 1207 1558 1235 coram

213 1256 415 1307 putamus
454 1253 499 1293 in
536 1253 794 1306 postulando
833 1252 942 1306 fore,
981 1267 1110 1306 quam
1147 1252 1278 1294 fuerit
1312 1255 1423 1305 tum,
1461 1266 1557 1293 cum

212 1311 334 1352 misit
372 1311 576 1352 mandata
613 1312 665 1352 ad
703 1312 929 1352 senatum?
992 1311 1126 1376 Atqui
1164 1314 1256 1352 tum
1289 1325 1338 1351 ea
1368 1310 1556 1364 petebat,
1578 1324 1611 1348 20

213 1384 321 1424 quae
360 1370 616 1411 videbantur
652 1370 851 1424 impioba
889 1370 1080 1422 omnino,
1119 1369 1190 1410 sed
1229 1372 1374 1409 tamen
1412 1369 1556 1435 aliquo

213 1429 339 1470 modo
379 1442 504 1483 posse
538 1428 730 1482 concedi3
766 1428 955 1470 nondum
987 1431 1080 1469 erat
1111 1428 1266 1469 vestris
1299 1430 1388 1468 tam
1421 1428 1558 1482 giavi-

212 1488 292 1528 bus
338 1491 512 1541 tamque
557 1487 706 1528 multis
750 1487 918 1529 iudiciis
964 1487 1298 1542 ignominiisque
1344 1487 1558 1541 concisus3

213 1561 324 1587 nunc
358 1561 407 1587 ea
437 1545 566 1600 petit,
605 1560 712 1600 quae
745 1546 845 1587 dare
876 1545 995 1587 nullo
1029 1545 1155 1587 modo
1188 1559 1435 1599 possumus,
1472 1520 1558 1587 nisi

212 1605 330 1659 prius
382 1605 579 1646 volumus
629 1604 743 1646 bello
787 1618 865 1646 nos
909 1604 1046 1645 victos
1092 1604 1298 1645 confiteri.
1373 1601 1554 1645 Senatus
1577 1619 1610 1645 25

213 1664 411 1706 consulta
441 1663 552 1704 falsa
583 1663 723 1705 delata
756 1663 808 1704 ab
842 1677 891 1704 eo
924 1663 1224 1717 iudicavimus3
1253 1677 1358 1704 num
1384 1677 1433 1704 ea
1458 1677 1558 1704 vera

212 1737 440 1777 possumus
468 1722 686 1764 iudicare?
724 1721 861 1777 Leges
889 1722 1120 1763 statuimus
1140 1736 1217 1776 per
1236 1721 1323 1763 vim
1343 1725 1387 1762 et
1407 1724 1557 1763 contra

212 1781 404 1836 auspicia
434 1781 545 1822 latas
577 1781 715 1835 iisque
746 1795 823 1823 nec
854 1781 1062 1835 populum
1092 1794 1171 1822 nec
1201 1780 1371 1834 plebem
1402 1780 1557 1835 teneri,

212 1855 315 1882 num
348 1855 418 1881 eas
450 1840 622 1881 restitui
654 1854 780 1894 posse
813 1839 1026 1881 censetis?
1078 1837 1335 1880 Sestertium
1367 1839 1554 1893 septiens

213 1899 382 1941 miliens
420 1899 628 1940 avertisse
660 1898 900 1940 Antonium
936 1898 1139 1953 pecuniae
1171 1898 1368 1952 publicae
1399 1897 1555 1939 iudica·
1574 1913 1609 1939 so

212 1958 354 2012 vistis33
386 1972 489 1999 num
522 1957 667 1999 fraude
699 1957 862 2012 poterit
894 1971 1037 1998 carere
1065 1957 1318 2011 peculatus?
1367 1955 1556 1998 Inmuni-

212 2019 326 2058 tates
365 2017 418 2058 ab
458 2031 506 2058 eo
547 2016 814 2069 civitatibus,
853 2015 1109 2069 sacerdotia,
1145 2029 1278 2071 regna
1313 2015 1555 2068 venierunt3

213 2089 315 2116 num
359 2075 546 2130 figentur
587 2089 733 2116 rursus
772 2089 845 2116 eae
883 2074 1072 2128 tabulae,
1117 2089 1221 2128 quas
1259 2088 1334 2116 vos
1372 2073 1553 2115 decretis

172 2134 197 2175 6
214 2134 367 2175 vestris
393 2134 625 2175 refixistis‘?
663 2131 825 2182 Quodsi
846 2147 906 2187 ea,
933 2147 1040 2187 quae
1060 2132 1336 2186 decrevimus,
1362 2133 1554 2184 obruere,

213 2207 315 2234 num
336 2193 466 2234 etiam
487 2192 738 2233 memoriam
758 2206 900 2233 rerum
920 2192 1059 2233 delere
1078 2191 1337 2246 possumus?
1375 2189 1552 2238 Quando
1571 2206 1606 2231 ³⁵

213 2251 325 2292 enim
359 2251 638 2293 obliviscetur
668 2251 758 2292 ulla
787 2251 1034 2305 posteritas,
1066 2250 1185 2292 cuius
1217 2249 1374 2292 scelere
1402 2248 1447 2289 in
1472 2248 1552 2290 hac

212 2310 395 2351 vestitus
427 2309 633 2351 foeditate
664 2309 901 2351 fuerimus?
952 2308 1014 2351 Ut
1045 2309 1342 2350 centurionum
1368 2306 1552 2362 legionis
