1671 2543
205 71 293 113 396
388 70 441 106 IN
467 72 515 106 M.
541 70 802 106 ANTONIUM
829 69 1005 106 ORATIO
1031 70 1304 106 PHILIPPICA
1329 71 1373 105 II.

204 179 370 235 Hippia
395 180 539 221 vivere
566 182 610 220 et
636 193 768 234 equos
794 178 1021 234 vectigalis
1043 177 1195 234 Sergio
1218 179 1350 221 mimo
1370 179 1550 222 tradere.

205 239 314 280 Tum
348 239 431 281 sibi
461 253 550 279 non
579 238 709 291 hanc,
742 252 872 292 quam
903 253 1018 280 nunc
1049 238 1161 279 male
1193 240 1357 292 tuetur,
1388 238 1463 280 sed
1494 238 1551 280 M.

204 297 377 339 Pisonis
425 298 618 351 domum,
667 296 743 338 ubi
774 296 1011 350 habitaret,
1061 297 1238 352 legerat.
1315 295 1426 346 Quid
1469 311 1550 353 ego

203 356 332 398 istius
364 357 547 410 decreta,
580 355 683 409 quid
715 355 901 410 rapinas,
934 355 1036 410 quid
1067 356 1361 397 hereditatum
1385 370 1550 410 posses-

204 415 347 456 siones
374 415 509 468 datas,
536 414 639 469 quid
666 418 835 469 ereptas
859 414 1105 469 proferam?
1145 413 1342 470 Cogebat
1362 417 1551 470 egestas,
1586 431 1604 457 5

204 488 288 528 quo
323 488 366 515 se
399 476 606 525 verteret,
642 488 731 515 non
761 472 968 528 habebat3
998 473 1190 514 nondum
1222 474 1261 515 ei
1291 476 1416 515 tanta
1447 488 1473 514 a
1502 473 1550 515 L.

203 532 382 586 Rubrio,
413 547 502 574 non
533 547 558 573 a
582 531 629 573 L.
656 532 852 574 Turselio
884 532 1102 573 hereditas
1135 535 1330 587 venerat3
1359 533 1551 574 nondum

202 591 248 632 in
279 590 354 634 Cn.
386 590 566 645 Pompei
602 591 745 633 locum
778 591 1100 648 multorumque
1134 591 1335 645 aliorum,
1374 592 1447 646 qui
1480 592 1552 632 ab·

203 653 338 704 erant,
364 651 616 705 repentinus
642 650 767 691 heres
794 653 1072 692 successerat.
1122 650 1232 691 Erat
1257 650 1296 691 ei
1321 649 1551 691 vivendum

202 709 422 751 latronum
466 709 571 762 ritu,
616 711 665 750 ut
703 711 880 758 tantum⁴
911 708 1109 762 haberet,
1154 711 1363 763 quantum
1401 723 1549 764 rapere
1570 726 1606 751 10

202 767 429 822 potuisset.

145 838 189 867 63
291 825 375 869 Sed
429 826 554 881 haec,
610 841 717 881 quae
772 826 1031 868 robustioris
1087 826 1383 892 improbitatis
1438 830 1551 881 sunt,

202 886 475 939 omittamus3
523 885 752 940 loquamur
801 886 947 940 potius
991 885 1041 927 de
1084 885 1350 939 nequissimo
1395 899 1550 940 genere

200 944 405 986 levitatis.
466 944 532 985 Tu
568 944 667 986 istis
692 943 913 996 faucibus,
952 944 1050 985 istis
1082 944 1311 998 lateribus,
1342 944 1429 985 ista
1445 944 1549 1010 gla-

201 1003 387 1045 diatoria
442 1003 580 1045 totius
637 1003 830 1058 001ΗΡο113
886 978 1091 1044 firmitate
1147 1005 1318 1044 tantum
1367 1003 1456 1044 vini
1505 1003 1550 1044 in
1571 1020 1603 1046 15

200 1061 388 1116 Hippiae
425 1062 592 1116 nuptiis
631 1062 908 1115 exhauseras,
947 1065 995 1103 ut
1033 1061 1115 1103 tibi
1152 1076 1326 1103 necesse
1359 1064 1474 1104 esset
1504 1062 1552 1103 in

199 1120 350 1175 populi
387 1120 574 1163 Romani
613 1123 846 1175 conspectu
883 1135 1055 1162 vomere
1092 1120 1315 1175 postridie.
1385 1119 1419 1162 Ο
1460 1135 1550 1162 10111

200 1194 287 1220 11011
325 1180 452 1221 modo
491 1179 586 1221 visu
622 1178 810 1233 foedam,
849 1180 922 1221 sed
960 1179 1091 1220 etiam
1129 1179 1296 1220 auditu!
1360 1177 1406 1221 Si
1437 1179 1551 1220 inter

201 1252 351 1280 cenam
387 1238 433 1279 in
469 1238 576 1292 ipsis
615 1238 702 1279 tuis
741 1238 1001 1279 immanibus
1036 1238 1123 1278 illis
1154 1238 1321 1292 poculis
1353 1237 1435 1279 hoc
1467 1237 1549 1279 tibi

201 1297 446 1349 accidisset,
491 1296 588 1350 quis
630 1311 718 1337 11011
762 1300 887 1351 turpe
924 1296 1127 1337 duceret?
1195 1295 1247 1337 In
1284 1299 1409 1337 coetu
1446 1311 1547 1338 vero
1569 1314 1603 1339 20

199 1355 349 1409 populi
387 1354 573 1396 Romani
615 1355 839 1408 negotium
882 1354 1104 1408 publicum
1147 1368 1300 1409 gerens
1339 1354 1549 1409 magister

200 1413 416 1467 equitum,
462 1413 530 1454 cui
568 1415 738 1454 ructare
776 1416 900 1466 turpe
940 1415 1071 1466 esset,
1108 1412 1145 1453 is
1183 1427 1358 1454 vomens
1396 1413 1548 1454 frustis

200 1472 432 1513 esculentis
458 1472 605 1512 vinum
631 1471 924 1513 redolentibus
952 1471 1164 1527 gremium
1191 1486 1316 1513 suum
1343 1474 1386 1512 et
1406 1474 1549 1513 totum

200 1530 392 1571 tribunal
430 1530 627 1595 inplevit!
688 1528 769 1572 Sed
801 1530 905 1572 haec
937 1530 1028 1584 ipse
1061 1529 1223 1571 fatetur
1255 1545 1348 1572 esse
1380 1530 1425 1571 in
1458 1530 1548 1572 suis

201 1589 419 1643 sordibus3
450 1589 672 1630 veniamus
706 1589 758 1629 ad
790 1589 1092 1643 splendidiora
1568 1607 1603 1633 25

130 1633 185 1675 26
290 1646 450 1689 Caesar
474 1647 737 1689 Alexandria
768 1662 812 1689 se
844 1648 1008 1702 recepit
1038 1647 1153 1701 felix,
1185 1650 1234 1688 ut
1267 1647 1350 1689 sibi
1377 1647 1549 1702 quidem

165 1695 446 1760 4vidcbatur3
484 1720 578 1747 mea
613 1709 759 1748 autem
791 1707 1023 1759 sententia,
1062 1706 1136 1761 qui
1168 1707 1230 1747 rei
1260 1707 1458 1760 publicae
1490 1707 1550 1748 sit

199 1765 353 1820 hostis,
384 1764 488 1806 felix
520 1780 612 1807 0330
640 1779 766 1806 1101110
792 1768 950 1820 potest.
1006 1764 1148 1806 Hasta
1172 1765 1316 1819 posita
1340 1779 1418 1819 pro
1446 1765 1548 1806 aede

200 1823 316 1865 Iovis
357 1823 546 1865 Statoris
584 1825 699 1866 bona
736 1822 810 1866 Cn.
848 1823 1028 1878 Pompei
1067 1822 1289 1878 (miserum
1324 1824 1409 1864 me!
1449 1837 1549 1865 con-

201 1883 386 1937 sumptis
431 1883 546 1924 enim
587 1882 778 1924 lacrimis
823 1885 969 1924 tamen
1012 1882 1167 1923 infixus
1211 1882 1361 1923 haeret
1405 1882 1603 1926 animoso

201 1940 363 1996 dolor),
401 1941 532 1995 bona,
570 1941 766 1995 inquam,
804 1940 879 1984 Cn.
912 1940 1090 1994 Pompei
1122 1939 1272 1996 Magni
1310 1941 1404 1982 voci
1437 1955 1548 1983 acer-

200 2000 405 2042 bissimae
439 2000 636 2042 subiecta
660 2000 904 2054 praeconis!
961 1998 1059 2041 Una
1084 1999 1129 2040 in
1154 1999 1230 2040 illa
1254 2013 1299 2040 re
1326 1999 1547 2041 servitutis

201 2059 341 2100 oblita
378 2058 532 2100 civitas
569 2058 800 2114 ingemuit,
838 2058 1209 2113 servientibusque
1242 2058 1414 2111 animis,
1451 2071 1548 2099 cum

201 2117 346 2158 omnia
389 2120 509 2159 metu
552 2119 819 2171 tenerentur,
863 2117 1051 2171 gemitus
1096 2119 1243 2158 tamen
1278 2115 1428 2171 populi
1465 2115 1548 2157 Ro-

200 2176 317 2216 mani
366 2175 478 2217 liber
525 2174 621 2217 fuit.
693 2175 1037 2230 Expectantibus
1081 2175 1298 2228 omnibus,
1348 2173 1546 2228 quisnam
1565 2191 1602 2217 35

202 2237 316 2274 esset
348 2237 439 2275 tam
470 2234 642 2288 impius,
673 2236 764 2275 tam
793 2234 978 2287 demenS,
1010 2237 1100 2275 tam
1125 2234 1192 2275 dis
1215 2232 1548 2287 hominibusque

201 2291 356 2345 hostis,
391 2293 465 2346 qui
497 2293 551 2333 ad
582 2292 692 2334 illud
724 2293 862 2334 scelus
895 2292 1099 2334 sectionis
1131 2291 1307 2333 auderet
1338 2291 1548 2346 accedere,
