1671 2543
551 76 652 112 OAP.
681 81 770 112 7-9
798 81 817 120 s
845 81 992 113 17-23.
1392 79 1447 120 73

102 188 219 230 vitus
262 186 392 241 facio,
434 188 483 228 ut
526 185 724 227 recorder
764 186 910 227 ruinas
949 186 1010 227 rei
1046 186 1264 241 publicae3
1306 200 1446 241 neque

105 247 219 288 enim
250 248 298 286 tu
329 259 535 299 umquam
567 246 710 285 stante
741 259 829 286 non
860 245 986 286 modo
1019 245 1246 286 maiestate
1277 244 1446 300 horum,

105 306 179 348 sed
205 304 336 346 etiam
361 304 465 345 urbe
491 306 534 344 te
561 316 768 358 augurem
792 303 883 344 fore
903 303 1107 358 putasti);
1132 318 1282 345 verum
1301 306 1448 345 tamen

104 367 154 405 ut
185 363 354 405 somnia
378 365 454 403 tua
478 362 729 416 relinquam,
763 362 814 402 ad
841 362 1001 403 scelera
1026 362 1206 417 veniam,
1238 363 1349 416 volo,
1380 363 1446 404 uti

68 438 85 463 5
105 422 211 464 mihi
237 421 508 475 respondeas,
535 435 631 462 cum
650 419 706 461 M.
728 419 933 461 Bibulum
961 421 1186 463 consulem.
1198 436 1287 463 non
1306 421 1447 462 dicam

104 482 211 522 bene
238 480 288 521 de
314 494 359 521 re
384 479 558 534 publica
578 479 847 533 sentientem,
872 494 925 520 ne
946 481 994 521 tu
1014 480 1121 521 mihi
1140 480 1270 522 homo
1291 483 1445 534 potens

104 540 301 592 irascare,
329 539 401 592 qui
427 539 480 579 ab
509 552 558 579 eo
586 537 840 591 dissensisti,
867 539 940 579 sed
966 538 1185 580 hominem
1212 541 1328 580 certe
1348 553 1447 580 nus-

105 613 235 653 quam
271 597 637 652 progredientem,
673 596 783 637 nihil
822 597 866 637 in
904 611 948 638 re
979 597 1153 651 publica
1184 598 1449 651 molientem,

105 659 277 698 tantum
309 656 451 697 animo
485 655 538 696 ab
572 655 814 696 actionibus
848 656 934 696 tuis
967 656 1311 710 dissentientem,
1351 671 1448 698 cum

53 731 87 756 10
106 730 203 757 eum
253 718 301 756 tu
351 714 571 756 consulem
621 714 666 754 in
709 714 880 755 vincula
924 714 1098 756 duceres
1143 718 1186 756 et
1229 730 1254 756 a
1296 715 1449 756 tabula

105 773 282 816 Valeria
326 773 515 828 collegae
560 772 625 813 tui
670 772 788 813 mitti
832 772 1046 827 iuberent,
1095 773 1303 815 fecerisne
1349 777 1447 815 ante

105 835 249 874 rostra
273 835 451 886 pontem
477 831 739 873 continuatis
767 831 1069 886 tribunalibus,
1098 847 1174 886 per
1201 847 1327 886 quem
1353 847 1449 874 con-

107 891 173 933 sul
205 890 354 945 populi
383 890 568 931 Romani
601 890 972 931 moderatissimus
999 893 1042 931 et
1069 891 1448 932 constantissimus

107 950 279 992 sublato
312 949 491 1002 auxilio,
524 948 707 990 exclusis
741 949 909 1001 amicis,
940 948 983 990 vi
1014 949 1283 1003 perditorum
1314 949 1449 991 homi-

55 1023 88 1049 15
106 1023 211 1050 num
242 1008 424 1049 incitata
458 1007 710 1061 turpissimo
738 1007 1065 1061 miserrimoque
1092 1008 1337 1062 spectaculo
1362 1023 1450 1050 non

107 1068 152 1109 in
178 1066 500 1120 earee1em,sed
526 1066 579 1106 ad
605 1065 865 1120 supplicium
891 1069 934 1107 et
960 1066 1013 1107 ad
1038 1080 1186 1107 necem
1212 1067 1449 1108 duceretur.

109 1126 289 1179 Quaero,
319 1140 424 1167 num
456 1124 551 1178 quis
585 1127 683 1165 ante
715 1127 758 1165 te
791 1127 882 1165 tam
913 1124 1045 1165 fuerit
1072 1125 1275 1179 nefarius,
1308 1125 1381 1179 qui
1407 1126 1450 1166 id
1464 1133 1508 1164 22

107 1184 271 1238 fecerit,
302 1187 351 1225 ut
383 1183 580 1237 sciamus,
611 1185 758 1224 utrum
784 1186 979 1224 veterum
1004 1182 1246 1224 facinorum
1273 1184 1332 1224 sis
1358 1184 1452 1224 imi-

108 1246 226 1284 tator
251 1257 306 1283 an
330 1242 529 1283 inventor
552 1256 782 1295 novorum3
807 1241 1003 1295 idemque
1030 1244 1079 1282 tu
1105 1257 1203 1283 cum
1227 1242 1295 1283 his
1323 1245 1452 1296 atque

56 1316 90 1342 20
108 1302 236 1343 huius
263 1301 379 1342 modi
406 1300 596 1342 consiliis
624 1314 672 1341 ac
697 1275 961 1341 facinoribus
981 1300 1154 1341 nomine
1176 1300 1221 1343 C.
1242 1300 1452 1355 Caesaris,

109 1359 433 1402 clementissimi
478 1361 606 1412 atque
649 1359 803 1412 optimi
841 1359 940 1412 viri,
985 1359 1143 1400 scelere
1182 1374 1282 1401 vero
1322 1362 1451 1414 atque

109 1418 287 1460 audacia
324 1421 399 1458 tua
435 1416 492 1458 M.
530 1417 736 1458 Bibulum
773 1417 887 1471 foro,
932 1418 1067 1472 curia,
1112 1418 1305 1472 templis,
1344 1419 1451 1459 locis

107 1477 293 1532 publicis
321 1476 518 1518 omnibus
546 1476 795 1530 expulisses,
820 1476 1036 1517 inclusum
1060 1476 1176 1517 domi
1197 1477 1453 1529 contineres,

111 1549 291 1589 cumque
327 1549 415 1576 non
452 1534 680 1575 maiestate
712 1535 899 1588 imperii,
936 1549 1024 1576 non
1055 1535 1146 1576 iure
1178 1535 1342 1590 legum,
1380 1536 1453 1577 sed

58 1608 91 1634 25
110 1595 262 1635 ianuae
305 1593 519 1647 praesidio
558 1595 601 1633 et
636 1593 852 1647 parietum
890 1593 1097 1634 custodiis
1137 1594 1325 1635 consulis
1364 1594 1456 1635 vita

111 1654 348 1707 tegeretur,
380 1651 602 1692 miserisne
634 1651 856 1705 viatorem,
889 1651 961 1705 qui
993 1651 1050 1692 M.
1082 1651 1289 1693 Bibulum
1322 1652 1449 1693 domo

110 1711 154 1753 vi
180 1710 435 1763 extraheret,
460 1712 521 1764 ut,
547 1710 661 1763 quod
682 1710 728 1750 in
746 1709 926 1764 privatis
948 1724 1116 1764 semper
1136 1712 1202 1751 est
1223 1713 1454 1763 servatum,

112 1770 155 1810 id
181 1771 222 1809 te
248 1768 423 1809 tribuno
444 1767 499 1821 pl.
522 1768 687 1809 consuli
707 1768 858 1809 domus
880 1767 1055 1808 exilium
1076 1782 1167 1809 esse
1187 1783 1276 1809 non
1294 1771 1454 1822 posset.

114 1827 336 1880 Simulque
375 1825 482 1866 mihi
519 1826 776 1879 respondeto
809 1829 874 1879 tu,
914 1826 987 1879 qui
1018 1840 1115 1880 nos,
1154 1827 1227 1879 qui
1260 1826 1309 1867 de
1343 1841 1453 1868 com-
1469 1836 1515 1866 23

59 1901 93 1926 30
113 1885 232 1927 muni
259 1885 395 1926 salute
423 1883 725 1938 consentimus,
756 1887 963 1938 tyrannos
989 1898 1129 1938 vocas,
1159 1884 1346 1925 fuerisne
1371 1899 1459 1926 non

113 1945 312 1985 tribunus
338 1943 407 1997 pl.,
435 1943 508 1983 sed
532 1942 825 1983 intolerandus
847 1957 898 1982 ex
918 1956 1047 1983 caeno
1067 1943 1211 1984 nescio
1234 1943 1307 1996 qui
1328 1946 1457 1997 atque

113 2018 164 2044 ex
195 2002 384 2043 tenebris
417 2003 636 2055 tyrannus,
669 2001 742 2055 qui
772 2000 960 2054 primum
986 2015 1080 2042 eam
1106 2015 1196 2042 rem
1222 2001 1453 2055 publicam,

114 2075 222 2116 quae
255 2059 457 2114 auspiciis
489 2059 675 2100 inventis
708 2059 948 2100 constituta
979 2062 1057 2113 est,
1088 2060 1225 2100 isdem
1251 2060 1456 2114 auspiciis

114 2119 298 2161 sublatis
327 2132 526 2160 conarere
551 2120 807 2172 pervertere,
833 2117 981 2159 deinde
1009 2118 1304 2159 sanctissimas
1324 2119 1456 2173 leges,

61 2193 95 2220 35
114 2178 284 2219 Aeliam
315 2180 358 2218 et
383 2177 552 2218 Fufiam
578 2176 684 2230 dico,
711 2190 818 2230 quae
844 2176 890 2216 in
911 2175 1204 2218 Gracchorum
1229 2176 1454 2218 ferocitate

115 2238 158 2277 et
194 2236 240 2277 in
277 2235 455 2277 audacia
488 2234 710 2276 Saturnini
748 2237 791 2275 et
822 2234 867 2276 in
899 2234 1138 2276 colluvione
1170 2234 1302 2276 Drusi
1335 2238 1379 2276 et
1410 2235 1459 2276 in

115 2294 389 2336 contentione
423 2292 585 2348 Sulpici
618 2295 661 2335 et
691 2293 736 2334 in
768 2307 917 2335 cruore
945 2292 1152 2348 Cinnano,
1183 2293 1316 2334 etiam
1340 2293 1454 2335 inter
