1671 2543
506 41 608 77 CAP.
635 46 773 77 25—27
801 47 819 84 g
846 45 996 77 60-65.
1338 41 1419 82 187

79 150 378 205 triumphavit,
412 149 525 204 quod
554 149 679 191 alteri
704 149 828 191 illum
852 150 1060 191 honorem
1086 149 1263 204 colleg,a
1295 149 1421 190 alteri

83 223 198 251 mors
218 208 469 263 praeripuit.
504 207 645 249 Inrisa
665 210 730 250 est
750 209 826 250 abs
848 211 890 250 te
910 208 1039 263 paulo
1060 211 1158 249 ante
1178 207 1235 249 Μ.
1249 207 1420 249 Pisonis

83 267 297 322 cupiditas
317 267 626 322 triumphandi,
651 282 676 308 a
696 282 780 322 qua
800 270 841 308 te
862 268 990 322 longe
1011 267 1157 308 dixisti
1178 266 1420 308 abhorrere.

85 326 168 375 Qui
206 326 375 367 etiamsi
410 326 551 367 minus
583 339 788 380 magnum
818 326 981 367 bellum
1012 328 1224 381 gesserat,
1260 328 1310 366 ut
1342 325 1419 366 abs

51 388 126 426 rte
165 384 327 426 dictum
362 387 446 439 est,
484 387 630 425 tamen
659 385 792 426 istum
823 385 1031 426 honorem
1062 384 1421 426 contemnendum

82 458 169 485 11011
193 443 374 497 putavit.
415 442 480 484 Tu
506 443 713 484 eruditior
734 458 862 498 quam
882 443 995 498 Piso,
1020 443 1271 498 prudentior
1291 457 1421 496 quam

83 501 230 555 Cotta,
269 501 557 543 abundantior
588 502 786 555 consilio,
824 502 1016 557 ingenio,
1048 501 1260 557 sapientia
1292 515 1420 555 quam

83 559 263 602 Crassus
291 574 341 601 ea
360 560 611 615 contemnis,
640 575 748 615 quae
767 561 832 601 illi
854 559 1054 614 ς11110111οζ
1079 564 1129 601 ut
1148 563 1196 601 tu
1217 560 1420 614 appellas,

82 619 303 673 praeclara
334 619 558 660 duxerunt.
619 618 781 668 Quodsi
813 619 1099 674 reprehendis,
1132 619 1245 674 quod
1277 618 1420 673 cupidi
1435 624 1478 657 63

30 690 64 716 ιο
83 692 265 719 coronae
290 677 461 719 laureae
487 677 660 733 fuerint,
686 693 782 720 cum
807 678 922 719 bella
947 680 1022 719 aut
1046 692 1179 732 parva
1204 679 1279 718 aut
1302 677 1421 718 nulla

83 736 330 792 gessissent,
362 738 411 777 tu
442 737 576 777 tantis
607 736 857 778 nationibus
891 736 1093 791 subactis,
1125 736 1259 777 tantis
1291 737 1420 777 rebus

84 795 219 850 gestis
246 794 422 836 minime
448 795 636 836 fructum
662 795 859 836 laborum
885 798 1071 850 tuorum,
1096 795 1289 849 praemia
1312 794 1421 849 peri-

84 853 290 908 culorum,
315 853 490 894 virtutis
517 853 705 908 insignia
730 857 1001 895 contemnere
1028 854 1225 895 debuisti.
1269 852 1421 908 Neque

83 926 182 954 vero
222 912 539 966 contempsisti,
577 913 635 953 sis
667 912 770 954 licet
801 911 1023 954 Themista
1055 912 1309 966 sapientior,
1348 912 1421 953 sed

31 982 63 1008 15
85 985 135 1014 os
170 974 293 1011 tuum
330 970 516 1012 ferreum
551 974 724 1012 senatus
757 971 949 1013 convicio
981 971 1198 1012 verberari
1228 971 1422 1012 noluisti.

171 1029 266 1070 Iam
302 1029 420 1071 vides
459 1029 681 1084 (quoniam
720 1030 891 1084 quidem
923 1030 985 1070 ita
1017 1032 1188 1085 egomet
1220 1029 1327 1070 mihi
1358 1029 1421 1070 fui

84 1088 300 1142 inimicus,
347 1090 396 1129 ut
439 1102 506 1128 me
550 1091 693 1130 tecum
738 1089 1049 1143 compararem)
1094 1091 1137 1129 et
1181 1087 1422 1144 digressum

84 1161 226 1188 meum
264 1149 307 1187 et
344 1146 585 1188 absentiam
624 1151 667 1188 et
704 1147 890 1188 reditum
926 1147 988 1188 ita
1025 1148 1151 1202 longe
1189 1150 1265 1188 tuo
1303 1162 1422 1201 prae-

84 1205 260 1258 stitisse,
291 1207 341 1246 ut
372 1205 479 1246 mihi
506 1205 582 1246 illa
608 1206 751 1247 onmia
776 1206 1066 1247 immortalem
1092 1205 1276 1261 gloriam
1303 1206 1421 1247 dede-

29 1278 65 1303 20
83 1263 182 1318 rint,
214 1263 295 1305 tibi
328 1264 634 1318 sempiternam
665 1265 978 1319 turpitudinem
1008 1264 1255 1305 inflixerint.
1304 1263 1420 1305 Num
1435 1270 1480 1302 64

84 1322 215 1363 etiam
245 1322 291 1363 in
321 1322 403 1364 hac
435 1323 650 1364 cotidiana
682 1323 858 1365 adsidua
888 1324 1136 1378 urbanaque
1168 1323 1259 1364 vita
1285 1323 1422 1377 splen—

84 1381 231 1422 dorem
247 1383 382 1435 tuum,
403 1382 602 1437 gratiam,
622 1382 918 1423 celebritatem
933 1382 1226 1436 domesticam,
1247 1396 1418 1436 operam

83 1438 316 1494 forensem,
354 1440 600 1494 consilium,
637 1441 861 1495 auxilium,
900 1441 1222 1495 auctoritatem,
1255 1443 1422 1482 senten-

84 1497 193 1538 tiam
224 1499 485 1540 senatoriam
515 1499 641 1540 nobis
674 1502 760 1554 aut,
792 1502 841 1541 ut
868 1500 1010 1541 verius
1037 1499 1187 1553 dicam,
1220 1499 1421 1553 cuiquam

30 1571 66 1598 25
86 1570 130 1597 es
156 1556 304 1597 infimo
331 1571 379 1598 ac
400 1557 742 1611 despicatissimo
764 1558 1063 1599 antelaturus‘?
1113 1558 1219 1613 Age,
1246 1561 1420 1599 senatus
1435 1552 1488 1593 27

86 1614 178 1655 odit
209 1616 252 1655 te
284 1612 419 1670 (quod
445 1630 541 1656 eum
567 1618 615 1657 tu
640 1616 778 1658 facere
804 1617 895 1658 iure
922 1615 1137 1671 concedis)
1165 1616 1421 1658 afflictorem

86 1687 135 1713 ac
160 1672 422 1738 perditorem
446 1688 534 1715 non
558 1674 685 1716 modo
712 1675 938 1730 dignitatis
966 1678 1010 1716 et
1036 1675 1321 1729 auctoritatis,
1349 1675 1422 1716 sed

87 1731 261 1772 omnino
289 1731 450 1773 ordinis
477 1747 526 1773 ac
550 1733 737 1774 nominis
765 1733 848 1787 sui3
873 1733 1016 1774 videre
1043 1733 1209 1786 equites
1235 1732 1422 1773 Romani

84 1805 172 1831 non
207 1792 406 1844 possunt,
445 1804 528 1844 quo
567 1805 618 1832 ex
656 1791 802 1832 ordine
838 1792 905 1832 vir
941 1791 1340 1845 praestantissimus
1378 1794 1424 1832 et

31 1864 67 1888 30
88 1848 401 1902 ornatissimus,
425 1847 472 1889 L.
492 1848 653 1903 Aelius,
680 1852 747 1890 est
773 1852 816 1890 te
843 1850 1016 1891 consule
1037 1849 1274 1904 relegatus3
1298 1849 1420 1903 plebs

86 1906 281 1947 Romana
323 1907 539 1961 perditum
584 1907 720 1961 cupit,
763 1907 809 1948 in
852 1908 971 1949 cuius
1016 1910 1064 1948 tu
1101 1907 1325 1948 infamiam
1361 1922 1422 1962 ea,

86 1979 193 2019 quae
224 1979 301 2019 per
332 1965 522 2007 latrones
554 1968 597 2007 et
627 1980 703 2020 per
735 1980 879 2008 servos
912 1967 962 2007 de
988 1981 1055 2007 me
1083 1980 1244 2021 egeraS,
1276 1968 1422 2007 contu-

84 2023 194 2078 lisffi3
226 2023 355 2065 Italia
383 2027 538 2065 cuncta
563 2027 819 2079 exsecratur,
852 2025 971 2066 cuius
997 2025 1110 2065 idem
1135 2027 1184 2065 tu
1210 2024 1422 2078 superbis-

86 2082 192 2123 sime
218 2082 389 2124 decreta
414 2085 458 2123 et
481 2097 628 2137 preces
655 2083 902 2137 repudiasti.
945 2083 1033 2124 Fac
1054 2083 1182 2124 huius
1204 2083 1288 2124 odii
1309 2083 1421 2124 tanti
1437 2092 1479 2121 65

31 2155 66 2181 35
86 2155 136 2181 ac
178 2143 269 2181 tam
305 2141 494 2182 universi
530 2141 786 2195 periculum,
830 2141 868 2182 si
905 2142 1047 2183 audes.
1114 2141 1288 2182 Instant
1322 2144 1423 2196 post

84 2198 308 2240 hominum
346 2199 598 2241 memoriam
637 2200 958 2254 apparatissimi
990 2199 1423 2255 magnificentissimi-

86 2271 167 2311 que
198 2257 300 2312 ludi,
333 2259 480 2312 quales
511 2273 599 2299 non
630 2259 755 2300 modo
788 2273 1022 2313 numquam
1053 2258 1240 2307 fuerunt,
1271 2259 1344 2300 sed
1368 2273 1422 2300 ne
