1671 2543
211 120 298 161 544
378 119 428 155 ΙΝ
455 120 503 154 Μ.
532 118 792 154 ANTONIUM
818 118 992 154 ORATIO
1021 117 1290 153 PHILIPPICA
1315 118 1411 154 XIII.

212 228 354 271 ficiis
375 227 614 270 Caesaris
641 229 692 268 et
717 227 874 268 talem
901 227 960 268 ab
988 241 1043 268 eo
1071 226 1332 281 relictum,
1359 226 1559 280 qualem

213 288 322 342 ipse
365 284 607 339 miraris?
650 309 698 315 —
763 285 977 340 Equidem
1014 299 1171 341 negare
1208 299 1295 326 non
1326 299 1503 339 possum
1534 299 1559 326 a

214 345 395 388 Caesare
428 345 623 386 Hirtium
656 347 876 398 ornatum,
908 344 980 386 sed
1013 344 1088 385 illa
1120 346 1374 385 ornamenta
1403 343 1449 385 in
1479 343 1560 385 vir

214 407 309 446 tute
347 407 390 446 et
427 403 641 445 industria
679 404 824 457 posita
855 403 1009 445 lucent
1071 402 1136 444 Tu
1167 416 1286 456 vero,
1324 402 1397 457 qui
1429 405 1472 444 te
1504 403 1558 444 ab

214 464 363 506 eodem
391 462 573 504 Caesare
607 465 807 504 ornatum
838 475 995 518 negare
1020 476 1108 503 non
1133 464 1270 516 potes,
1303 461 1406 516 quid
1431 475 1559 515 esses,
1595 475 1612 500 5

216 523 252 564 si
290 522 372 563 tibi
410 522 482 562 ille
520 535 607 562 non
645 524 735 562 tam
774 520 911 562 multa
948 520 1204 562 tribuisset?
1243 534 1375 574 ecquo
1408 522 1451 562 te
1484 523 1560 562 tua

215 581 352 623 virtus
384 580 666 635 provexisset,
698 593 830 634 ecquo
864 593 998 635 genus
1029 579 1165 621 vitae?
1219 577 1272 621 In
1296 579 1456 633 lustris,
1487 593 1560 634 po-

215 639 347 694 pinis,
387 639 497 693 alea‚
529 639 628 680 vino
661 640 831 692 tempus
865 638 1019 680 aetatis
1052 652 1176 680 omne
1209 638 1560 692 consumpsisses,

214 701 265 740 ut
305 698 512 752 faciebas,
551 711 648 739 cum
678 697 724 738 in
755 697 931 752 gremiis
962 697 1189 738 mimarum
1222 699 1416 739 mentum
1447 711 1560 739 men-

216 760 389 811 temque
421 757 668 811 deponeres.
731 755 801 797 ‘et
832 759 898 810 te,
937 770 960 797 0
992 755 1146 811 puer‚’
1183 779 1231 785 —-
1267 755 1454 797 Puerum
1489 770 1559 810 ap·
1578 769 1612 795 10

216 816 363 871 pellat,
396 830 523 870 quem
554 829 641 856 non
673 814 799 856 modo
831 815 983 869 virum,
1015 815 1087 856 sed
1117 815 1248 856 etiam
1274 814 1560 856 fortissimum

216 875 357 916 virum
401 874 537 916 sensit
580 876 624 915 et
667 874 836 915 sentiet.
908 873 990 915 Est
1033 874 1144 915 istuc
1191 873 1362 927 quidem
1404 887 1561 916 nomen

219 933 387 987 aetatis,
414 933 488 975 sed
514 932 566 973 ab
591 947 639 974 eo
661 932 835 974 minime
855 932 1158 987 usurpandum,
1186 932 1259 986 qui
1279 946 1401 974 suam
1421 947 1560 974 amen—

159 1006 203 1037 25
218 993 326 1034 tiam
362 1006 495 1058 puero
533 991 633 1033 huic
672 992 849 1046 praebet
886 991 938 1033 ad
975 991 1170 1047 gloriam.
1241 990 1349 1046 qui
1393 992 1561 1033 omnia

216 1051 413 1093 nomini
451 1049 636 1104 debes?
675 1074 730 1079 —
761 1046 903 1092 Debet
940 1064 1040 1092 vero
1079 1050 1293 1104 solvitque
1331 1051 1560 1104 praeclare.
1581 1064 1613 1090 15

220 1109 266 1152 Si
298 1110 412 1152 em'm
444 1109 517 1150 ille
548 1109 714 1163 patriae
746 1123 912 1163 parens,
943 1111 992 1151 ut
1023 1111 1072 1150 tu
1104 1109 1300 1174 appellas
1328 1107 1426 1165 (ego
1459 1109 1561 1164 quid

219 1169 420 1222 sentiam,
458 1165 642 1223 videro),
680 1182 754 1209 cur
790 1182 876 1209 non
914 1168 984 1209 hic
1022 1182 1176 1222 parens
1214 1167 1373 1222 verior,
1414 1182 1440 1209 a
1476 1182 1560 1222 quo

220 1230 334 1269 certe
370 1202 505 1268 vi⁷tam
536 1222 765 1268 habemus
778 1241 799 1268 e
832 1227 919 1268 tuis
951 1226 1328 1268 facinerosissimis
1361 1201 1559 1268 inanibus

220 1285 443 1340 ereptam?
475 1284 543 1325 ‘id
577 1299 743 1340 agere,
774 1288 829 1326 ut
860 1286 968 1326 iure
1001 1285 1273 1326 damnatus
1306 1285 1376 1326 sit
1407 1284 1560 1326 Dola-

219 1343 390 1394 bella‚'
417 1366 472 1373 —
498 1343 685 1397 Turpem
710 1357 810 1385 vero
843 1344 1068 1398 actionem,
1101 1357 1184 1397 qua
1209 1343 1450 1385 defenditur
1475 1357 1560 1384 am·
1580 1357 1614 1383 2⁰

220 1402 406 1458 plissimi
442 1401 677 1443 auctoritas
711 1402 871 1443 ordinis
904 1405 1054 1444 contra
1085 1401 1368 1443 crudelissimi
1401 1402 1560 1457 gladia—

222 1462 329 1503 toris
375 1461 624 1502 amentiam!
669 1458 740 1501 ‘et
782 1463 837 1501 ut
873 1459 1103 1502 venefica
1146 1460 1267 1502 haec
1305 1460 1561 1502 liberetur

223 1520 493 1562 obsidione
501 1518 526 1573 ,⁹
553 1543 609 1549 —
636 1518 883 1560 Veneficam
910 1519 1036 1560 audes
1057 1519 1272 1573 appellare
1293 1533 1389 1560 eum
1409 1519 1560 1574 virum,

223 1579 297 1634 qui
329 1578 416 1620 tuis
447 1577 663 1619 veneficiis
695 1578 881 1619 remedia
911 1578 1103 1619 invenit?
1137 1591 1263 1631 quem
1289 1578 1351 1619 ita
1377 1578 1560 1633 obsides,

222 1652 331 1680 nove
367 1636 603 1685 Hannibal,
648 1639 722 1677 aut
765 1636 801 1678 si
846 1636 939 1690 quis
984 1636 1151 1677 acutior
1194 1636 1430 1690 1111Ρο131301
1465 1636 1560 1692 fuit,
1580 1651 1614 1677 25

223 1699 274 1738 ut
305 1699 347 1737 te
379 1696 470 1750 ipse
503 1695 699 1737 obsideas
730 1709 866 1749 neque
899 1698 941 1736 te
972 1695 1118 1748 istinc,
1157 1695 1193 1736 si
1225 1696 1389 1750 cupias,
1419 1696 1560 1750 possis

226 1755 450 1810 explicare
523 1753 784 1807 Recesseris‚
833 1754 1019 1808 undique
1070 1768 1217 1795 omnes
1265 1754 1561 1809 insequentur3

225 1813 446 1866 manseris,
471 1813 678 1854 haerebis.
723 1811 940 1854 Nimirum
965 1816 1079 1854 recte
1105 1812 1337 1854 veneficam
1357 1813 1560 1868 appellas,

226 1887 251 1914 a
300 1886 385 1926 quo
436 1872 518 1913 tibi
566 1874 836 1926 praesentem
884 1874 1050 1925 pestem
1094 1871 1210 1912 vides
1256 1875 1560 1926 comparatam.

227 1930 303 1972 ‘ut
335 1945 482 1985 quam
506 1930 906 1984 potentissimus
933 1930 1001 1971 sit
1027 1928 1234 1972 Cassius
1261 1933 1413 1984 atque
1438 1929 1561 1972 Bru·
1580 1944 1614 1970 so

169 1989 337 2031 ‘zetus'
405 1989 537 2030 Putes
581 1987 862 2030 Censorinum
906 1988 1043 2030 dicere
1087 1991 1161 2029 aut
1198 1987 1449 2030 Ventidium
1486 1991 1562 2030 aut

227 2049 359 2090 etiam
401 2048 519 2102 ipsos
563 2047 789 2089 Antonios.
862 2048 949 2089 Cur
990 2050 1134 2088 autem
1177 2047 1318 2089 nolint
1361 2050 1560 2102 potentes

228 2121 321 2149 esse
364 2121 452 2148 non
492 2106 617 2147 modo
663 2106 849 2160 optimos
894 2109 937 2147 et
978 2105 1271 2148 nobilissimos
1312 2106 1444 2160 viros,
1487 2106 1560 2148 sed

229 2179 373 2207 secum
416 2165 547 2206 etiam
589 2164 634 2205 in
670 2164 731 2206 rei
768 2164 963 2219 publicae
1001 2164 1243 2206 defensione
1282 2164 1560 2206 conjunctos?

230 2223 1285 2278 <Nimirumeodemmodohaecadspicitis‚
1298 2221 1560 2277 utpriora?
1579 2237 1614 2264 ³5

233 2281 348 2330 Quae
381 2282 583 2324 tandem?
619 2281 817 2324 ‘Castra
842 2281 1048 2336 Pompei
1075 2284 1305 2323 senatum
1336 2280 1560 2335 appella-

164 2335 216 2376 12
233 2340 394 2381 batis?
440 2341 508 2382 An
540 2354 638 2382 vero
671 2343 745 2381 tua
774 2343 914 2382 castra
938 2340 1082 2395 potius
1110 2342 1304 2381 senatum
1330 2339 1561 2393 appellare-

1644 266 1655 313 ‚i
