1671 2543
190 107 276 149 346
490 106 583 142 PRO
610 106 738 141 REGE
764 105 1006 142 DEIOTARO
1034 105 1224 142 ORATIO.

191 229 321 270 quam
358 215 403 255 in
440 214 752 268 disceptatione
791 217 960 255 versata
999 217 1082 267 est,
1120 214 1214 256 dico
1246 215 1362 256 intra
1393 214 1534 255 dome-

192 274 324 315 sticos
356 273 556 327 parietes,
588 272 682 313 dico
716 275 837 314 extra
865 275 1124 314 conventum
1151 275 1194 314 et
1219 287 1313 314 eam
1338 271 1534 326 frequen·

190 332 316 385 tiam,
360 331 405 372 in
449 345 536 386 qua
577 334 798 372 oratorum
843 331 987 372 studja
1029 331 1110 372 niti
1156 331 1314 386 solent3
1357 331 1402 372 in
1444 330 1531 371 tuis

191 391 337 443 oculis,
364 390 408 430 in
435 392 510 430 tuo
538 403 610 430 ore
636 390 842 444 vultuque
870 389 1110 444 adquiesco,
1136 392 1179 432 te
1198 404 1331 431 unum
1350 389 1532 443 intueor,

189 449 242 490 ad
263 451 305 489 te
319 463 451 489 unum
477 448 614 489 omnis
630 463 725 489 mea
739 451 907 502 spectat
922 449 1079 502 oratio,
1101 463 1207 502 quae
1224 448 1330 489 mihi
1345 447 1397 488 ad
1411 461 1532 502 spem
1569 455 1587 482 ⁶

189 506 446 561 optinendae
473 506 671 547 veritatis
699 507 955 561 gravissima
983 510 1095 560 sunt,
1128 507 1181 547 ad
1207 509 1374 548 motum
1401 506 1533 547 animi

190 568 233 606 et
254 565 306 606 ad
328 580 498 606 omnem
518 565 728 619 impetum
749 565 915 607 dicendi
936 565 1338 619 contentionemque
1358 564 1532 606 leviora.

153 623 313 664 6Hanc
358 623 471 664 enim
516 638 706 676 causam,
745 622 803 665 C.-
829 622 1004 677 Caesar,
1051 624 1086 664 si
1130 624 1175 665 in
1215 623 1308 664 foro
1348 623 1533 664 dicerem

190 683 339 723 eodem
372 682 570 723 audiente
602 685 645 723 et
678 682 944 736 disceptante
976 685 1037 735 te,
1073 685 1279 736 quantam
1311 681 1418 723 mihi
1449 680 1533 722 ala-

190 741 391 782 critatem
439 740 590 794 populi
640 740 823 782 Romani
869 755 1102 782 concursus
1147 740 1350 781 adferret!
1427 738 1532 788 Quis
1554 748 1587 773 1⁰

190 800 305 840 enim
338 799 442 840 civis
476 799 514 839 ei
546 799 638 853 regi
670 814 756 840 non
787 799 962 852 faveret,
996 799 1114 840 cuius
1149 813 1319 840 omnem
1345 800 1534 840 aetatem

188 858 233 898 in
258 857 410 911 populi
431 856 615 898 Romani
642 857 768 898 bellis
797 859 1098 911 consumptam
1124 871 1216 898 esse
1238 855 1534 898 meminisset?

190 914 441 970 Spectarem
486 916 667 969 curiam,
712 916 903 957 intuerer
943 915 1103 970 forum,
1149 916 1314 957 caelum
1352 914 1534 968 denique

189 976 374 1015 testarer
414 974 568 1028 ipsum.
626 973 696 1015 Sic
734 989 831 1015 cum
863 976 906 1015 et
937 974 1113 1015 deorum
1145 973 1458 1015 immortalium
1489 975 1534 1014 et

187 1032 337 1087 populi
376 1032 562 1073 Romani
607 1035 650 1073 et
689 1035 861 1073 senatus
900 1032 1106 1074 beneficia
1144 1033 1190 1073 in
1226 1046 1372 1088 regem
1408 1031 1534 1072 Deio-
1554 1037 1587 1063 1⁶

189 1093 333 1132 tarum
352 1091 612 1144 recordarer,
631 1091 750 1132 nullo
772 1091 898 1132 modo
920 1091 1027 1132 mihi
1049 1091 1193 1132 deesse
1214 1093 1362 1145 posset
1382 1089 1533 1132 oratio.

159 1149 311 1197 {Quae
357 1149 562 1203 quoniam
606 1150 858 1204 angustiora
900 1149 1087 1203 parietes
1132 1149 1298 1190 faciunt
1335 1148 1534 1202 actioque

188 1207 400 1248 maximae
428 1222 580 1249 causae
608 1208 860 1248 debilitatur
882 1208 991 1261 loco,
1016 1210 1139 1249 tuum
1161 1211 1237 1260 est,
1266 1206 1434 1258 Caesar,
1460 1206 1533 1261 qui

187 1280 266 1319 pro
288 1265 436 1307 multis
457 1280 582 1319 saepe
603 1266 760 1306 dixisti.
782 1266 883 1320 quid
902 1266 1008 1306 mihi
1031 1280 1143 1307 nunc
1163 1266 1295 1306 am'mi
1315 1265 1385 1318 sit,
1410 1264 1463 1305 ad
1489 1266 1532 1306 te

187 1323 330 1376 ipsum
376 1323 552 1377 referre,
597 1338 680 1376 quo
725 1323 893 1364 facilius
939 1338 1035 1364 cum
1078 1323 1271 1376 aequitas
1309 1326 1401 1376 tua,
1439 1325 1585 1364 tumso

189 1381 387 1421 audiendi
414 1381 639 1435 diligentia
665 1381 831 1422 minuat
855 1381 966 1422 hanc
990 1381 1361 1435 perturbationem
1381 1395 1533 1423 meam.

279 1437 362 1479 Sed
392 1442 624 1492 antequam
650 1439 699 1479 de
728 1439 999 1480 accusatione
1025 1439 1119 1493 ipsa
1146 1439 1253 1492 dico,
1286 1439 1335 1480 de
1363 1453 1533 1481 accusa-

189 1500 332 1537 torum
383 1511 456 1550 spe
510 1512 647 1551 pauca
696 1497 854 1551 dicam3
911 1497 982 1551 qui
1033 1512 1130 1538 cum
1180 1497 1406 1539 videantur
1453 1511 1532 1539 nec

187 1555 360 1609 ingenio
410 1569 489 1596 nec
538 1569 619 1596 usu
670 1558 798 1609 atque
848 1556 1153 1597 exercitatione
1198 1570 1341 1597 rerum
1378 1555 1532 1610 valere,

191 1615 336 1654 tamen
375 1613 426 1653 ad
463 1613 574 1655 hanc
613 1628 786 1655 causam
819 1629 907 1655 non
939 1615 1028 1655 sine
1061 1614 1205 1668 aliqua
1237 1628 1311 1668 spe
1343 1617 1387 1655 et
1418 1614 1532 1669 cogi·
1550 1626 1585 1652 25

152 1671 354 1733 8tatione
387 1675 606 1713 venerunt.
658 1672 824 1713 Iratum
856 1675 898 1713 te
931 1673 1022 1727 regi
1049 1671 1254 1714 Deiotaro
1286 1671 1419 1714 fuisse
1444 1686 1531 1714 non

190 1732 312 1770 erant
349 1730 501 1783 nescii3
539 1730 755 1772 adfectum
793 1731 916 1771 illum
955 1731 1212 1784 quibusdam
1246 1730 1530 1772 incommodis

188 1790 231 1828 et
264 1788 533 1829 detrimentis
565 1791 741 1843 propter
774 1789 1051 1830 offensionem
1081 1788 1213 1842 ammi
1240 1788 1304 1829 tui
1330 1789 1528 1830 memine—

187 1849 303 1900 rant,
342 1849 469 1900 teque
502 1861 599 1888 cum
630 1847 730 1888 huic
762 1847 939 1900 iratum,
976 1849 1070 1888 tum
1102 1846 1186 1887 sibi
1217 1846 1403 1888 amicum
1434 1860 1528 1888 esse

188 1907 497 1959 cognoverant,
536 1919 715 1958 cumque
754 1905 865 1959 apud
897 1905 1039 1958 ipsum
1071 1907 1114 1945 te
1146 1905 1196 1945 de
1227 1907 1303 1946 tuo
1334 1904 1526 1958 periculo
1547 1917 1581 1942 ω

188 1962 397 2016 dicerent,
429 1962 520 2004 fore
552 1963 764 2017 putabant
795 1966 844 2004 ut
876 1963 920 2004 in
953 1963 1195 2004 exulcerato
1229 1963 1370 2004 am'mo
1403 1962 1528 2004 facile

187 2020 336 2061 fictum
369 2021 529 2061 crimen
561 2021 778 2062 insideret.
840 2020 979 2069 Quam
1012 2021 1066 2062 ob
1099 2035 1189 2062 rem
1220 2020 1303 2062 hoc
1333 2034 1412 2062 nos
1443 2020 1528 2074 pri-

188 2093 306 2119 mum
338 2081 474 2132 metu,
507 2078 676 2133 Caesar,
711 2093 787 2133 per
818 2079 945 2120 fidem
977 2082 1021 2120 et
1053 2079 1342 2120 constantiam
1373 2080 1417 2119 et
1449 2077 1527 2119 cle·
1556 2101 1558 2103 ·

188 2137 395 2177 mentiam
425 2140 545 2178 tuam
578 2138 725 2190 libera,
755 2151 807 2178 110
840 2137 1025 2178 residere
1056 2137 1101 2178 in
1132 2140 1175 2178 te
1200 2137 1333 2177 ullam
1358 2138 1526 2189 partem

187 2194 432 2236 iracundiae
472 2196 748 2249 suspicemur.
811 2195 893 2236 Per
930 2195 1150 2236 dexteram
1187 2195 1317 2235 istam
1354 2196 1397 2234 te
1436 2205 1577 2248 oro,³5

189 2265 317 2304 quam
356 2253 447 2307 regi
478 2253 685 2295 Deiotaro
718 2253 874 2307 hospes
906 2253 1067 2307 hospiti
1099 2251 1345 2306 porrexisti,
1383 2251 1524 2304 istam,

189 2309 375 2362 inquam,
408 2311 626 2352 dexteram
657 2325 743 2352 non
777 2312 901 2363 [tam]
935 2311 979 2351 in
1010 2310 1135 2351 bellis
1166 2323 1243 2351 1100
1274 2309 1320 2350 111
1350 2310 1524 2364 proeliis
