1671 2543
78 708 112 734 10

79 1001 112 1027 15

40 1296 112 1321 ·20

614 57 714 91 CAP.
743 61 773 102 1,
800 61 819 92 2
847 61 865 100 ς
893 62 994 92 1-4.
1086 58 1089 59 ’
1393 61 1480 102 375

130 164 352 219 putavisti.
428 164 540 214 Quid
583 165 761 220 putem?
812 167 1161 221 contemptumne
1205 167 1303 208 me?
1376 167 1513 210 N0n2

131 223 273 277 video,
310 237 388 265 nec
426 224 470 265 in
508 224 599 265 vita
633 238 713 266 nec
744 224 789 265 in
821 225 964 279 gratia
994 239 1072 267 nec
1104 225 1150 267 in
1180 226 1308 267 rebus
1341 227 1478 282 gestis

131 296 209 324 nec
249 282 294 323 in
330 282 411 324 hac
449 297 544 324 mea
580 283 879 325 mediocritate
917 284 1081 339 ingenii
1119 284 1221 339 quid
1259 285 1477 339 despicere

132 341 273 394 possit
303 340 532 383 Antonius.
592 342 664 383 An
700 342 746 383 in
784 345 935 384 senatu
973 342 1178 385 facillime
1217 343 1267 385 de
1305 359 1373 385 me
1409 344 1470 386 de-

134 399 248 441 trahi
273 414 400 454 posse
428 400 635 442 credidit?
666 401 740 455 qui
768 401 870 442 ordo
899 401 1150 443 clarissimis
1177 401 1343 445 civibus
1369 403 1477 445 bene

132 461 279 513 gestae
311 459 373 500 rei
401 459 599 513 publicae
626 460 925 501 testimonium
952 460 1114 514 multis,
1146 461 1254 502 mihi
1278 461 1350 503 uni
1380 476 1476 503 con-

132 519 327 559 servatae
353 518 482 560 dedit.
520 518 591 560 An
614 518 832 560 decertare
853 533 1022 561 mecum
1041 519 1180 561 voluit
1201 520 1477 562 contentione

131 576 329 618 dicendi?
399 576 495 619 Hoc
540 577 712 631 quidem
756 580 822 619 est
866 578 1134 619 beneficium.
1206 577 1317 628 Quid
1363 579 1479 621 enim

131 635 312 689 plenius,
345 635 446 689 quid
478 635 652 677 uberius
686 650 815 690 quam
847 636 953 677 1111111
986 639 1029 678 et
1056 651 1135 691 pro
1162 651 1229 678 me
1256 639 1300 678 et
1327 640 1479 680 contra

132 693 372 735 Antonium
397 694 565 736 dicere?
603 694 717 736 Illud
742 694 936 749 profecto
960 697 1080 748 [est]:
1106 710 1193 737 non
1212 696 1479 738 existimavit

132 753 198 794 sui
243 752 457 794 similibus
495 753 670 808 probari
708 768 836 808 posse
874 768 919 795 se
958 768 1051 795 esse
1088 754 1260 795 hostem
1297 755 1478 810 patriae,

130 811 215 853 nisi
253 811 359 852 mihi
397 815 511 854 esset
548 812 758 854 inimicus.
825 811 905 854 Cui
942 813 1194 867 priusquam
1232 813 1282 854 de
1321 814 1513 855 ceteris3

131 871 259 912 rebus
297 871 551 925 respondeo,
592 871 642 913 de
683 871 893 925 amicitia,
933 886 1061 925 quam
1100 886 1124 912 a
1163 885 1230 912 me
1269 872 1478 913 violatam

131 943 225 971 esse
269 929 522 971 criminatus
567 932 650 983 est,
695 930 808 983 quod
852 944 931 985 ego
970 930 1276 985 gravissimum
1315 931 1477 972 crimen

132 988 292 1041 iudico,
324 1002 461 1041 pauca
493 988 644 1030 dicam.

220 1045 383 1088 Contra
409 1061 499 1088 rem
523 1061 644 1088 suam
664 1061 731 1088 me
751 1047 895 1088 nescio
918 1047 1086 1101 quando
1108 1047 1275 1088 venisse
1296 1050 1475 1101 questus
1492 1048 1519 1089 2

131 1108 208 1147 est.
246 1105 316 1146 An
342 1119 420 1160 ego
446 1119 534 1146 non
559 1105 748 1147 venirem
776 1108 926 1146 contra
952 1106 1140 1146 alienum
1166 1120 1244 1160 pro
1273 1105 1479 1147 familiari

130 1167 174 1206 et
199 1164 455 1217 necessario,
479 1178 567 1205 11011
592 1164 782 1206 venirem
809 1167 960 1205 contra
986 1164 1175 1219 gratiam
1193 1178 1281 1205 non
1300 1163 1477 1205 virtutis

131 1237 223 1277 spe,
259 1222 333 1264 sed
366 1222 522 1264 aetatis
555 1223 660 1264 flore
694 1223 952 1277 conlectam,
983 1237 1072 1264 non
1103 1222 1293 1264 venirem
1327 1225 1478 1263 contra

130 1281 344 1335 iniuriam,
378 1295 507 1335 quain
538 1281 622 1322 iste
651 1281 950 1323 intercessoris
977 1280 1241 1335 iniquissimi
1267 1281 1476 1322 beneficio

131 1340 332 1395 optinuit,
360 1354 447 1381 non
472 1340 563 1381 iure
590 1339 838 1394 praetorio?
892 1339 974 1381 Sed
999 1339 1082 1381 hoc
1107 1339 1267 1381 idcirco
1295 1353 1478 1381 comme-

131 1402 348 1441 moratum
380 1413 405 1439 a
436 1401 479 1440 te
505 1401 624 1453 puto,
656 1402 705 1439 ut
731 1401 773 1439 te
800 1398 948 1440 infimo
977 1398 1117 1440 ordini
1143 1398 1478 1452 commendares,

117 1469 229 1498 ‘cum
279 1471 426 1498 omnes
478 1460 513 1498 te
561 1457 889 1498 recordarentur
938 1456 1132 1498 libertini
1182 1470 1388 1512 generum
1435 1458 1479 1497 et

79 1587 113 1613 25

81 1879 116 1904 30

131 1516 291 1556 liberos
321 1519 420 1556 tuos
445 1518 625 1569 nepotes
653 1515 702 1564 Q.
728 1515 847 1570 Fadi,
879 1515 1073 1557 libertini
1098 1515 1301 1569 hominis,
1331 1514 1479 1556 fuisse.

134 1574 195 1614 At
227 1573 340 1614 enim
371 1575 413 1614 te
445 1573 490 1614 in
521 1574 793 1627 disciplinam
825 1588 964 1614 meam
996 1573 1235 1614 tradideras
1269 1573 1387 1625 (nam
1415 1573 1480 1613 ita

133 1630 312 1686 dixisti),
338 1631 512 1672 domum
538 1646 678 1672 meam
702 1632 953 1673 ventitaras.
990 1630 1057 1672 Ne
1081 1634 1141 1684 tu,
1169 1631 1205 1671 si
1224 1630 1268 1671 id
1287 1630 1477 1684 fecisses,

133 1690 287 1732 melius
313 1689 465 1743 famae,
492 1689 645 1730 melius
670 1690 903 1743 pudicitiae
930 1692 1029 1730 tuae
1053 1688 1354 1730 consuluisses.
1395 1688 1480 1729 Sed

132 1763 270 1803 neque
302 1747 444 1789 fecisti
476 1761 565 1801 nec,
599 1748 635 1788 si
668 1762 855 1801 cuperes,
887 1747 969 1788 tibi
1002 1747 1044 1787 id
1073 1761 1149 1800 per
1175 1745 1220 1788 O.
1248 1745 1480 1787 Curionem

133 1807 275 1849 facere
313 1805 518 1847 licuisset.
580 1804 833 1860 Auguratus
871 1805 1128 1859 petitionem
1165 1804 1272 1845 mihi
1306 1807 1350 1845 te
1383 1819 1516 1849 con-4

137 1865 315 1907 cessisse
348 1864 506 1905 dixisti.
559 1862 594 1904 Ο
627 1863 924 1905 incredibilem
956 1863 1189 1917 audaciam,
1223 1877 1246 1903 o
1276 1862 1480 1916 inpuden—

135 1925 244 1965 tiam
275 1922 620 1977 praedicandam!
674 1921 767 1970 Quo
800 1921 914 1962 enim
945 1924 1139 1975 tempore
1173 1935 1239 1962 me
1273 1934 1481 1975 augurem

136 1997 161 2024 a
193 1985 286 2024 toto
318 1980 500 2035 collegio
528 1980 766 2034 expetitum
792 1978 866 2021 Cn.
893 1979 1123 2033 Pompeius
1151 1982 1194 2020 et
1221 1979 1269 2028 Q.
1295 1978 1481 2020 Horten-

137 2042 226 2083 sius
263 2039 593 2082 nominaverunt
633 2037 728 2093 (nec
766 2038 880 2079 enim
917 2037 1077 2079 licebat
1114 2052 1139 2078 a
1175 2037 1370 2091 pluribus
1408 2051 1481 2078 no—

137 2099 330 2153 minari),
362 2100 410 2138 tu
447 2111 524 2138 nec
562 2096 764 2138 solvendo
804 2110 898 2137 eras
929 2110 1007 2137 nec
1040 2098 1082 2137 te
1114 2096 1203 2137 ullo
1237 2096 1364 2137 modo
1396 2095 1479 2137 nisi

86 2171 120 2196 35
141 2172 287 2199 eversa
324 2171 369 2198 re
407 2155 581 2210 publica
617 2154 708 2196 fore
746 2154 1005 2196 incolumem
1041 2154 1238 2208 putabas.
1300 2153 1481 2195 Poteras

140 2219 285 2258 autem
323 2229 372 2257 eo
411 2217 605 2267 tempore
643 2215 904 2268 auguratum
939 2215 1104 2266 petere,
1143 2227 1239 2254 cum
1276 2212 1321 2253 in
1352 2211 1482 2254 Italia

140 2274 185 2316 C.
218 2274 347 2317 Curio
386 2287 472 2314 non
510 2274 641 2323 esset,
680 2273 754 2312 aut
789 2274 900 2321 tum,
939 2285 1036 2312 cum
1074 2285 1118 2312 es
1155 2270 1314 2324 factus,
1351 2286 1483 2312 unam
