1671 2543
575 91 676 127 CAP.
706 96 797 126 1—4
823 95 841 134 g
867 95 968 126 4—9.
1379 91 1460 132 137

118 201 215 243 nari
246 200 408 243 volunt.
468 199 587 255 Ergo
620 199 666 240 in
696 199 902 241 iudicium
928 201 1056 253 caput
1083 198 1269 254 Corneli,
1299 199 1463 241 factum

120 260 300 314 Pompei
337 261 528 301 vocatur.
582 257 709 300 Hunc
747 258 861 300 enim
899 258 944 299 in
981 272 1030 299 ea
1069 257 1262 312 civitate,
1298 258 1345 299 in
1379 273 1463 312 qua

123 319 181 359 sit
217 321 364 372 natus,
400 317 708 360 honestissimo
746 316 841 358 loco
879 319 1031 358 natum
1066 330 1158 358 esse
1191 317 1388 358 concedis
1420 320 1464 358 et

123 378 176 419 ab
202 377 374 419 ineunte
402 379 542 418 aetate
569 375 733 417 relictis
759 376 887 417 rebus
909 375 996 417 suis
1018 375 1217 417 omnibus
1237 375 1283 416 in
1300 376 1462 417 nostris

86 447 102 473 5
121 436 248 477 bellis
273 435 434 477 nostris
462 450 558 477 cum
584 434 918 488 imperatoribus
939 448 1030 476 esse
1049 436 1279 488 versatum,
1303 434 1464 476 nullius

121 495 301 548 laboris,
341 494 501 535 nullius
541 493 820 548 opsessionis‚
856 493 1016 535 nullius
1053 493 1208 547 proelii
1246 496 1465 547 expertem

121 553 265 595 fuisse.
315 552 434 594 Haec
455 555 556 594 sunt
577 552 721 594 omnia
741 566 838 593 cum
857 552 985 606 plena
1003 552 1154 606 laudis,
1177 554 1271 593 tum
1289 553 1465 606 propria

123 611 307 665 Corneli,
331 626 409 653 nec
434 612 480 653 in
504 611 558 652 iis
585 612 713 652 rebus
741 611 903 652 crimen
929 614 995 652 est
1020 611 1168 652 ullum.
1219 610 1306 652 Ubi
1328 610 1465 665 igitur
1480 617 1498 647 7

124 673 190 712 est
232 670 421 713 crimen?
497 669 620 719 Quod
659 684 756 711 eum
794 670 1026 724 Pompeius
1065 669 1240 711 civitate
1278 669 1464 711 donavit.

71 741 102 766 10
122 729 263 771 Huius
290 728 479 770 crimen?
535 728 724 782 Minime,
750 728 835 769 nisi
860 728 998 770 honos
1018 728 1257 783 ignominia
1275 728 1467 782 putanda

123 791 200 830 est.
262 787 394 830 Cuius
428 787 593 843 igitur?
655 787 718 828 Re
750 802 850 828 vera
881 787 1060 840 nullius,
1099 787 1266 828 actione
1299 801 1467 828 accusa-

0 866 3 897 !
124 847 231 888 toris
265 847 354 888 eius
386 846 524 899 unius⁷
558 846 631 900 qui
664 846 851 887 donavit.
915 845 997 895 Qui
1027 845 1063 886 si
1090 845 1297 887 adductus
1324 846 1467 900 gratia

123 906 265 947 minus
284 905 486 946 idoneum
504 904 725 946 hominem
744 904 934 958 praemio
956 904 1196 959 adfecisset,
1218 904 1321 958 quin
1334 904 1467 945 etiam

125 965 162 1006 si
204 965 345 1005 virum
388 964 567 1018 bonum,
611 964 685 1005 sed
720 978 809 1004 non
845 963 908 1004 ita
946 963 1166 1016 meritum,
1211 963 1247 1004 si
1285 963 1466 1017 denique

72 1032 104 1058 15
125 1022 288 1077 aliquid
318 1037 406 1064 non
438 1025 605 1076 contra,
644 1037 692 1063 ac
725 1022 892 1076 liceret,
931 1021 1095 1063 factum
1127 1022 1358 1075 diceretur,
1394 1021 1467 1063 sed

125 1084 288 1134 contra,
320 1084 449 1135 atque
482 1083 714 1135 oporteret,
747 1083 893 1122 tamen
924 1083 1037 1122 esset
1067 1080 1206 1122 omnis
1233 1080 1324 1121 eius
1350 1080 1467 1121 modi

125 1139 399 1194 reprehensio
433 1154 458 1180 a
488 1139 630 1194 vobis,
661 1139 840 1194 iudices,
871 1139 1145 1193 repudianda.
1207 1138 1334 1181 Nunc
1365 1145 1503 1180 ver08

126 1199 229 1253 quid
255 1198 442 1240 dicitur?
475 1198 577 1252 quid
603 1198 664 1239 ait
690 1198 944 1240 accusator?
1003 1197 1176 1239 Fecisse
1201 1197 1468 1251 Pompeium,

125 1257 240 1311 quod
277 1256 316 1298 ei
350 1256 490 1298 facere
520 1270 608 1298 non
638 1256 827 1311 licuerit‘3
865 1256 978 1310 quod
1011 1256 1184 1312 gravius
1217 1258 1300 1309 est,
1339 1270 1469 1310 quam

72 1326 106 1351 20
125 1316 162 1357 si
187 1316 231 1357 id
256 1315 421 1357 factum
447 1315 500 1357 ab
527 1329 576 1357 eo
604 1315 777 1369 diceret,
804 1315 917 1370 quod
941 1330 1029 1357 non
1055 1314 1330 1369 oportuisset.
1386 1314 1469 1355 Est

125 1374 240 1416 enim
271 1374 450 1428 aliquid,
483 1374 597 1428 quod
627 1389 715 1416 non
747 1376 964 1428 oporteat,
996 1373 1168 1415 etiamsi
1198 1373 1319 1428 licet3
1352 1373 1468 1427 quic-

126 1433 228 1487 quid
259 1447 360 1474 vero
391 1447 480 1474 non
510 1432 629 1486 licet,
661 1435 776 1474 certe
807 1447 896 1474 non
928 1435 1111 1487 oportet.

213 1490 298 1533 Hic
329 1505 409 1546 ego
440 1506 554 1533 nunc
586 1494 762 1533 cuncter
794 1491 855 1532 sic
887 1505 1026 1547 agere,
1057 1491 1232 1544 iudice87
1262 1504 1351 1532 non
1375 1490 1511 1531 esse4

126 1549 191 1591 fas
218 1549 420 1604 dubitari,
446 1550 560 1604 quin,
588 1550 701 1604 quod
728 1549 802 1592 Cn.
825 1549 1081 1604 Pompeium
1106 1549 1259 1591 fecisse
1287 1551 1469 1603 constet,

74 1618 107 1644 25
126 1608 170 1649 id
206 1622 294 1649 non
331 1608 472 1650 solum
504 1608 695 1662 licuisse,
733 1608 806 1650 sed
839 1608 971 1649 etiam
1003 1608 1194 1650 decuisse
1225 1607 1470 1649 fateamur?

129 1666 241 1716 Quid
279 1666 393 1707 enim
430 1666 552 1708 abest
585 1666 686 1708 huic
715 1666 899 1720 homini,
938 1667 1051 1720 quod
1083 1667 1120 1707 si
1152 1666 1339 1720 adesset,
1376 1666 1504 1707 111199

126 1725 233 1766 haec
262 1724 300 1766 ei
326 1724 462 1766 tribui
488 1727 531 1766 et
557 1725 730 1767 concedi
756 1725 1036 1779 putaremus?
1097 1724 1269 1766 Ususne
1295 1724 1470 1765 rerum‘?

129 1783 212 1833 Qui
261 1783 472 1837 pueritiae
516 1785 686 1837 tempus
732 1786 971 1824 extremum
1014 1782 1274 1837 principium
1317 1782 1471 1823 habuit

127 1841 341 1884 bellorum
379 1844 508 1895 atque
541 1841 821 1895 imperiorum
853 1841 1155 1894 maximorum,
1194 1841 1313 1882 cujus
1345 1840 1472 1894 pleri-

75 1911 110 1937 30
129 1915 211 1954 que
247 1900 447 1954 aequales
479 1899 621 1941 minus
655 1914 780 1954 saepe
813 1902 955 1941 castra
986 1899 1202 1953 viderunt,
1241 1913 1370 1952 quam
1399 1898 1472 1940 hic

128 1958 425 2012 triumphavit,
459 1958 531 2012 qui
564 1961 631 1999 tot
661 1958 794 1999 habet
823 1957 1078 2012 triumphos,
1113 1959 1218 2011 quot
1245 1971 1343 1998 orae
1371 1959 1472 1998 sunt

127 2020 358 2082 partesque
393 2019 625 2070 terrarum,
663 2018 731 2057 tot
761 2016 965 2057 victorias
997 2016 1193 2070 bellicas,
1232 2017 1338 2069 quot
1370 2017 1472 2056 sunt

128 2076 175 2117 in
217 2090 360 2117 rerum
402 2078 558 2117 natura
601 2088 759 2130 genera
804 2074 1028 2116 bellorum.
1107 2074 1179 2116 An
1220 2073 1471 2128 ingenium?

130 2133 210 2176 Cui
236 2134 368 2175 etiam
394 2134 478 2188 ipsi
506 2147 629 2175 casus
656 2135 918 2198 eventusque
944 2147 1087 2174 rerum
1111 2147 1199 2173 non
1225 2132 1365 2184 duces,
1398 2132 1473 2173 sed

77 2203 110 2229 35
131 2192 311 2234 comites
350 2192 628 2234 consiliorum
664 2191 858 2245 fuerunt,
894 2191 941 2232 in
976 2206 1060 2245 quo
1091 2205 1177 2232 uno
1209 2190 1273 2231 ita
1304 2205 1474 2232 summa.

129 2250 304 2292 fortuna
326 2265 424 2293 cum
444 2265 611 2292 summa
630 2250 791 2291 virtute
813 2249 1006 2303 certavit⁷
1032 2251 1082 2290 ut
1102 2249 1294 2290 omnium
1314 2248 1471 2290 iudicio

128 2309 227 2363 plus
264 2309 430 2350 homini
466 2323 595 2363 quam
634 2308 735 2350 deae
774 2308 1050 2350 tribueretur.
1123 2308 1195 2349 An
1224 2307 1379 2362 pudor,
1418 2322 1473 2348 an
