1671 2543
581 79 683 115 CAP.
713 83 847 114 13-15
873 84 892 122 s
919 83 1068 114 35—40.
1405 79 1488 120 451

148 189 300 231 urbem
333 188 498 231 maluit.
559 187 732 229 Habeat
764 201 866 243 ergo
897 187 1026 229 huius
1052 187 1164 228 tanti
1189 186 1294 228 facti
1319 189 1491 241 tamque

148 248 360 303 praeclari
410 247 582 289 decreto
629 252 779 288 nostro
831 246 1129 288 testimonium
1172 245 1493 300 sempiternum,

151 305 391 361 Galliaque,
425 320 533 361 quae
565 319 733 360 semper
758 305 973 359 praesidet
999 308 1127 359 atque
1152 304 1368 360 praesedit
1392 304 1491 345 huic

148 365 332 420 imperio
351 364 629 419 libertatique
651 364 877 417 communi,
903 364 1057 405 merito
1077 377 1258 418 vereque
1278 363 1488 416 laudetur,

115 433 131 459 ⁵
151 425 265 479 quod
286 438 330 466 se
346 438 530 478 suasque
543 422 654 465 vires
669 437 756 464 non
770 423 960 476 tradidit,
981 423 1055 464 sed
1069 422 1272 477 opposuit
1286 421 1490 463 Antonio.

236 484 381 537 Atque
420 483 551 524 etiam
586 480 643 523 M.
676 480 837 535 Lepido
870 496 948 536 pro
982 482 1072 523 eius
1105 481 1289 537 egregiis
1323 480 1367 521 in
1398 494 1489 521 rem
1504 458 1560 549 ἐξ

147 542 366 597 publicam
397 541 564 584 meritis
596 540 881 582 decernendos
913 540 1099 582 honores
1126 554 1255 594 quam
1281 539 1489 593 amplissi-

148 615 243 643 mos
276 615 439 642 censeo.
502 598 680 654 Semper
705 599 777 640 ille
803 599 1011 654 populum
1037 598 1281 640 Romanum
1306 598 1491 639 liberum

147 659 286 701 voluit
321 659 639 713 maximumque
679 658 851 714 signum
887 658 962 699 illo
1001 658 1067 699 die
1107 657 1223 699 dedit
1254 656 1490 699 voluntatis

98 727 132 752 1⁰
149 721 194 760 et
217 718 365 761 iudicii
390 718 468 772 sui,
500 732 597 760 cum
622 716 814 759 Antonio
841 717 1035 758 diadema
1061 715 1234 759 Caesari
1259 716 1490 770 inponente

147 792 193 819 se
226 776 383 819 avertit
413 776 663 832 gemituque
690 778 734 817 et
760 776 978 817 maestitia
1004 775 1249 829 declaravit,
1282 777 1490 828 quantum

145 835 325 878 haberet
369 835 512 877 odium
556 835 796 889 servitutis,
837 849 964 889 quam
1001 834 1209 888 populum
1246 832 1489 874 Romanum

145 895 330 937 liberum
368 896 558 949 cuperet,
597 907 725 948 quam
762 893 855 947 illa,
894 907 1001 947 quae
1033 893 1210 947 tulerat,
1246 894 1491 946 temporum

149 954 288 1009 magis
318 953 574 995 necessitate
608 967 736 1006 quam
767 952 925 993 iudicio
952 951 1135 994 tulisset.
1193 950 1364 1000 Quanta
1389 965 1489 992 vero

97 1026 129 1052 ιε,
148 1013 185 1054 is
218 1012 509 1054 moderatione
539 1025 643 1053 usus
671 1011 728 1052 sit
753 1011 798 1052 in
822 1010 897 1052 illo
923 1013 1116 1065 tempore
1143 1010 1345 1063 civitatis,
1378 1009 1490 1063 quod

146 1074 246 1126 post
283 1073 468 1112 mortem
506 1068 701 1112 Caesaris
741 1072 1017 1111 consecutum
1050 1072 1133 1123 est,
1166 1069 1260 1123 quis
1291 1071 1490 1110 nostrum

148 1129 344 1171 oblivisci
388 1128 563 1183 potest?
632 1127 792 1183 Magna
834 1128 957 1182 haec,
1001 1128 1075 1169 sed
1113 1127 1165 1169 ad
1202 1127 1366 1168 maiora
1397 1141 1490 1181 pro·
1586 1172 1592 1177 ⁴

146 1190 270 1243 perat
291 1188 441 1230 oratio.
487 1187 599 1237 Quid
619 1187 743 1241 enim,
771 1201 794 1229 o
817 1186 859 1228 di
879 1186 1164 1228 immortales!
1192 1186 1489 1227 admirabilius
1503 1196 1542 1228 39

151 1247 350 1288 omnibus
382 1246 597 1302 gentibus,
630 1246 731 1300 quid
758 1246 949 1300 optatius
974 1245 1134 1300 populo
1161 1244 1357 1286 Romano
1385 1245 1490 1286 acci-

97 1318 132 1344 20
151 1306 247 1347 dere
278 1305 435 1360 potuit,
468 1319 608 1359 quam,
640 1319 736 1346 cum
768 1304 929 1346 bellum
955 1304 1078 1346 civile
1104 1304 1339 1345 maximum
1366 1306 1491 1357 esset,

147 1364 266 1407 cuius
298 1364 401 1405 belli
436 1364 598 1405 exitum
634 1377 780 1405 omnes
807 1363 1070 1416 timeremus,
1104 1362 1316 1417 sapientia
1343 1365 1386 1403 et
1412 1362 1491 1404 cle-

146 1423 309 1465 mentia
327 1423 370 1463 id
388 1423 534 1477 potius
555 1422 749 1477 extingui
771 1436 899 1476 quam
914 1422 1045 1463 armis
1060 1424 1103 1463 et
1116 1421 1230 1462 ferro
1244 1436 1336 1462 rem
1349 1421 1395 1462 in
1409 1421 1490 1462 dis-

148 1482 309 1523 crimen
334 1481 570 1523 adducere?
615 1479 776 1530 Quodsi
804 1481 951 1522 eadem
976 1480 1089 1522 ratio
1111 1479 1307 1522 Caesaris
1334 1480 1490 1521 fuisset

147 1540 192 1581 in
234 1540 309 1581 illo
350 1542 490 1581 taetro
529 1540 770 1593 miseroque
808 1540 941 1593 bello,
981 1542 1030 1580 ut
1069 1539 1270 1580 omittam
1308 1541 1490 1593 patrem,

95 1611 128 1636 25
149 1599 256 1640 duos
289 1596 363 1640 Cn.
394 1597 592 1652 Pompei,
625 1598 780 1639 summi
818 1601 861 1639 et
893 1597 1125 1653 singularis
1156 1597 1256 1651 viri,
1285 1597 1399 1639 filios
1431 1598 1489 1638 in-

149 1656 330 1699 columis
373 1656 649 1710 haberemus,
693 1657 847 1710 quibus
888 1659 1001 1698 certe
1045 1656 1182 1710 pietas
1219 1655 1361 1696 fraudi
1398 1670 1490 1697 esse

117 1768 123 1774 -
147 1730 234 1757 non
290 1714 447 1756 debuit.
526 1713 706 1755 Utinam
762 1728 907 1756 omnes
963 1714 1020 1754 M.
1076 1713 1263 1767 Lepidus
1321 1728 1489 1755 servare

147 1774 378 1828 potuisset!
405 1772 620 1814 facturum
643 1772 775 1814 fuisse
797 1773 1029 1813 declaravit
1048 1772 1094 1813 in
1114 1786 1176 1826 eo,
1203 1772 1315 1826 quod
1334 1773 1490 1827 potuit,

150 1847 246 1874 cum
259 1831 352 1874 Sex,
366 1831 620 1885 Pompeium
629 1831 822 1872 restituit
834 1831 1011 1884 civitati,
1025 1831 1260 1872 maximum
1273 1845 1491 1872 ornamen-

96 1904 130 1929 ει)
150 1894 243 1931 tum
281 1891 343 1932 rei
379 1890 593 1944 publicae,
632 1889 918 1930 clarissimum
953 1892 1280 1931 monumentum
1312 1890 1491 1931 clemen-

147 1950 234 1991 tiae
273 1963 385 1991 suae.
448 1947 600 1989 Gravis
632 1948 707 1988 illa
738 1948 913 1989 fortuna
943 1948 1092 2002 populi
1124 1948 1328 2002 Romani,
1360 1962 1489 2003 grave

147 2007 298 2049 fatum.
371 2006 575 2060 Pompeio
622 2006 734 2048 enim
783 2010 923 2060 patre,
974 2006 1086 2060 quod
1130 2006 1299 2061 imperii
1340 2007 1490 2061 populi

149 2065 334 2108 Romani
377 2065 522 2106 lumen
564 2064 665 2117 fuit,
710 2065 898 2106 extincto
942 2064 1193 2106 interfectus
1240 2068 1306 2106 est
1350 2066 1489 2119 patris

150 2125 402 2167 simillimus
441 2123 567 2165 filius.
638 2122 721 2165 Sed
759 2124 901 2165 omnia
938 2123 1045 2164 mihi
1082 2124 1280 2165 videntur
1317 2124 1491 2166 deorum
1505 2137 1549 2169 4ο

97 2195 132 2221 35
150 2182 462 2225 immortalium
485 2181 642 2223 iudicio
671 2182 842 2236 expiata
869 2181 962 2224 Sex.
983 2181 1189 2236 Pompeio
1212 2183 1275 2223 rei
1294 2182 1490 2236 publicae

151 2244 413 2284 conservato.
477 2240 614 2289 Quam
647 2241 700 2281 ob
734 2255 905 2282 eausam
936 2240 1096 2281 iustam
1123 2244 1250 2294 atque
1277 2249 1560 2296 magnam,15
1629 2288 1632 2292 .

152 2303 195 2342 et
233 2300 345 2355 quod
378 2298 790 2354 periculosissimum
823 2299 945 2340 civile
978 2299 1138 2340 bellum
1172 2300 1489 2355 maximumque

1203 2370 1274 2401 29*
