<?xml version="1.0" encoding="UTF-8"?>
<!DOCTYPE html PUBLIC "-//W3C//DTD XHTML 1.0 Transitional//EN"
    "http://www.w3.org/TR/xhtml1/DTD/xhtml1-transitional.dtd">
<html xmlns="http://www.w3.org/1999/xhtml" xml:lang="en" lang="en">
 <head>
  <title>
</title>
<meta http-equiv="Content-Type" content="text/html;charset=utf-8" />
  <meta name='ocr-system' content='tesseract 3.04.00' />
  <meta name='ocr-capabilities' content='ocr_page ocr_carea ocr_par ocr_line ocrx_word'/>
</head>
<body>
  <div class='ocr_page' id='page_1' title='image "./p3scriptaquaemanse02ciceuoft_0315.png"; bbox 0 0 1671 2543; ppageno 0'>
   <div class='ocr_carea' id='block_1_1' title="bbox 519 67 1432 115">
    <p class='ocr_par' dir='ltr' id='par_1_1' title="bbox 519 67 1432 115">
     <span class='ocr_line' id='line_1_1' title="bbox 519 67 1432 115; baseline 0.007 -12"><span class='ocrx_word' id='word_1_1' title='bbox 519 67 620 103; x_wconf 85' lang='lat' dir='ltr'><strong>GAP.</strong></span> <span class='ocrx_word' id='word_1_2' title='bbox 649 71 762 102; x_wconf 84' lang='lat'>9-11</span> <span class='ocrx_word' id='word_1_3' title='bbox 791 71 810 110; x_wconf 64' lang='lat' dir='ltr'>g</span> <span class='ocrx_word' id='word_1_4' title='bbox 840 71 987 115; x_wconf 52' lang='lat' dir='ltr'>lsi—24.</span> <span class='ocrx_word' id='word_1_5' title='bbox 1350 67 1432 108; x_wconf 77' lang='lat'>171</span> 
     </span>
    </p>
   </div>
   <div class='ocr_carea' id='block_1_2' title="bbox 36 175 1508 2347">
    <p class='ocr_par' dir='ltr' id='par_1_2' title="bbox 36 175 1508 2347">
     <span class='ocr_line' id='line_1_2' title="bbox 88 175 1433 230; baseline -0.003 -10"><span class='ocrx_word' id='word_1_6' title='bbox 88 193 264 220; x_wconf 87' lang='lat' dir='ltr'>suorum</span> <span class='ocrx_word' id='word_1_7' title='bbox 286 177 548 219; x_wconf 87' lang='lat' dir='ltr'>Graecorum</span> <span class='ocrx_word' id='word_1_8' title='bbox 566 176 733 217; x_wconf 89' lang='lat' dir='ltr'>foetore</span> <span class='ocrx_word' id='word_1_9' title='bbox 754 178 797 217; x_wconf 90' lang='lat' dir='ltr'>et</span> <span class='ocrx_word' id='word_1_10' title='bbox 818 190 966 230; x_wconf 84' lang='lat' dir='ltr'>caeno3</span> <span class='ocrx_word' id='word_1_11' title='bbox 987 175 1101 230; x_wconf 91' lang='lat' dir='ltr'>quod</span> <span class='ocrx_word' id='word_1_12' title='bbox 1120 175 1293 230; x_wconf 88' lang='lat' dir='ltr'>quidem</span> <span class='ocrx_word' id='word_1_13' title='bbox 1306 175 1433 216; x_wconf 89' lang='lat' dir='ltr'>istius</span> 
     </span>
     <span class='ocr_line' id='line_1_3' title="bbox 89 234 1435 291; baseline -0.003 -12"><span class='ocrx_word' id='word_1_14' title='bbox 89 238 134 278; x_wconf 88' lang='lat' dir='ltr'>in</span> <span class='ocrx_word' id='word_1_15' title='bbox 158 237 245 278; x_wconf 90' lang='lat' dir='ltr'>illis</span> <span class='ocrx_word' id='word_1_16' title='bbox 272 237 334 278; x_wconf 88' lang='lat' dir='ltr'>rei</span> <span class='ocrx_word' id='word_1_17' title='bbox 359 236 556 291; x_wconf 87' lang='lat' dir='ltr'>publicae</span> <span class='ocrx_word' id='word_1_18' title='bbox 581 235 770 276; x_wconf 83' lang='lat' dir='ltr'>luctibus</span> <span class='ocrx_word' id='word_1_19' title='bbox 799 235 922 289; x_wconf 99' lang='lat' dir='ltr'>quasi</span> <span class='ocrx_word' id='word_1_20' title='bbox 948 235 1121 289; x_wconf 84' lang='lat' dir='ltr'>aliquod</span> <span class='ocrx_word' id='word_1_21' title='bbox 1148 234 1435 288; x_wconf 69' lang='lat' dir='ltr'>Lapitharum</span> 
     </span>
     <span class='ocr_line' id='line_1_4' title="bbox 89 293 1433 348; baseline -0.002 -11"><span class='ocrx_word' id='word_1_22' title='bbox 89 298 164 337; x_wconf 90' lang='lat' dir='ltr'>aut</span> <span class='ocrx_word' id='word_1_23' title='bbox 197 295 510 338; x_wconf 76' lang='lat' dir='ltr'>Centaurorum</span> <span class='ocrx_word' id='word_1_24' title='bbox 548 293 791 336; x_wconf 88' lang='lat' dir='ltr'>convivium</span> <span class='ocrx_word' id='word_1_25' title='bbox 827 294 1065 348; x_wconf 76' lang='lat' dir='ltr'>ferebatur3</span> <span class='ocrx_word' id='word_1_26' title='bbox 1102 294 1147 335; x_wconf 89' lang='lat' dir='ltr'>in</span> <span class='ocrx_word' id='word_1_27' title='bbox 1187 308 1270 347; x_wconf 88' lang='lat' dir='ltr'>quo</span> <span class='ocrx_word' id='word_1_28' title='bbox 1305 307 1433 334; x_wconf 89' lang='lat' dir='ltr'>nemo</span> 
     </span>
     <span class='ocr_line' id='line_1_5' title="bbox 88 351 1434 409; baseline -0.003 -13"><span class='ocrx_word' id='word_1_29' title='bbox 88 358 235 409; x_wconf 88' lang='lat' dir='ltr'>potest</span> <span class='ocrx_word' id='word_1_30' title='bbox 279 355 416 396; x_wconf 81' lang='lat' dir='ltr'>dicere</span> <span class='ocrx_word' id='word_1_31' title='bbox 459 356 606 394; x_wconf 89' lang='lat' dir='ltr'>utrum</span> <span class='ocrx_word' id='word_1_32' title='bbox 650 353 732 394; x_wconf 86' lang='lat' dir='ltr'>iste</span> <span class='ocrx_word' id='word_1_33' title='bbox 775 353 873 406; x_wconf 91' lang='lat' dir='ltr'>plus</span> <span class='ocrx_word' id='word_1_34' title='bbox 917 352 1077 394; x_wconf 90' lang='lat' dir='ltr'>biberit</span> <span class='ocrx_word' id='word_1_35' title='bbox 1120 366 1176 393; x_wconf 89' lang='lat' dir='ltr'>an</span> <span class='ocrx_word' id='word_1_36' title='bbox 1218 351 1434 393; x_wconf 76' lang='lat' dir='ltr'>vomuerit</span> 
     </span>
     <span class='ocr_line' id='line_1_6' title="bbox 52 411 1492 454; baseline -0.001 0"><span class='ocrx_word' id='word_1_37' title='bbox 52 424 70 450; x_wconf 85' lang='lat'>5</span> <span class='ocrx_word' id='word_1_38' title='bbox 91 428 143 454; x_wconf 90' lang='lat' dir='ltr'>an</span> <span class='ocrx_word' id='word_1_39' title='bbox 177 413 383 454; x_wconf 88' lang='lat' dir='ltr'>effuderit.</span> <span class='ocrx_word' id='word_1_40' title='bbox 433 412 552 453; x_wconf 89' lang='lat' dir='ltr'>Tune</span> <span class='ocrx_word' id='word_1_41' title='bbox 579 411 710 453; x_wconf 89' lang='lat' dir='ltr'>etiam</span> <span class='ocrx_word' id='word_1_42' title='bbox 736 412 999 452; x_wconf 72' lang='lat' dir='ltr'>mentionem</span> <span class='ocrx_word' id='word_1_43' title='bbox 1023 411 1155 453; x_wconf 85' lang='lat' dir='ltr'>facies</span> <span class='ocrx_word' id='word_1_44' title='bbox 1183 411 1433 452; x_wconf 86' lang='lat' dir='ltr'>consulatus</span> <span class='ocrx_word' id='word_1_45' title='bbox 1448 422 1492 453; x_wconf 81' lang='lat'>23</span> 
     </span>
     <span class='ocr_line' id='line_1_7' title="bbox 89 469 1433 518; baseline -0.003 -4"><span class='ocrx_word' id='word_1_46' title='bbox 89 475 164 514; x_wconf 82' lang='lat' dir='ltr'>aut</span> <span class='ocrx_word' id='word_1_47' title='bbox 195 475 238 513; x_wconf 91' lang='lat' dir='ltr'>te</span> <span class='ocrx_word' id='word_1_48' title='bbox 270 471 402 513; x_wconf 79' lang='lat' dir='ltr'>fuisse</span> <span class='ocrx_word' id='word_1_49' title='bbox 428 470 591 512; x_wconf 89' lang='lat' dir='ltr'>Romae</span> <span class='ocrx_word' id='word_1_50' title='bbox 621 471 841 512; x_wconf 90' lang='lat' dir='ltr'>consulem</span> <span class='ocrx_word' id='word_1_51' title='bbox 867 470 1004 511; x_wconf 80' lang='lat' dir='ltr'>dicere</span> <span class='ocrx_word' id='word_1_52' title='bbox 1032 470 1237 511; x_wconf 84' lang='lat' dir='ltr'>audebis‘?</span> <span class='ocrx_word' id='word_1_53' title='bbox 1290 469 1433 518; x_wconf 73' lang='lat' dir='ltr'>Quid?</span> 
     </span>
     <span class='ocr_line' id='line_1_8' title="bbox 89 528 1435 584; baseline -0.002 -12"><span class='ocrx_word' id='word_1_54' title='bbox 89 534 137 572; x_wconf 92' lang='lat' dir='ltr'>tu</span> <span class='ocrx_word' id='word_1_55' title='bbox 162 531 208 572; x_wconf 89' lang='lat' dir='ltr'>in</span> <span class='ocrx_word' id='word_1_56' title='bbox 232 531 458 572; x_wconf 83' lang='lat' dir='ltr'>lictoribus</span> <span class='ocrx_word' id='word_1_57' title='bbox 487 530 550 582; x_wconf 91' lang='lat' dir='ltr'>[in</span> <span class='ocrx_word' id='word_1_58' title='bbox 574 531 696 584; x_wconf 88' lang='lat' dir='ltr'>toga]</span> <span class='ocrx_word' id='word_1_59' title='bbox 729 532 772 570; x_wconf 89' lang='lat' dir='ltr'>et</span> <span class='ocrx_word' id='word_1_60' title='bbox 796 532 1021 584; x_wconf 76' lang='lat' dir='ltr'>praetexta</span> <span class='ocrx_word' id='word_1_61' title='bbox 1047 543 1139 570; x_wconf 88' lang='lat' dir='ltr'>esse</span> <span class='ocrx_word' id='word_1_62' title='bbox 1161 528 1435 570; x_wconf 87' lang='lat' dir='ltr'>consulatum</span> 
     </span>
     <span class='ocr_line' id='line_1_9' title="bbox 87 587 1434 644; baseline -0.003 -13"><span class='ocrx_word' id='word_1_63' title='bbox 87 590 245 644; x_wconf 78' lang='lat' dir='ltr'>putas?</span> <span class='ocrx_word' id='word_1_64' title='bbox 273 604 379 644; x_wconf 88' lang='lat' dir='ltr'>quae</span> <span class='ocrx_word' id='word_1_65' title='bbox 408 592 660 630; x_wconf 87' lang='lat' dir='ltr'>ornamenta</span> <span class='ocrx_word' id='word_1_66' title='bbox 686 588 817 630; x_wconf 87' lang='lat' dir='ltr'>etiam</span> <span class='ocrx_word' id='word_1_67' title='bbox 842 589 887 629; x_wconf 91' lang='lat' dir='ltr'>in</span> <span class='ocrx_word' id='word_1_68' title='bbox 910 587 1002 629; x_wconf 78' lang='lat' dir='ltr'>Sex.</span> <span class='ocrx_word' id='word_1_69' title='bbox 1024 587 1173 630; x_wconf 88' lang='lat' dir='ltr'>Clodio</span> <span class='ocrx_word' id='word_1_70' title='bbox 1195 590 1237 628; x_wconf 92' lang='lat' dir='ltr'>te</span> <span class='ocrx_word' id='word_1_71' title='bbox 1259 587 1434 628; x_wconf 84' lang='lat' dir='ltr'>consule.</span> 
     </span>
     <span class='ocr_line' id='line_1_10' title="bbox 89 646 1434 702; baseline -0.004 -12"><span class='ocrx_word' id='word_1_72' title='bbox 89 663 181 690; x_wconf 86' lang='lat' dir='ltr'>esse</span> <span class='ocrx_word' id='word_1_73' title='bbox 237 648 432 702; x_wconf 84' lang='lat' dir='ltr'>voluisti,</span> <span class='ocrx_word' id='word_1_74' title='bbox 485 648 553 689; x_wconf 90' lang='lat' dir='ltr'>his</span> <span class='ocrx_word' id='word_1_75' title='bbox 616 651 682 701; x_wconf 92' lang='lat' dir='ltr'>tu,</span> <span class='ocrx_word' id='word_1_76' title='bbox 738 647 943 689; x_wconf 85' lang='lat' dir='ltr'>Clodiane</span> <span class='ocrx_word' id='word_1_77' title='bbox 1000 647 1136 701; x_wconf 86' lang='lat' dir='ltr'>canis,</span> <span class='ocrx_word' id='word_1_78' title='bbox 1188 646 1434 701; x_wconf 83' lang='lat' dir='ltr'>insignibus</span> 
     </span>
     <span class='ocr_line' id='line_1_11' title="bbox 37 705 1434 761; baseline -0.003 -12"><span class='ocrx_word' id='word_1_79' title='bbox 37 725 70 750; x_wconf 92' lang='lat'>10</span> <span class='ocrx_word' id='word_1_80' title='bbox 91 707 363 749; x_wconf 84' lang='lat' dir='ltr'>consulatum</span> <span class='ocrx_word' id='word_1_81' title='bbox 405 706 612 748; x_wconf 88' lang='lat' dir='ltr'>declarari</span> <span class='ocrx_word' id='word_1_82' title='bbox 656 707 813 761; x_wconf 75' lang='lat' dir='ltr'>putas?</span> <span class='ocrx_word' id='word_1_83' title='bbox 884 706 1042 748; x_wconf 87' lang='lat' dir='ltr'>Animo</span> <span class='ocrx_word' id='word_1_84' title='bbox 1083 705 1302 746; x_wconf 88' lang='lat' dir='ltr'>consulem</span> <span class='ocrx_word' id='word_1_85' title='bbox 1341 718 1434 745; x_wconf 88' lang='lat' dir='ltr'>esse</span> 
     </span>
     <span class='ocr_line' id='line_1_12' title="bbox 89 764 1434 821; baseline -0.003 -13"><span class='ocrx_word' id='word_1_86' title='bbox 89 769 280 821; x_wconf 88' lang='lat' dir='ltr'>oportet,</span> <span class='ocrx_word' id='word_1_87' title='bbox 313 766 506 820; x_wconf 88' lang='lat' dir='ltr'>consilio,</span> <span class='ocrx_word' id='word_1_88' title='bbox 536 765 632 819; x_wconf 86' lang='lat' dir='ltr'>fide,</span> <span class='ocrx_word' id='word_1_89' title='bbox 664 765 891 820; x_wconf 85' lang='lat' dir='ltr'>gravitate,</span> <span class='ocrx_word' id='word_1_90' title='bbox 922 764 1161 819; x_wconf 86' lang='lat' dir='ltr'>vigilantia,</span> <span class='ocrx_word' id='word_1_91' title='bbox 1194 778 1307 817; x_wconf 84' lang='lat' dir='ltr'>cura,</span> <span class='ocrx_word' id='word_1_92' title='bbox 1339 765 1434 804; x_wconf 89' lang='lat' dir='ltr'>toto</span> 
     </span>
     <span class='ocr_line' id='line_1_13' title="bbox 89 821 1436 879; baseline -0.003 -13"><span class='ocrx_word' id='word_1_93' title='bbox 89 825 271 879; x_wconf 88' lang='lat' dir='ltr'>denique</span> <span class='ocrx_word' id='word_1_94' title='bbox 303 839 477 866; x_wconf 90' lang='lat' dir='ltr'>munere</span> <span class='ocrx_word' id='word_1_95' title='bbox 511 824 759 865; x_wconf 85' lang='lat' dir='ltr'>consulatus</span> <span class='ocrx_word' id='word_1_96' title='bbox 793 825 909 865; x_wconf 87' lang='lat' dir='ltr'>omni</span> <span class='ocrx_word' id='word_1_97' title='bbox 942 824 1085 865; x_wconf 83' lang='lat' dir='ltr'>officio</span> <span class='ocrx_word' id='word_1_98' title='bbox 1118 823 1276 864; x_wconf 88' lang='lat' dir='ltr'>tuendo</span> <span class='ocrx_word' id='word_1_99' title='bbox 1304 821 1436 862; x_wconf 87' lang='lat' dir='ltr'>maxi-</span> 
     </span>
     <span class='ocr_line' id='line_1_14' title="bbox 88 880 1437 938; baseline -0.004 -13"><span class='ocrx_word' id='word_1_100' title='bbox 88 898 253 938; x_wconf 81' lang='lat' dir='ltr'>meque,</span> <span class='ocrx_word' id='word_1_101' title='bbox 283 884 327 925; x_wconf 90' lang='lat' dir='ltr'>id</span> <span class='ocrx_word' id='word_1_102' title='bbox 354 883 467 938; x_wconf 89' lang='lat' dir='ltr'>quod</span> <span class='ocrx_word' id='word_1_103' title='bbox 491 883 556 924; x_wconf 85' lang='lat' dir='ltr'>vis</span> <span class='ocrx_word' id='word_1_104' title='bbox 581 883 768 924; x_wconf 87' lang='lat' dir='ltr'>nominis</span> <span class='ocrx_word' id='word_1_105' title='bbox 794 883 888 937; x_wconf 91' lang='lat' dir='ltr'>ipsa</span> <span class='ocrx_word' id='word_1_106' title='bbox 913 882 1182 937; x_wconf 85' lang='lat' dir='ltr'>praescribit,</span> <span class='ocrx_word' id='word_1_107' title='bbox 1212 881 1273 922; x_wconf 91' lang='lat' dir='ltr'>rei</span> <span class='ocrx_word' id='word_1_108' title='bbox 1298 880 1437 935; x_wconf 88' lang='lat' dir='ltr'>publi-</span> 
     </span>
     <span class='ocr_line' id='line_1_15' title="bbox 90 938 1437 996; baseline -0.004 -12"><span class='ocrx_word' id='word_1_109' title='bbox 90 957 162 984; x_wconf 92' lang='lat' dir='ltr'>cae</span> <span class='ocrx_word' id='word_1_110' title='bbox 201 942 474 984; x_wconf 87' lang='lat' dir='ltr'>consulendo.</span> <span class='ocrx_word' id='word_1_111' title='bbox 543 942 612 983; x_wconf 88' lang='lat' dir='ltr'>An</span> <span class='ocrx_word' id='word_1_112' title='bbox 650 956 729 996; x_wconf 89' lang='lat' dir='ltr'>ego</span> <span class='ocrx_word' id='word_1_113' title='bbox 770 942 988 983; x_wconf 87' lang='lat' dir='ltr'>consulem</span> <span class='ocrx_word' id='word_1_114' title='bbox 1026 956 1118 982; x_wconf 87' lang='lat' dir='ltr'>esse</span> <span class='ocrx_word' id='word_1_115' title='bbox 1156 944 1323 995; x_wconf 87' lang='lat' dir='ltr'>putem,</span> <span class='ocrx_word' id='word_1_116' title='bbox 1362 938 1437 993; x_wconf 89' lang='lat' dir='ltr'>qui</span> 
     </span>
     <span class='ocr_line' id='line_1_16' title="bbox 38 999 1435 1055; baseline -0.004 -12"><span class='ocrx_word' id='word_1_117' title='bbox 38 1018 70 1044; x_wconf 89' lang='lat'>15</span> <span class='ocrx_word' id='word_1_118' title='bbox 91 1004 289 1043; x_wconf 87' lang='lat' dir='ltr'>senatum</span> <span class='ocrx_word' id='word_1_119' title='bbox 330 1016 422 1042; x_wconf 91' lang='lat' dir='ltr'>esse</span> <span class='ocrx_word' id='word_1_120' title='bbox 460 1001 507 1042; x_wconf 92' lang='lat' dir='ltr'>in</span> <span class='ocrx_word' id='word_1_121' title='bbox 542 1015 587 1042; x_wconf 88' lang='lat' dir='ltr'>re</span> <span class='ocrx_word' id='word_1_122' title='bbox 624 1001 799 1055; x_wconf 88' lang='lat' dir='ltr'>publica</span> <span class='ocrx_word' id='word_1_123' title='bbox 834 1015 922 1042; x_wconf 90' lang='lat' dir='ltr'>non</span> <span class='ocrx_word' id='word_1_124' title='bbox 959 1000 1148 1054; x_wconf 80' lang='lat' dir='ltr'>putavit,</span> <span class='ocrx_word' id='word_1_125' title='bbox 1186 1002 1230 1040; x_wconf 91' lang='lat' dir='ltr'>et</span> <span class='ocrx_word' id='word_1_126' title='bbox 1261 999 1351 1040; x_wconf 88' lang='lat' dir='ltr'>sine</span> <span class='ocrx_word' id='word_1_127' title='bbox 1385 1012 1435 1039; x_wconf 92' lang='lat' dir='ltr'>eo</span> 
     </span>
     <span class='ocr_line' id='line_1_17' title="bbox 90 1058 1436 1113; baseline -0.004 -11"><span class='ocrx_word' id='word_1_128' title='bbox 90 1061 271 1102; x_wconf 88' lang='lat' dir='ltr'>consilio</span> <span class='ocrx_word' id='word_1_129' title='bbox 304 1059 525 1102; x_wconf 86' lang='lat' dir='ltr'>consulem</span> <span class='ocrx_word' id='word_1_130' title='bbox 549 1074 783 1113; x_wconf 82' lang='lat' dir='ltr'>numerem,</span> <span class='ocrx_word' id='word_1_131' title='bbox 816 1059 905 1100; x_wconf 90' lang='lat' dir='ltr'>sine</span> <span class='ocrx_word' id='word_1_132' title='bbox 934 1073 1017 1113; x_wconf 89' lang='lat' dir='ltr'>quo</span> <span class='ocrx_word' id='word_1_133' title='bbox 1044 1058 1207 1099; x_wconf 87' lang='lat' dir='ltr'>Romae</span> <span class='ocrx_word' id='word_1_134' title='bbox 1231 1072 1285 1098; x_wconf 91' lang='lat' dir='ltr'>ne</span> <span class='ocrx_word' id='word_1_135' title='bbox 1311 1069 1436 1111; x_wconf 86' lang='lat' dir='ltr'>reges</span> 
     </span>
     <span class='ocr_line' id='line_1_18' title="bbox 90 1114 1437 1173; baseline -0.003 -13"><span class='ocrx_word' id='word_1_136' title='bbox 90 1119 262 1173; x_wconf 87' lang='lat' dir='ltr'>quidem</span> <span class='ocrx_word' id='word_1_137' title='bbox 289 1134 381 1160; x_wconf 88' lang='lat' dir='ltr'>esse</span> <span class='ocrx_word' id='word_1_138' title='bbox 406 1119 671 1173; x_wconf 79' lang='lat' dir='ltr'>potuerunt?</span> <span class='ocrx_word' id='word_1_139' title='bbox 720 1118 896 1159; x_wconf 87' lang='lat' dir='ltr'>Etenim</span> <span class='ocrx_word' id='word_1_140' title='bbox 915 1118 991 1158; x_wconf 89' lang='lat' dir='ltr'>illa</span> <span class='ocrx_word' id='word_1_141' title='bbox 1010 1118 1097 1158; x_wconf 90' lang='lat' dir='ltr'>iam</span> <span class='ocrx_word' id='word_1_142' title='bbox 1118 1117 1287 1158; x_wconf 90' lang='lat' dir='ltr'>omitto.</span> <span class='ocrx_word' id='word_1_143' title='bbox 1327 1114 1437 1157; x_wconf 90' lang='lat' dir='ltr'>Cum</span> 
     </span>
     <span class='ocr_line' id='line_1_19' title="bbox 90 1175 1438 1230; baseline -0.004 -11"><span class='ocrx_word' id='word_1_144' title='bbox 90 1192 311 1219; x_wconf 88' lang='lat' dir='ltr'>servorum</span> <span class='ocrx_word' id='word_1_145' title='bbox 337 1178 518 1219; x_wconf 90' lang='lat' dir='ltr'>dilectus</span> <span class='ocrx_word' id='word_1_146' title='bbox 544 1177 778 1218; x_wconf 87' lang='lat' dir='ltr'>haberetur</span> <span class='ocrx_word' id='word_1_147' title='bbox 803 1177 848 1218; x_wconf 92' lang='lat' dir='ltr'>in</span> <span class='ocrx_word' id='word_1_148' title='bbox 872 1177 979 1230; x_wconf 84' lang='lat' dir='ltr'>foro,</span> <span class='ocrx_word' id='word_1_149' title='bbox 1006 1191 1126 1216; x_wconf 90' lang='lat' dir='ltr'>arma</span> <span class='ocrx_word' id='word_1_150' title='bbox 1150 1176 1196 1216; x_wconf 81' lang='lat' dir='ltr'>in</span> <span class='ocrx_word' id='word_1_151' title='bbox 1224 1175 1438 1228; x_wconf 90' lang='lat' dir='ltr'>templum</span> 
     </span>
     <span class='ocr_line' id='line_1_20' title="bbox 91 1234 1437 1290; baseline -0.004 -12"><span class='ocrx_word' id='word_1_152' title='bbox 91 1236 284 1278; x_wconf 88' lang='lat' dir='ltr'>Castoris</span> <span class='ocrx_word' id='word_1_153' title='bbox 328 1236 422 1278; x_wconf 90' lang='lat' dir='ltr'>luce</span> <span class='ocrx_word' id='word_1_154' title='bbox 470 1237 547 1288; x_wconf 90' lang='lat' dir='ltr'>[et]</span> <span class='ocrx_word' id='word_1_155' title='bbox 586 1236 731 1290; x_wconf 88' lang='lat' dir='ltr'>palam</span> <span class='ocrx_word' id='word_1_156' title='bbox 771 1238 1164 1290; x_wconf 83' lang='lat' dir='ltr'>comportarentur,</span> <span class='ocrx_word' id='word_1_157' title='bbox 1207 1234 1252 1275; x_wconf 90' lang='lat' dir='ltr'>id</span> <span class='ocrx_word' id='word_1_158' title='bbox 1290 1236 1437 1274; x_wconf 88' lang='lat' dir='ltr'>autem</span> 
     </span>
     <span class='ocr_line' id='line_1_21' title="bbox 38 1293 1437 1350; baseline -0.004 -13"><span class='ocrx_word' id='word_1_159' title='bbox 38 1313 71 1338; x_wconf 76' lang='lat'>20</span> <span class='ocrx_word' id='word_1_160' title='bbox 90 1296 301 1350; x_wconf 89' lang='lat' dir='ltr'>templum</span> <span class='ocrx_word' id='word_1_161' title='bbox 334 1295 504 1336; x_wconf 84' lang='lat' dir='ltr'>sublato</span> <span class='ocrx_word' id='word_1_162' title='bbox 538 1295 657 1335; x_wconf 91' lang='lat' dir='ltr'>aditu</span> <span class='ocrx_word' id='word_1_163' title='bbox 689 1295 870 1335; x_wconf 85' lang='lat' dir='ltr'>revulsis</span> <span class='ocrx_word' id='word_1_164' title='bbox 904 1293 1108 1349; x_wconf 80' lang='lat' dir='ltr'>gradibus</span> <span class='ocrx_word' id='word_1_165' title='bbox 1143 1308 1167 1334; x_wconf 90' lang='lat' dir='ltr'>a</span> <span class='ocrx_word' id='word_1_166' title='bbox 1196 1293 1437 1334; x_wconf 84' lang='lat' dir='ltr'>coniurato-</span> 
     </span>
     <span class='ocr_line' id='line_1_22' title="bbox 89 1352 1438 1408; baseline -0.003 -13"><span class='ocrx_word' id='word_1_167' title='bbox 89 1369 186 1395; x_wconf 90' lang='lat' dir='ltr'>rum</span> <span class='ocrx_word' id='word_1_168' title='bbox 223 1354 418 1408; x_wconf 89' lang='lat' dir='ltr'>reliquiis</span> <span class='ocrx_word' id='word_1_169' title='bbox 457 1356 584 1408; x_wconf 88' lang='lat' dir='ltr'>atque</span> <span class='ocrx_word' id='word_1_170' title='bbox 624 1368 648 1394; x_wconf 90' lang='lat' dir='ltr'>a</span> <span class='ocrx_word' id='word_1_171' title='bbox 680 1352 893 1395; x_wconf 83' lang='lat' dir='ltr'>Catilinae</span> <span class='ocrx_word' id='word_1_172' title='bbox 925 1352 1270 1407; x_wconf 87' lang='lat' dir='ltr'>praevaricatore</span> <span class='ocrx_word' id='word_1_173' title='bbox 1304 1365 1438 1406; x_wconf 87' lang='lat' dir='ltr'>quon-</span> 
     </span>
     <span class='ocr_line' id='line_1_23' title="bbox 91 1409 1439 1467; baseline -0.002 -14"><span class='ocrx_word' id='word_1_174' title='bbox 91 1413 200 1467; x_wconf 87' lang='lat' dir='ltr'>dam,</span> <span class='ocrx_word' id='word_1_175' title='bbox 226 1415 319 1453; x_wconf 86' lang='lat' dir='ltr'>tuni</span> <span class='ocrx_word' id='word_1_176' title='bbox 345 1413 486 1454; x_wconf 89' lang='lat' dir='ltr'>ultore</span> <span class='ocrx_word' id='word_1_177' title='bbox 513 1412 644 1453; x_wconf 89' lang='lat' dir='ltr'>armis</span> <span class='ocrx_word' id='word_1_178' title='bbox 671 1415 902 1466; x_wconf 90' lang='lat' dir='ltr'>teneretur,</span> <span class='ocrx_word' id='word_1_179' title='bbox 935 1426 1031 1453; x_wconf 90' lang='lat' dir='ltr'>cum</span> <span class='ocrx_word' id='word_1_180' title='bbox 1055 1411 1222 1466; x_wconf 88' lang='lat' dir='ltr'>equites</span> <span class='ocrx_word' id='word_1_181' title='bbox 1249 1409 1439 1451; x_wconf 76' lang='lat' dir='ltr'>Romani</span> 
     </span>
     <span class='ocr_line' id='line_1_24' title="bbox 91 1469 1438 1526; baseline -0.002 -14"><span class='ocrx_word' id='word_1_182' title='bbox 91 1471 403 1526; x_wconf 82' lang='lat' dir='ltr'>relegarentur,</span> <span class='ocrx_word' id='word_1_183' title='bbox 445 1471 528 1512; x_wconf 88' lang='lat' dir='ltr'>viri</span> <span class='ocrx_word' id='word_1_184' title='bbox 570 1471 674 1512; x_wconf 88' lang='lat' dir='ltr'>boni</span> <span class='ocrx_word' id='word_1_185' title='bbox 714 1471 930 1525; x_wconf 89' lang='lat' dir='ltr'>lapidibus</span> <span class='ocrx_word' id='word_1_186' title='bbox 969 1485 990 1511; x_wconf 91' lang='lat' dir='ltr'>e</span> <span class='ocrx_word' id='word_1_187' title='bbox 1028 1470 1123 1511; x_wconf 83' lang='lat' dir='ltr'>foro</span> <span class='ocrx_word' id='word_1_188' title='bbox 1161 1469 1438 1524; x_wconf 87' lang='lat' dir='ltr'>pellerentur,</span> 
     </span>
     <span class='ocr_line' id='line_1_25' title="bbox 93 1527 1438 1583; baseline -0.002 -13"><span class='ocrx_word' id='word_1_189' title='bbox 93 1530 262 1571; x_wconf 89' lang='lat' dir='ltr'>senatui</span> <span class='ocrx_word' id='word_1_190' title='bbox 286 1544 373 1571; x_wconf 90' lang='lat' dir='ltr'>non</span> <span class='ocrx_word' id='word_1_191' title='bbox 398 1530 539 1571; x_wconf 89' lang='lat' dir='ltr'>solum</span> <span class='ocrx_word' id='word_1_192' title='bbox 564 1530 710 1570; x_wconf 86' lang='lat' dir='ltr'>iuvare</span> <span class='ocrx_word' id='word_1_193' title='bbox 736 1544 827 1570; x_wconf 92' lang='lat' dir='ltr'>rem</span> <span class='ocrx_word' id='word_1_194' title='bbox 850 1529 1082 1583; x_wconf 87' lang='lat' dir='ltr'>publicam,</span> <span class='ocrx_word' id='word_1_195' title='bbox 1112 1529 1185 1569; x_wconf 91' lang='lat' dir='ltr'>sed</span> <span class='ocrx_word' id='word_1_196' title='bbox 1209 1542 1262 1569; x_wconf 89' lang='lat' dir='ltr'>ne</span> <span class='ocrx_word' id='word_1_197' title='bbox 1288 1527 1438 1582; x_wconf 88' lang='lat' dir='ltr'>lugere</span> 
     </span>
     <span class='ocr_line' id='line_1_26' title="bbox 37 1586 1438 1642; baseline -0.003 -12"><span class='ocrx_word' id='word_1_198' title='bbox 37 1606 72 1632; x_wconf 80' lang='lat'>25</span> <span class='ocrx_word' id='word_1_199' title='bbox 93 1588 266 1642; x_wconf 89' lang='lat' dir='ltr'>quidem</span> <span class='ocrx_word' id='word_1_200' title='bbox 290 1588 451 1642; x_wconf 86' lang='lat' dir='ltr'>liceret,</span> <span class='ocrx_word' id='word_1_201' title='bbox 478 1603 574 1629; x_wconf 89' lang='lat' dir='ltr'>cum</span> <span class='ocrx_word' id='word_1_202' title='bbox 601 1588 706 1629; x_wconf 88' lang='lat' dir='ltr'>civis</span> <span class='ocrx_word' id='word_1_203' title='bbox 729 1588 779 1642; x_wconf 90' lang='lat' dir='ltr'>is,</span> <span class='ocrx_word' id='word_1_204' title='bbox 806 1603 932 1642; x_wconf 88' lang='lat' dir='ltr'>quem</span> <span class='ocrx_word' id='word_1_205' title='bbox 956 1588 1028 1628; x_wconf 89' lang='lat' dir='ltr'>hic</span> <span class='ocrx_word' id='word_1_206' title='bbox 1049 1588 1152 1628; x_wconf 94' lang='lat' dir='ltr'>ordo</span> <span class='ocrx_word' id='word_1_207' title='bbox 1174 1586 1438 1627; x_wconf 84' lang='lat' dir='ltr'>assentiente</span> 
     </span>
     <span class='ocr_line' id='line_1_27' title="bbox 91 1644 1438 1701; baseline -0.001 -14"><span class='ocrx_word' id='word_1_208' title='bbox 91 1646 223 1688; x_wconf 87' lang='lat' dir='ltr'>Italia</span> <span class='ocrx_word' id='word_1_209' title='bbox 254 1647 505 1700; x_wconf 85' lang='lat' dir='ltr'>cunctisque</span> <span class='ocrx_word' id='word_1_210' title='bbox 537 1647 739 1701; x_wconf 88' lang='lat' dir='ltr'>gentibus</span> <span class='ocrx_word' id='word_1_211' title='bbox 767 1649 1115 1688; x_wconf 82' lang='lat' dir='ltr'>conservatorem</span> <span class='ocrx_word' id='word_1_212' title='bbox 1140 1645 1306 1699; x_wconf 88' lang='lat' dir='ltr'>patriae</span> <span class='ocrx_word' id='word_1_213' title='bbox 1332 1644 1438 1685; x_wconf 87' lang='lat' dir='ltr'>iudi-</span> 
     </span>
     <span class='ocr_line' id='line_1_28' title="bbox 93 1704 1440 1760; baseline -0.002 -14"><span class='ocrx_word' id='word_1_214' title='bbox 93 1708 224 1758; x_wconf 89' lang='lat' dir='ltr'>carat,</span> <span class='ocrx_word' id='word_1_215' title='bbox 249 1705 368 1746; x_wconf 86' lang='lat' dir='ltr'>nullo</span> <span class='ocrx_word' id='word_1_216' title='bbox 395 1705 565 1758; x_wconf 88' lang='lat' dir='ltr'>iudicio,</span> <span class='ocrx_word' id='word_1_217' title='bbox 589 1705 709 1746; x_wconf 90' lang='lat' dir='ltr'>nulla</span> <span class='ocrx_word' id='word_1_218' title='bbox 734 1705 841 1760; x_wconf 88' lang='lat' dir='ltr'>lege,</span> <span class='ocrx_word' id='word_1_219' title='bbox 867 1704 986 1745; x_wconf 90' lang='lat' dir='ltr'>nullo</span> <span class='ocrx_word' id='word_1_220' title='bbox 1013 1718 1133 1745; x_wconf 88' lang='lat' dir='ltr'>more</span> <span class='ocrx_word' id='word_1_221' title='bbox 1165 1704 1342 1745; x_wconf 89' lang='lat' dir='ltr'>servitio</span> <span class='ocrx_word' id='word_1_222' title='bbox 1377 1706 1440 1744; x_wconf 83' lang='lat' dir='ltr'>at-</span> 
     </span>
     <span class='ocr_line' id='line_1_29' title="bbox 94 1762 1437 1818; baseline -0.004 -12"><span class='ocrx_word' id='word_1_223' title='bbox 94 1779 175 1818; x_wconf 90' lang='lat' dir='ltr'>que</span> <span class='ocrx_word' id='word_1_224' title='bbox 197 1764 327 1804; x_wconf 85' lang='lat' dir='ltr'>armis</span> <span class='ocrx_word' id='word_1_225' title='bbox 347 1763 581 1817; x_wconf 86' lang='lat' dir='ltr'>pelleretur</span> <span class='ocrx_word' id='word_1_226' title='bbox 599 1778 688 1804; x_wconf 91' lang='lat' dir='ltr'>non</span> <span class='ocrx_word' id='word_1_227' title='bbox 702 1764 842 1805; x_wconf 85' lang='lat' dir='ltr'>dicam</span> <span class='ocrx_word' id='word_1_228' title='bbox 857 1763 1016 1804; x_wconf 81' lang='lat' dir='ltr'>auxilio</span> <span class='ocrx_word' id='word_1_229' title='bbox 1031 1765 1189 1816; x_wconf 89' lang='lat' dir='ltr'>vestro,</span> <span class='ocrx_word' id='word_1_230' title='bbox 1211 1762 1325 1815; x_wconf 88' lang='lat' dir='ltr'>quod</span> <span class='ocrx_word' id='word_1_231' title='bbox 1339 1775 1437 1801; x_wconf 86' lang='lat' dir='ltr'>vere</span> 
     </span>
     <span class='ocr_line' id='line_1_30' title="bbox 93 1820 1438 1875; baseline -0.002 -12"><span class='ocrx_word' id='word_1_232' title='bbox 93 1823 195 1864; x_wconf 88' lang='lat' dir='ltr'>licet</span> <span class='ocrx_word' id='word_1_233' title='bbox 220 1823 371 1875; x_wconf 85' lang='lat' dir='ltr'>dicere,</span> <span class='ocrx_word' id='word_1_234' title='bbox 404 1822 477 1862; x_wconf 91' lang='lat' dir='ltr'>sed</span> <span class='ocrx_word' id='word_1_235' title='bbox 504 1824 617 1862; x_wconf 89' lang='lat' dir='ltr'>certe</span> <span class='ocrx_word' id='word_1_236' title='bbox 646 1822 835 1863; x_wconf 89' lang='lat' dir='ltr'>silentio:</span> <span class='ocrx_word' id='word_1_237' title='bbox 868 1825 963 1862; x_wconf 88' lang='lat' dir='ltr'>tum</span> <span class='ocrx_word' id='word_1_238' title='bbox 989 1821 1153 1862; x_wconf 84' lang='lat' dir='ltr'>Romae</span> <span class='ocrx_word' id='word_1_239' title='bbox 1178 1820 1313 1861; x_wconf 88' lang='lat' dir='ltr'>fuisse</span> <span class='ocrx_word' id='word_1_240' title='bbox 1341 1834 1438 1860; x_wconf 90' lang='lat' dir='ltr'>con-</span> 
     </span>
     <span class='ocr_line' id='line_1_31' title="bbox 36 1878 1500 1935; baseline -0.003 -12"><span class='ocrx_word' id='word_1_241' title='bbox 36 1899 74 1925; x_wconf 75' lang='grc'>30</span> <span class='ocrx_word' id='word_1_242' title='bbox 96 1881 208 1922; x_wconf 87' lang='lat' dir='ltr'>sules</span> <span class='ocrx_word' id='word_1_243' title='bbox 237 1881 464 1935; x_wconf 87' lang='lat' dir='ltr'>quisquam</span> <span class='ocrx_word' id='word_1_244' title='bbox 484 1880 779 1921; x_wconf 77' lang='lat' dir='ltr'>existimabit?</span> <span class='ocrx_word' id='word_1_245' title='bbox 819 1880 902 1929; x_wconf 81' lang='lat' dir='ltr'>Qui</span> <span class='ocrx_word' id='word_1_246' title='bbox 921 1880 1112 1920; x_wconf 88' lang='lat' dir='ltr'>latrones</span> <span class='ocrx_word' id='word_1_247' title='bbox 1133 1879 1280 1933; x_wconf 88' lang='lat' dir='ltr'>igitur,</span> <span class='ocrx_word' id='word_1_248' title='bbox 1309 1878 1439 1931; x_wconf 86' lang='lat' dir='ltr'>siqui·</span> <span class='ocrx_word' id='word_1_249' title='bbox 1452 1893 1500 1923; x_wconf 82' lang='lat'>24</span> 
     </span>
     <span class='ocr_line' id='line_1_32' title="bbox 94 1937 1439 1993; baseline -0.003 -12"><span class='ocrx_word' id='word_1_250' title='bbox 94 1941 190 1981; x_wconf 89' lang='lat' dir='ltr'>dem</span> <span class='ocrx_word' id='word_1_251' title='bbox 215 1954 292 1981; x_wconf 88' lang='lat' dir='ltr'>vos</span> <span class='ocrx_word' id='word_1_252' title='bbox 319 1939 528 1992; x_wconf 90' lang='lat' dir='ltr'>consules,</span> <span class='ocrx_word' id='word_1_253' title='bbox 555 1939 628 1993; x_wconf 88' lang='lat' dir='ltr'>qui</span> <span class='ocrx_word' id='word_1_254' title='bbox 648 1939 897 1992; x_wconf 88' lang='lat' dir='ltr'>praedones,</span> <span class='ocrx_word' id='word_1_255' title='bbox 925 1938 998 1992; x_wconf 88' lang='lat' dir='ltr'>qui</span> <span class='ocrx_word' id='word_1_256' title='bbox 1024 1938 1185 1991; x_wconf 87' lang='lat' dir='ltr'>hostes,</span> <span class='ocrx_word' id='word_1_257' title='bbox 1206 1937 1279 1991; x_wconf 89' lang='lat' dir='ltr'>qui</span> <span class='ocrx_word' id='word_1_258' title='bbox 1298 1937 1439 1992; x_wconf 85' lang='lat' dir='ltr'>prodi·</span> 
     </span>
     <span class='ocr_line' id='line_1_33' title="bbox 93 1996 1508 2053; baseline 0 -14"><span class='ocrx_word' id='word_1_259' title='bbox 93 2001 223 2053; x_wconf 88' lang='lat' dir='ltr'>tores,</span> <span class='ocrx_word' id='word_1_260' title='bbox 249 1998 323 2052; x_wconf 88' lang='lat' dir='ltr'>qui</span> <span class='ocrx_word' id='word_1_261' title='bbox 349 1998 524 2052; x_wconf 88' lang='lat' dir='ltr'>tyranni</span> <span class='ocrx_word' id='word_1_262' title='bbox 548 1997 914 2038; x_wconf 76' lang='lat' dir='ltr'>nominabuntur?</span> <span class='ocrx_word' id='word_1_263' title='bbox 946 1996 1155 2051; x_wconf 88' lang='lat' dir='ltr'>Magnum</span> <span class='ocrx_word' id='word_1_264' title='bbox 1175 2010 1333 2037; x_wconf 89' lang='lat' dir='ltr'>nomen</span> <span class='ocrx_word' id='word_1_265' title='bbox 1360 1998 1438 2049; x_wconf 88' lang='lat' dir='ltr'>est,</span> <span class='ocrx_word' id='word_1_266' title='bbox 1457 1998 1508 2039; x_wconf 85' lang='lat'>11</span> 
     </span>
     <span class='ocr_line' id='line_1_34' title="bbox 93 2053 1439 2112; baseline -0.003 -14"><span class='ocrx_word' id='word_1_267' title='bbox 93 2071 252 2112; x_wconf 87' lang='lat' dir='ltr'>magna</span> <span class='ocrx_word' id='word_1_268' title='bbox 267 2057 442 2111; x_wconf 88' lang='lat' dir='ltr'>species,</span> <span class='ocrx_word' id='word_1_269' title='bbox 457 2070 615 2111; x_wconf 89' lang='lat' dir='ltr'>magna</span> <span class='ocrx_word' id='word_1_270' title='bbox 629 2056 831 2110; x_wconf 86' lang='lat' dir='ltr'>dignitas,</span> <span class='ocrx_word' id='word_1_271' title='bbox 844 2069 1003 2110; x_wconf 90' lang='lat' dir='ltr'>magna</span> <span class='ocrx_word' id='word_1_272' title='bbox 1016 2055 1220 2096; x_wconf 88' lang='lat' dir='ltr'>maiestas</span> <span class='ocrx_word' id='word_1_273' title='bbox 1231 2053 1439 2108; x_wconf 84' lang='lat' dir='ltr'>consulis3</span> 
     </span>
     <span class='ocr_line' id='line_1_35' title="bbox 93 2113 1440 2170; baseline -0.003 -13"><span class='ocrx_word' id='word_1_274' title='bbox 93 2131 181 2157; x_wconf 91' lang='lat' dir='ltr'>non</span> <span class='ocrx_word' id='word_1_275' title='bbox 212 2116 388 2170; x_wconf 89' lang='lat' dir='ltr'>capiunt</span> <span class='ocrx_word' id='word_1_276' title='bbox 421 2115 646 2170; x_wconf 87' lang='lat' dir='ltr'>angustiae</span> <span class='ocrx_word' id='word_1_277' title='bbox 672 2115 860 2168; x_wconf 89' lang='lat' dir='ltr'>pectoris</span> <span class='ocrx_word' id='word_1_278' title='bbox 888 2114 964 2167; x_wconf 89' lang='lat' dir='ltr'>tui,</span> <span class='ocrx_word' id='word_1_279' title='bbox 994 2128 1081 2155; x_wconf 90' lang='lat' dir='ltr'>non</span> <span class='ocrx_word' id='word_1_280' title='bbox 1106 2113 1260 2167; x_wconf 84' lang='lat' dir='ltr'>recipit</span> <span class='ocrx_word' id='word_1_281' title='bbox 1284 2113 1440 2154; x_wconf 89' lang='lat' dir='ltr'>levitas</span> 
     </span>
     <span class='ocr_line' id='line_1_36' title="bbox 41 2172 1441 2229; baseline -0.003 -13"><span class='ocrx_word' id='word_1_282' title='bbox 41 2191 76 2216; x_wconf 82' lang='lat'>35</span> <span class='ocrx_word' id='word_1_283' title='bbox 94 2175 192 2228; x_wconf 86' lang='lat' dir='ltr'>ista,</span> <span class='ocrx_word' id='word_1_284' title='bbox 216 2189 304 2216; x_wconf 89' lang='lat' dir='ltr'>non</span> <span class='ocrx_word' id='word_1_285' title='bbox 329 2177 499 2229; x_wconf 87' lang='lat' dir='ltr'>egestas</span> <span class='ocrx_word' id='word_1_286' title='bbox 527 2174 677 2227; x_wconf 81' lang='lat' dir='ltr'>animi3</span> <span class='ocrx_word' id='word_1_287' title='bbox 701 2187 789 2215; x_wconf 87' lang='lat' dir='ltr'>non</span> <span class='ocrx_word' id='word_1_288' title='bbox 806 2173 1037 2214; x_wconf 87' lang='lat' dir='ltr'>infirmitas</span> <span class='ocrx_word' id='word_1_289' title='bbox 1057 2172 1222 2227; x_wconf 87' lang='lat' dir='ltr'>ingenii</span> <span class='ocrx_word' id='word_1_290' title='bbox 1241 2172 1441 2226; x_wconf 85' lang='lat' dir='ltr'>sustinet,</span> 
     </span>
     <span class='ocr_line' id='line_1_37' title="bbox 94 2232 1441 2285; baseline -0.002 -11"><span class='ocrx_word' id='word_1_291' title='bbox 94 2247 182 2274; x_wconf 90' lang='lat' dir='ltr'>non</span> <span class='ocrx_word' id='word_1_292' title='bbox 224 2233 454 2274; x_wconf 88' lang='lat' dir='ltr'>insolentia</span> <span class='ocrx_word' id='word_1_293' title='bbox 491 2247 635 2273; x_wconf 88' lang='lat' dir='ltr'>rerum</span> <span class='ocrx_word' id='word_1_294' title='bbox 673 2232 956 2273; x_wconf 86' lang='lat' dir='ltr'>secundarum</span> <span class='ocrx_word' id='word_1_295' title='bbox 993 2233 1162 2272; x_wconf 83' lang='lat' dir='ltr'>tantam</span> <span class='ocrx_word' id='word_1_296' title='bbox 1198 2245 1441 2285; x_wconf 88' lang='lat' dir='ltr'>personam,</span> 
     </span>
     <span class='ocr_line' id='line_1_38' title="bbox 95 2289 1441 2347; baseline -0.001 -15"><span class='ocrx_word' id='word_1_297' title='bbox 95 2294 186 2332; x_wconf 88' lang='lat' dir='ltr'>tam</span> <span class='ocrx_word' id='word_1_298' title='bbox 225 2305 418 2347; x_wconf 87' lang='lat' dir='ltr'>gravem,</span> <span class='ocrx_word' id='word_1_299' title='bbox 458 2294 550 2332; x_wconf 88' lang='lat' dir='ltr'>tam</span> <span class='ocrx_word' id='word_1_300' title='bbox 588 2305 792 2332; x_wconf 85' lang='lat' dir='ltr'>severam.</span> <span class='ocrx_word' id='word_1_301' title='bbox 862 2289 1057 2344; x_wconf 81' lang='lat' dir='ltr'>Seplasia</span> <span class='ocrx_word' id='word_1_302' title='bbox 1094 2289 1353 2342; x_wconf 88' lang='lat' dir='ltr'>mehercule,</span> <span class='ocrx_word' id='word_1_303' title='bbox 1391 2292 1441 2330; x_wconf 84' lang='lat' dir='ltr'>ut</span> 
     </span>
    </p>
   </div>
  </div>
 </body>
</html>
