1671 2543
74 430 92 456 5

57 725 92 749 10

59 1017 92 1042 ³5

58 1312 93 1337 20

59 1605 93 1630 25

58 1900 94 1925 30

60 2194 95 2220 35

571 77 672 113 CAP.
700 82 814 113 9—11
843 82 862 121 ἓ
888 81 1039 114 23-28.
1401 79 1458 121 75

109 185 261 226 eodem
287 185 444 227 indicio
471 188 514 227 et
541 186 717 227 crimine
745 186 797 227 ad
816 187 954 241 patris
974 186 1199 228 interitum
1221 186 1457 242 adgregare

110 244 299 286 voluisti.
361 244 408 286 L.
441 243 641 299 Paulum,
680 245 753 299 qui
791 248 884 287 tum
923 248 1127 300 quaestor
1158 243 1457 287 Macedoniam

111 303 350 358 optinebat,
383 317 509 357 quem
535 304 682 357 civem,
715 318 842 358 quem
867 305 1024 345 virum!
1058 304 1132 358 qui
1158 304 1240 345 duo
1266 304 1457 346 nefarios

111 362 277 416 patriae
315 362 558 416 proditores
592 363 851 404 domesticos
883 363 1023 405 hostis
1054 363 1225 418 legibus
1260 363 1457 404 extermi-

111 423 249 474 narat,
274 420 494 462 hominem
515 421 568 462 ad
589 422 924 463 conservandam
944 437 1035 464 rem
1053 422 1273 476 publicam
1292 424 1457 475 natum,

111 479 157 520 in
186 479 300 520 idem
331 479 457 520 Vetti
488 480 695 521 indicium
727 483 856 534 atque
888 482 935 522 in
966 481 1147 522 eundem
1171 480 1286 522 hunc
1311 495 1456 522 nume-

110 552 207 579 rum
234 539 522 593 congregasti.
574 538 686 588 Quid
712 553 814 594 ergo
842 540 891 580 de
918 554 986 581 me
1012 539 1195 594 quer'al‘?
1224 539 1297 593 qui
1324 539 1456 580 etiam
1470 541 1515 572 26

111 596 276 651 gratias
315 597 398 638 tibi
438 611 565 653 agere
597 598 749 652 debeo,
789 598 902 652 quod
934 613 1001 639 1116
1035 613 1085 639 ex
1115 597 1457 639 fortissimorum

112 655 269 696 civium
311 670 490 697 numero
533 656 842 712 seiungendum
884 671 972 698 non
1014 657 1191 722 putasti.
1260 655 1343 698 Sed
1382 652 1523 710 quill

112 713 196 755 fuit
233 717 334 755 tuus
372 714 444 755 1116
483 717 631 756 tantus
663 715 801 769 furor,
839 718 906 768 ut,
946 730 1043 757 cum
1074 716 1161 756 iam
1193 714 1369 756 Vettius
1403 715 1457 756 ad

112 772 342 814 arbitrium
368 776 492 814 tuum
518 777 764 828 perorasset
790 777 833 815 et
860 774 1050 815 civitatis
1076 774 1241 815 lumina
1258 776 1457 815 notasset

111 832 487 886 descendissetque
515 833 564 873 de
592 833 758 887 rostris,
785 847 881 873 eum
901 836 1078 887 repente
1098 847 1334 887 revocares,
1360 847 1457 873 con-

111 891 334 945 loquerere
361 890 522 945 populo
543 891 739 933 Romano
766 891 948 944 vidente,
975 891 1125 933 deinde
1151 891 1456 946 interrogares,

113 964 373 1003 ecquosnam
399 949 507 990 alios
534 953 682 1004 posset
707 950 960 991 nominare?
1010 950 1313 1004 Inculcarisne,
1340 952 1389 990 1113
1410 948 1456 991 C.

113 1007 332 1062 Pisonem,
372 1022 577 1063 generum
609 1023 769 1063 meum,
806 1009 1068 1063 nominaret,
1108 1009 1180 1063 qui
1211 1009 1257 1049 in
1289 1023 1457 1049 summa

113 1067 237 1121 copia
269 1067 533 1120 optimorum
565 1067 903 1108 adulescentium
934 1068 1028 1121 pari
1062 1067 1341 1121 continentia,
1375 1067 1457 1107 vir-

112 1128 219 1179 tute,
243 1125 406 1179 pietate
430 1125 606 1179 reliquit
624 1126 852 1180 neminem,
877 1126 1067 1179 itemque
1087 1125 1144 1167 M.
1165 1125 1456 1179 Laterensem,

112 1184 333 1226 hominem
365 1184 454 1225 dies
488 1187 617 1238 atque
648 1187 798 1226 noctes
831 1185 881 1226 de
913 1185 1037 1225 laude
1065 1187 1108 1226 et
1135 1185 1184 1225 de
1211 1199 1256 1226 re
1282 1184 1458 1238 publica

113 1243 396 1298 cogitantem3
422 1243 779 1298 promulgarisne,
804 1243 1080 1297 inpurissime
1102 1246 1145 1284 613
1163 1242 1456 1297 perditissime

112 1301 267 1356 hostis,
294 1302 591 1355 quaestionem
617 1303 667 1343 de
693 1305 761 1343 tot
787 1302 1065 1356 amplissimis
1093 1304 1136 1343 et
1157 1301 1318 1342 talibus
1339 1301 1457 1354 viris,

112 1360 318 1402 indicium
355 1360 525 1414 Vettio,
563 1361 757 1415 praemia
796 1361 1094 1415 amplissuma,
1133 1360 1288 1414 quibus
1327 1360 1456 1400 rebus

113 1419 306 1461 omnium
337 1419 587 1460 mortalium
617 1434 705 1460 non
736 1419 970 1473 voluntate,
1003 1419 1077 1460 sed
1110 1419 1302 1460 convicio
1336 1433 1457 1472 repu-

113 1478 241 1519 diatis
279 1477 515 1533 fregerisne
552 1478 598 1519 in
636 1492 804 1519 carcere
843 1478 1028 1520 cervices
1066 1478 1151 1532 ipsi
1188 1477 1254 1518 illi
1291 1476 1456 1531 Vettio,

112 1550 165 1577 ne
199 1536 312 1590 quod
343 1537 548 1578 indicium
582 1536 775 1590 corrupti
800 1536 947 1578 indicii
974 1539 1141 1578 extaret
1168 1536 1342 1590 eiusque
1370 1550 1457 1578 sce·

113 1594 213 1636 leris
245 1595 291 1635 in
321 1597 364 1636 te
395 1595 538 1648 ipsum
570 1595 766 1649 quaestio
798 1596 1081 1650 flagitaretur.

201 1652 261 1694 Et
301 1654 504 1706 quoniam
542 1653 691 1695 crebro
728 1668 911 1708 usurpas
944 1654 1084 1708 legem
1116 1656 1158 1694 136
1192 1653 1242 1694 (16
1275 1653 1514 1694 ί(11161111827

114 1711 305 1753 6011811118
337 1711 561 1753 reiciendis
594 1711 758 1766 tulisse,
788 1715 838 1753 ut
870 1726 1017 1753 omnes
1050 1712 1308 1766 intellegant
1333 1714 1376 1752 te
1401 1725 1455 1752 116

114 1773 229 1811 recte
257 1769 429 1823 quidem
454 1769 593 1811 facere
621 1770 710 1811 sine
737 1771 894 1811 scelere
921 1770 1126 1824 potuisse,
1159 1784 1331 1823 quaero,
1358 1783 1456 1810 cum

114 1829 184 1869 lex
210 1831 324 1869 esset
351 1842 486 1882 aequa
511 1828 788 1883 promulgata
812 1828 938 1869 initio
965 1828 1262 1883 magistratus,
1294 1827 1455 1868 multas

115 1887 202 1928 iam
229 1887 335 1928 alias
362 1887 549 1939 tulisses,
581 1887 886 1940 expectarisne,
915 1887 1016 1927 dum
1042 1886 1087 1928 O.
1113 1885 1330 1927 Antonius
1357 1900 1455 1926 reus

114 1946 237 1986 fieret
270 1945 381 2000 apud
414 1945 487 1986 Cn.
520 1944 753 1985 Lentulum
786 1944 1054 1997 Clodianum,
1086 1947 1141 1998 et,
1172 1948 1456 1998 posteaquam

114 2004 188 2045 ille
220 2007 287 2045 est
318 2018 415 2044 reus
448 2003 601 2057 factus,
634 2003 785 2044 statim
816 2003 968 2044 tuleris
1001 2003 1296 2052 eQUICUMQUE
1329 2014 1456 2044 TUAM

113 2074 228 2104 Posr
254 2073 415 2104 LEGEM
441 2073 557 2104 REUS
584 2073 760 2103 FACTUS
786 2061 954 2116 Essn'r’,
984 2064 1034 2103 ut
1058 2061 1188 2102 homo
1217 2060 1454 2103 consularis

115 2121 313 2162 exclusus
353 2121 484 2162 miser
520 2123 680 2175 puncto
713 2120 921 2174 temporis
955 2120 1216 2174 spoliaretur
1246 2119 1454 2161 beneficio

115 2182 159 2220 et
179 2180 396 2234 aequitate
417 2180 526 2235 legis
547 2181 658 2220 tuae.
708 2177 836 2220 Dices
856 2178 1201 2219 familiaritatem
1220 2178 1302 2219 tibi
1321 2178 1454 2219 fuisse
1469 2187 1515 2218 28

116 2252 213 2279 cum
258 2238 306 2287 Q.
351 2237 554 2279 Maximo.
615 2236 843 2279 P1Naecla1a
886 2237 1076 2278 defensio
1121 2236 1326 2278 facinoris
1370 2236 1453 2277 tui!

115 2295 229 2337 Nam
260 2296 440 2338 Maximi
473 2296 645 2351 quidem
677 2310 844 2337 summa
874 2296 968 2337 laus
1001 2298 1068 2336 cst
1100 2295 1284 2349 sumptis
1316 2294 1456 2336 11111111-
