<?xml version="1.0" encoding="UTF-8"?>
<!DOCTYPE html PUBLIC "-//W3C//DTD XHTML 1.0 Transitional//EN"
    "http://www.w3.org/TR/xhtml1/DTD/xhtml1-transitional.dtd">
<html xmlns="http://www.w3.org/1999/xhtml" xml:lang="en" lang="en">
 <head>
  <title>
</title>
<meta http-equiv="Content-Type" content="text/html;charset=utf-8" />
  <meta name='ocr-system' content='tesseract 3.04.00' />
  <meta name='ocr-capabilities' content='ocr_page ocr_carea ocr_par ocr_line ocrx_word'/>
</head>
<body>
  <div class='ocr_page' id='page_1' title='image "./p3scriptaquaemanse02ciceuoft_0205.png"; bbox 0 0 1671 2543; ppageno 0'>
   <div class='ocr_carea' id='block_1_1' title="bbox 126 613 1465 791">
    <p class='ocr_par' dir='ltr' id='par_1_1' title="bbox 126 613 1465 791">
     <span class='ocr_line' id='line_1_1' title="bbox 465 613 1123 662; baseline 0.002 -1"><span class='ocrx_word' id='word_1_1' title='bbox 465 613 527 661; x_wconf 91' lang='lat' dir='ltr'>M.</span> <span class='ocrx_word' id='word_1_2' title='bbox 567 614 755 661; x_wconf 87' lang='lat' dir='ltr'>TULLI</span> <span class='ocrx_word' id='word_1_3' title='bbox 793 614 1123 662; x_wconf 83' lang='lat' dir='ltr'>CICERONIS</span> 
     </span>
     <span class='ocr_line' id='line_1_2' title="bbox 126 733 1465 791; baseline 0.001 -3"><span class='ocrx_word' id='word_1_4' title='bbox 126 734 202 788; x_wconf 91' lang='lat' dir='ltr'>IN</span> <span class='ocrx_word' id='word_1_5' title='bbox 216 735 273 789; x_wconf 90' lang='lat' dir='ltr'>P.</span> <span class='ocrx_word' id='word_1_6' title='bbox 283 733 624 790; x_wconf 86' lang='lat' dir='ltr'>VATINIUM</span> <span class='ocrx_word' id='word_1_7' title='bbox 645 734 914 791; x_wconf 82' lang='lat' dir='ltr'>TESTEM</span> <span class='ocrx_word' id='word_1_8' title='bbox 928 735 1465 791; x_wconf 81' lang='lat' dir='ltr'>INTERROGATIO.</span> 
     </span>
    </p>
   </div>
   <div class='ocr_carea' id='block_1_2' title="bbox 602 944 994 983">
    <p class='ocr_par' dir='ltr' id='par_1_2' title="bbox 602 944 994 983">
     <span class='ocr_line' id='line_1_3' title="bbox 602 944 994 983; baseline 0.003 -2"><span class='ocrx_word' id='word_1_9' title='bbox 602 944 994 983; x_wconf 85' lang='lat' dir='ltr'><strong>ARGUMENTUM.</strong></span> 
     </span>
    </p>
   </div>
   <div class='ocr_carea' id='block_1_3' title="bbox 125 1031 1469 1548">
    <p class='ocr_par' dir='ltr' id='par_1_3' title="bbox 125 1031 1469 1548">
     <span class='ocr_line' id='line_1_4' title="bbox 220 1031 1468 1078; baseline 0.002 -13"><span class='ocrx_word' id='word_1_10' title='bbox 220 1031 263 1065; x_wconf 88' lang='lat' dir='ltr'>In</span> <span class='ocrx_word' id='word_1_11' title='bbox 287 1031 426 1067; x_wconf 81' lang='lat' dir='ltr'>iudicio</span> <span class='ocrx_word' id='word_1_12' title='bbox 451 1031 490 1068; x_wconf 87' lang='lat' dir='ltr'>P.</span> <span class='ocrx_word' id='word_1_13' title='bbox 519 1031 617 1067; x_wconf 86' lang='lat' dir='ltr'>Sesti</span> <span class='ocrx_word' id='word_1_14' title='bbox 643 1032 756 1067; x_wconf 89' lang='lat' dir='ltr'>etiam</span> <span class='ocrx_word' id='word_1_15' title='bbox 781 1032 819 1068; x_wconf 91' lang='lat' dir='ltr'>P.</span> <span class='ocrx_word' id='word_1_16' title='bbox 847 1031 1037 1075; x_wconf 85' lang='lat' dir='ltr'>Vatinius,</span> <span class='ocrx_word' id='word_1_17' title='bbox 1063 1031 1164 1067; x_wconf 88' lang='lat' dir='ltr'>idem</span> <span class='ocrx_word' id='word_1_18' title='bbox 1188 1032 1266 1075; x_wconf 80' lang='lat' dir='ltr'>ille,</span> <span class='ocrx_word' id='word_1_19' title='bbox 1293 1032 1358 1078; x_wconf 89' lang='lat' dir='ltr'>qui</span> <span class='ocrx_word' id='word_1_20' title='bbox 1384 1044 1468 1068; x_wconf 91' lang='lat' dir='ltr'>cum</span> 
     </span>
     <span class='ocr_line' id='line_1_5' title="bbox 125 1078 1467 1123; baseline 0.003 -11"><span class='ocrx_word' id='word_1_21' title='bbox 125 1080 226 1113; x_wconf 88' lang='lat' dir='ltr'>esset</span> <span class='ocrx_word' id='word_1_22' title='bbox 251 1078 423 1113; x_wconf 84' lang='lat' dir='ltr'>tribunus</span> <span class='ocrx_word' id='word_1_23' title='bbox 448 1078 569 1123; x_wconf 85' lang='lat' dir='ltr'>plebis</span> <span class='ocrx_word' id='word_1_24' title='bbox 596 1090 692 1114; x_wconf 89' lang='lat' dir='ltr'>anno</span> <span class='ocrx_word' id='word_1_25' title='bbox 718 1091 752 1114; x_wconf 77' lang='lat' dir='ltr'>u,</span> <span class='ocrx_word' id='word_1_26' title='bbox 780 1091 809 1115; x_wconf 88' lang='lat' dir='ltr'>c.</span> <span class='ocrx_word' id='word_1_27' title='bbox 837 1083 921 1123; x_wconf 86' lang='lat'><strong>695,</strong></span> <span class='ocrx_word' id='word_1_28' title='bbox 955 1079 1126 1114; x_wconf 79' lang='lat' dir='ltr'>omnibus</span> <span class='ocrx_word' id='word_1_29' title='bbox 1152 1080 1189 1114; x_wconf 89' lang='grc'>111</span> <span class='ocrx_word' id='word_1_30' title='bbox 1216 1080 1327 1114; x_wconf 89' lang='lat' dir='ltr'>rebus</span> <span class='ocrx_word' id='word_1_31' title='bbox 1355 1080 1402 1114; x_wconf 91' lang='lat' dir='ltr'>ad</span> <span class='ocrx_word' id='word_1_32' title='bbox 1428 1081 1467 1116; x_wconf 83' lang='lat' dir='ltr'>C.</span> 
     </span>
     <span class='ocr_line' id='line_1_6' title="bbox 126 1125 1468 1171; baseline 0.002 -12"><span class='ocrx_word' id='word_1_33' title='bbox 126 1125 292 1160; x_wconf 81' lang='lat' dir='ltr'>Caesaris</span> <span class='ocrx_word' id='word_1_34' title='bbox 318 1126 551 1160; x_wconf 83' lang='lat' dir='ltr'>voluntatem</span> <span class='ocrx_word' id='word_1_35' title='bbox 576 1137 615 1161; x_wconf 88' lang='lat' dir='ltr'>se</span> <span class='ocrx_word' id='word_1_36' title='bbox 641 1126 906 1171; x_wconf 86' lang='lat' dir='ltr'>applicaverat,</span> <span class='ocrx_word' id='word_1_37' title='bbox 932 1126 1041 1161; x_wconf 89' lang='lat' dir='ltr'>testis</span> <span class='ocrx_word' id='word_1_38' title='bbox 1061 1126 1264 1170; x_wconf 86' lang='lat' dir='ltr'>productus</span> <span class='ocrx_word' id='word_1_39' title='bbox 1285 1129 1375 1162; x_wconf 89' lang='lat' dir='ltr'>erat.</span> <span class='ocrx_word' id='word_1_40' title='bbox 1425 1127 1468 1162; x_wconf 90' lang='lat' dir='ltr'>In</span> 
     </span>
     <span class='ocr_line' id='line_1_7' title="bbox 125 1172 1466 1218; baseline 0.001 -11"><span class='ocrx_word' id='word_1_41' title='bbox 125 1183 211 1207; x_wconf 89' lang='lat' dir='ltr'>eum</span> <span class='ocrx_word' id='word_1_42' title='bbox 230 1172 276 1208; x_wconf 90' lang='lat' dir='ltr'>M.</span> <span class='ocrx_word' id='word_1_43' title='bbox 300 1173 446 1207; x_wconf 83' lang='lat' dir='ltr'>Tullius</span> <span class='ocrx_word' id='word_1_44' title='bbox 472 1174 546 1208; x_wconf 87' lang='lat' dir='ltr'>iam</span> <span class='ocrx_word' id='word_1_45' title='bbox 571 1172 612 1207; x_wconf 89' lang='lat' dir='ltr'>in</span> <span class='ocrx_word' id='word_1_46' title='bbox 631 1184 676 1208; x_wconf 87' lang='lat' dir='ltr'>ea</span> <span class='ocrx_word' id='word_1_47' title='bbox 695 1174 874 1217; x_wconf 86' lang='lat' dir='ltr'>oratione,</span> <span class='ocrx_word' id='word_1_48' title='bbox 902 1184 1013 1217; x_wconf 90' lang='lat' dir='ltr'>quam</span> <span class='ocrx_word' id='word_1_49' title='bbox 1033 1173 1168 1208; x_wconf 87' lang='lat' dir='ltr'>habuit</span> <span class='ocrx_word' id='word_1_50' title='bbox 1186 1185 1252 1218; x_wconf 88' lang='lat' dir='ltr'>pro</span> <span class='ocrx_word' id='word_1_51' title='bbox 1272 1174 1311 1210; x_wconf 88' lang='lat' dir='ltr'>P.</span> <span class='ocrx_word' id='word_1_52' title='bbox 1334 1174 1466 1218; x_wconf 82' lang='lat' dir='ltr'>Sestio,</span> 
     </span>
     <span class='ocr_line' id='line_1_8' title="bbox 127 1219 1467 1265; baseline 0.001 -11"><span class='ocrx_word' id='word_1_53' title='bbox 127 1219 367 1254; x_wconf 82' lang='lat' dir='ltr'>vehementer</span> <span class='ocrx_word' id='word_1_54' title='bbox 387 1221 468 1255; x_wconf 84' lang='lat' dir='ltr'>erat</span> <span class='ocrx_word' id='word_1_55' title='bbox 486 1221 653 1255; x_wconf 86' lang='lat' dir='ltr'>invectus</span> <span class='ocrx_word' id='word_1_56' title='bbox 673 1231 752 1265; x_wconf 88' lang='lat' dir='ltr'>cap.</span> <span class='ocrx_word' id='word_1_57' title='bbox 771 1224 907 1260; x_wconf 85' lang='lat'>13—15</span> <span class='ocrx_word' id='word_1_58' title='bbox 922 1224 941 1262; x_wconf 69' lang='grc' dir='ltr'>ξ</span> <span class='ocrx_word' id='word_1_59' title='bbox 957 1224 1151 1255; x_wconf 78' lang='grc'>132-135,</span> <span class='ocrx_word' id='word_1_60' title='bbox 1197 1220 1325 1256; x_wconf 86' lang='lat' dir='ltr'>Nihilo</span> <span class='ocrx_word' id='word_1_61' title='bbox 1345 1220 1467 1255; x_wconf 89' lang='lat' dir='ltr'>minus</span> 
     </span>
     <span class='ocr_line' id='line_1_9' title="bbox 126 1266 1467 1313; baseline 0.001 -12"><span class='ocrx_word' id='word_1_62' title='bbox 126 1266 241 1301; x_wconf 89' lang='lat' dir='ltr'>etiam</span> <span class='ocrx_word' id='word_1_63' title='bbox 260 1266 299 1301; x_wconf 89' lang='lat' dir='ltr'>in</span> <span class='ocrx_word' id='word_1_64' title='bbox 318 1266 614 1312; x_wconf 73' lang='lat' dir='ltr'>interrogatione</span> <span class='ocrx_word' id='word_1_65' title='bbox 640 1269 809 1311; x_wconf 81' lang='lat' dir='ltr'>testium,</span> <span class='ocrx_word' id='word_1_66' title='bbox 843 1278 938 1311; x_wconf 90' lang='lat' dir='ltr'>quae</span> <span class='ocrx_word' id='word_1_67' title='bbox 965 1267 1012 1301; x_wconf 89' lang='lat' dir='ltr'>ab</span> <span class='ocrx_word' id='word_1_68' title='bbox 1038 1269 1197 1311; x_wconf 88' lang='lat' dir='ltr'>utraque</span> <span class='ocrx_word' id='word_1_69' title='bbox 1222 1269 1330 1313; x_wconf 87' lang='lat' dir='ltr'>parte</span> <span class='ocrx_word' id='word_1_70' title='bbox 1357 1268 1467 1303; x_wconf 87' lang='lat' dir='ltr'>dictis</span> 
     </span>
     <span class='ocr_line' id='line_1_10' title="bbox 127 1313 1469 1357; baseline 0.001 -9"><span class='ocrx_word' id='word_1_71' title='bbox 127 1316 386 1348; x_wconf 78' lang='lat' dir='ltr'>accusatorum</span> <span class='ocrx_word' id='word_1_72' title='bbox 412 1316 451 1349; x_wconf 89' lang='lat' dir='ltr'>et</span> <span class='ocrx_word' id='word_1_73' title='bbox 476 1314 709 1349; x_wconf 88' lang='lat' dir='ltr'>defensorum</span> <span class='ocrx_word' id='word_1_74' title='bbox 730 1313 961 1349; x_wconf 85' lang='lat' dir='ltr'>orationibus</span> <span class='ocrx_word' id='word_1_75' title='bbox 981 1314 1202 1357; x_wconf 75' lang='lat' dir='ltr'>habebatur,</span> <span class='ocrx_word' id='word_1_76' title='bbox 1228 1315 1283 1349; x_wconf 90' lang='lat' dir='ltr'>ita</span> <span class='ocrx_word' id='word_1_77' title='bbox 1302 1327 1390 1349; x_wconf 90' lang='lat' dir='ltr'>usus</span> <span class='ocrx_word' id='word_1_78' title='bbox 1412 1317 1469 1350; x_wconf 85' lang='lat' dir='ltr'>est</span> 
     </span>
     <span class='ocr_line' id='line_1_11' title="bbox 126 1360 1468 1406; baseline 0.001 -11"><span class='ocrx_word' id='word_1_79' title='bbox 126 1360 253 1395; x_wconf 83' lang='lat' dir='ltr'>Cicero</span> <span class='ocrx_word' id='word_1_80' title='bbox 274 1361 467 1396; x_wconf 78' lang='lat' dir='ltr'>occasione</span> <span class='ocrx_word' id='word_1_81' title='bbox 488 1361 626 1405; x_wconf 87' lang='lat' dir='ltr'>oblata,</span> <span class='ocrx_word' id='word_1_82' title='bbox 646 1363 688 1395; x_wconf 91' lang='lat' dir='ltr'>ut</span> <span class='ocrx_word' id='word_1_83' title='bbox 708 1361 786 1396; x_wconf 89' lang='lat' dir='ltr'>eius</span> <span class='ocrx_word' id='word_1_84' title='bbox 806 1361 1052 1406; x_wconf 67' lang='lat' dir='ltr'>interrogatio</span> <span class='ocrx_word' id='word_1_85' title='bbox 1072 1361 1110 1396; x_wconf 91' lang='lat' dir='ltr'>P.</span> <span class='ocrx_word' id='word_1_86' title='bbox 1127 1361 1258 1396; x_wconf 86' lang='lat' dir='ltr'>Vatini</span> <span class='ocrx_word' id='word_1_87' title='bbox 1276 1361 1372 1396; x_wconf 82' lang='lat' dir='ltr'>nihi]</span> <span class='ocrx_word' id='word_1_88' title='bbox 1391 1361 1468 1396; x_wconf 87' lang='lat' dir='ltr'>fere</span> 
     </span>
     <span class='ocr_line' id='line_1_12' title="bbox 125 1407 1469 1462; baseline 0.001 -20"><span class='ocrx_word' id='word_1_89' title='bbox 125 1407 282 1442; x_wconf 88' lang='lat' dir='ltr'>haberet</span> <span class='ocrx_word' id='word_1_90' title='bbox 304 1407 377 1443; x_wconf 88' lang='lat' dir='ltr'>nisi</span> <span class='ocrx_word' id='word_1_91' title='bbox 401 1408 725 1453; x_wconf 83' lang='lat' dir='ltr'>reprehensionem</span> <span class='ocrx_word' id='word_1_92' title='bbox 744 1408 954 1443; x_wconf 85' lang='lat' dir='ltr'>tribunatus</span> <span class='ocrx_word' id='word_1_93' title='bbox 975 1409 1077 1443; x_wconf 89' lang='lat' dir='ltr'>illius</span> <span class='ocrx_word' id='word_1_94' title='bbox 1098 1410 1137 1444; x_wconf 91' lang='lat' dir='ltr'>et</span> <span class='ocrx_word' id='word_1_95' title='bbox 1155 1408 1469 1462; x_wconf 80' lang='lat' dir='ltr'>vituperationem</span> 
     </span>
     <span class='ocr_line' id='line_1_13' title="bbox 126 1453 1469 1500; baseline 0.001 -12"><span class='ocrx_word' id='word_1_96' title='bbox 126 1453 206 1489; x_wconf 87' lang='lat' dir='ltr'>eius</span> <span class='ocrx_word' id='word_1_97' title='bbox 225 1455 325 1489; x_wconf 86' lang='lat' dir='ltr'>vitae</span> <span class='ocrx_word' id='word_1_98' title='bbox 345 1455 593 1500; x_wconf 81' lang='lat' dir='ltr'>turpissimae,</span> <span class='ocrx_word' id='word_1_99' title='bbox 615 1467 725 1500; x_wconf 88' lang='lat' dir='ltr'>quam</span> <span class='ocrx_word' id='word_1_100' title='bbox 746 1455 952 1491; x_wconf 87' lang='lat' dir='ltr'>orationem</span> <span class='ocrx_word' id='word_1_101' title='bbox 972 1466 1113 1491; x_wconf 90' lang='lat' dir='ltr'>summo</span> <span class='ocrx_word' id='word_1_102' title='bbox 1128 1456 1288 1490; x_wconf 87' lang='lat' dir='ltr'>adsensu</span> <span class='ocrx_word' id='word_1_103' title='bbox 1303 1456 1469 1491; x_wconf 89' lang='lat' dir='ltr'>omnium</span> 
     </span>
     <span class='ocr_line' id='line_1_14' title="bbox 127 1501 1313 1548; baseline 0.002 -13"><span class='ocrx_word' id='word_1_104' title='bbox 127 1501 296 1536; x_wconf 84' lang='lat' dir='ltr'>auditam</span> <span class='ocrx_word' id='word_1_105' title='bbox 321 1512 401 1537; x_wconf 89' lang='lat' dir='ltr'>esse</span> <span class='ocrx_word' id='word_1_106' title='bbox 425 1503 504 1548; x_wconf 90' lang='lat' dir='ltr'>ipse</span> <span class='ocrx_word' id='word_1_107' title='bbox 532 1502 664 1537; x_wconf 85' lang='lat' dir='ltr'>scribit</span> <span class='ocrx_word' id='word_1_108' title='bbox 689 1502 816 1538; x_wconf 90' lang='lat' dir='ltr'>Cicero</span> <span class='ocrx_word' id='word_1_109' title='bbox 844 1503 892 1537; x_wconf 89' lang='lat' dir='ltr'>ad</span> <span class='ocrx_word' id='word_1_110' title='bbox 917 1502 957 1545; x_wconf 83' lang='lat' dir='ltr'>Q.</span> <span class='ocrx_word' id='word_1_111' title='bbox 983 1503 1138 1537; x_wconf 86' lang='lat' dir='ltr'>fratrem</span> <span class='ocrx_word' id='word_1_112' title='bbox 1163 1504 1196 1537; x_wconf 91' lang='lat' dir='ltr'>II</span> <span class='ocrx_word' id='word_1_113' title='bbox 1221 1507 1313 1538; x_wconf 84' lang='lat'><strong>4.1.</strong></span> 
     </span>
    </p>
   </div>
   <div class='ocr_carea' id='block_1_4' title="bbox 659 1589 791 1592">
    <p class='ocr_par' dir='ltr' id='par_1_4' title="bbox 659 1589 791 1592">
     <span class='ocr_line' id='line_1_15' title="bbox 659 1589 791 1592; baseline 0 0"><span class='ocrx_word' id='word_1_114' title='bbox 659 1589 791 1592; x_wconf 95' lang='lat' dir='ltr'> </span> 
     </span>
    </p>
   </div>
   <div class='ocr_carea' id='block_1_5' title="bbox 793 1589 936 1592">
    <p class='ocr_par' dir='ltr' id='par_1_5' title="bbox 793 1589 936 1592">
     <span class='ocr_line' id='line_1_16' title="bbox 793 1589 936 1592; baseline 0 0"><span class='ocrx_word' id='word_1_115' title='bbox 793 1589 936 1592; x_wconf 95' lang='lat' dir='ltr'> </span> 
     </span>
    </p>
   </div>
   <div class='ocr_carea' id='block_1_6' title="bbox 77 1637 1502 2284">
    <p class='ocr_par' dir='ltr' id='par_1_6' title="bbox 127 1637 1502 1874">
     <span class='ocr_line' id='line_1_17' title="bbox 218 1637 1502 1701; baseline 0.002 -16"><span class='ocrx_word' id='word_1_116' title='bbox 218 1642 280 1698; x_wconf 83' lang='lat' dir='ltr'>Si,</span> <span class='ocrx_word' id='word_1_117' title='bbox 310 1647 386 1686; x_wconf 88' lang='lat' dir='ltr'>tua</span> <span class='ocrx_word' id='word_1_118' title='bbox 415 1647 585 1686; x_wconf 88' lang='lat' dir='ltr'>tantum</span> <span class='ocrx_word' id='word_1_119' title='bbox 616 1646 762 1699; x_wconf 80' lang='lat' dir='ltr'>modo7</span> <span class='ocrx_word' id='word_1_120' title='bbox 793 1645 961 1699; x_wconf 80' lang='lat' dir='ltr'>Vatini,</span> <span class='ocrx_word' id='word_1_121' title='bbox 994 1646 1096 1699; x_wconf 87' lang='lat' dir='ltr'>quid</span> <span class='ocrx_word' id='word_1_122' title='bbox 1127 1646 1364 1701; x_wconf 82' lang='lat' dir='ltr'>indignitas</span> <span class='ocrx_word' id='word_1_123' title='bbox 1395 1661 1468 1701; x_wconf 90' lang='lat' dir='ltr'>po·</span> <span class='ocrx_word' id='word_1_124' title='bbox 1485 1637 1502 1674; x_wconf 86' lang='grc' dir='ltr'>Ῑ</span> 
     </span>
     <span class='ocr_line' id='line_1_18' title="bbox 128 1693 1501 1758; baseline 0.002 -16"><span class='ocrx_word' id='word_1_125' title='bbox 128 1702 327 1756; x_wconf 70' lang='lat' dir='ltr'>stularet7</span> <span class='ocrx_word' id='word_1_126' title='bbox 370 1706 563 1757; x_wconf 87' lang='lat' dir='ltr'>spectare</span> <span class='ocrx_word' id='word_1_127' title='bbox 606 1704 855 1758; x_wconf 78' lang='lat' dir='ltr'>voluissem,</span> <span class='ocrx_word' id='word_1_128' title='bbox 898 1704 1096 1745; x_wconf 83' lang='lat' dir='ltr'>fecissem</span> <span class='ocrx_word' id='word_1_129' title='bbox 1138 1704 1198 1757; x_wconf 77' lang='lat' dir='ltr'>id,</span> <span class='ocrx_word' id='word_1_130' title='bbox 1243 1705 1355 1758; x_wconf 86' lang='lat' dir='ltr'>quod</span> <span class='ocrx_word' id='word_1_131' title='bbox 1399 1693 1501 1745; x_wconf 84' lang='grc'>11181</span> 
     </span>
     <span class='ocr_line' id='line_1_19' title="bbox 127 1737 1469 1817; baseline 0.001 -16"><span class='ocrx_word' id='word_1_132' title='bbox 127 1737 401 1802; x_wconf 70' lang='lat' dir='ltr'>vehementer</span> <span class='ocrx_word' id='word_1_133' title='bbox 425 1762 635 1815; x_wconf 74' lang='lat' dir='ltr'>placebat,</span> <span class='ocrx_word' id='word_1_134' title='bbox 665 1765 715 1803; x_wconf 90' lang='lat' dir='ltr'>ut</span> <span class='ocrx_word' id='word_1_135' title='bbox 740 1766 795 1816; x_wconf 76' lang='lat' dir='ltr'>te,</span> <span class='ocrx_word' id='word_1_136' title='bbox 821 1762 940 1803; x_wconf 90' lang='lat' dir='ltr'>cuius</span> <span class='ocrx_word' id='word_1_137' title='bbox 967 1762 1264 1803; x_wconf 86' lang='lat' dir='ltr'>testimonium</span> <span class='ocrx_word' id='word_1_138' title='bbox 1289 1765 1469 1817; x_wconf 85' lang='lat' dir='ltr'>propter</span> 
     </span>
     <span class='ocr_line' id='line_1_20' title="bbox 128 1820 1468 1874; baseline 0.001 -14"><span class='ocrx_word' id='word_1_139' title='bbox 128 1820 439 1874; x_wconf 87' lang='lat' dir='ltr'>turpitudinem</span> <span class='ocrx_word' id='word_1_140' title='bbox 476 1820 590 1861; x_wconf 86' lang='lat' dir='ltr'>vitae</span> <span class='ocrx_word' id='word_1_141' title='bbox 628 1821 858 1874; x_wconf 85' lang='lat' dir='ltr'>sordesque</span> <span class='ocrx_word' id='word_1_142' title='bbox 896 1821 1154 1861; x_wconf 87' lang='lat' dir='ltr'>domesticas</span> <span class='ocrx_word' id='word_1_143' title='bbox 1187 1821 1349 1862; x_wconf 84' lang='lat' dir='ltr'>nullius</span> <span class='ocrx_word' id='word_1_144' title='bbox 1380 1835 1468 1862; x_wconf 91' lang='lat' dir='ltr'>mo·</span> 
     </span>
    </p>

    <p class='ocr_par' dir='ltr' id='par_1_7' title="bbox 92 1878 1469 2169">
     <span class='ocr_line' id='line_1_21' title="bbox 92 1878 1468 1933; baseline -0.001 -12"><span class='ocrx_word' id='word_1_145' title='bbox 92 1896 109 1921; x_wconf 83' lang='lat'>5</span> <span class='ocrx_word' id='word_1_146' title='bbox 128 1878 263 1919; x_wconf 88' lang='lat' dir='ltr'>menti</span> <span class='ocrx_word' id='word_1_147' title='bbox 294 1881 531 1933; x_wconf 83' lang='lat' dir='ltr'>putaretur,</span> <span class='ocrx_word' id='word_1_148' title='bbox 562 1879 720 1920; x_wconf 85' lang='lat' dir='ltr'>tacitus</span> <span class='ocrx_word' id='word_1_149' title='bbox 753 1879 1026 1920; x_wconf 88' lang='lat' dir='ltr'>dimitterem.</span> <span class='ocrx_word' id='word_1_150' title='bbox 1088 1878 1226 1920; x_wconf 90' lang='lat' dir='ltr'>Nemo</span> <span class='ocrx_word' id='word_1_151' title='bbox 1257 1879 1370 1920; x_wconf 76' lang='lat' dir='ltr'>enim</span> <span class='ocrx_word' id='word_1_152' title='bbox 1394 1879 1468 1920; x_wconf 92' lang='lat' dir='ltr'>ho-</span> 
     </span>
     <span class='ocr_line' id='line_1_22' title="bbox 128 1937 1468 1992; baseline 0.001 -14"><span class='ocrx_word' id='word_1_153' title='bbox 128 1951 225 1978; x_wconf 87' lang='lat' dir='ltr'>rum</span> <span class='ocrx_word' id='word_1_154' title='bbox 268 1940 343 1978; x_wconf 86' lang='lat' dir='ltr'>aut</span> <span class='ocrx_word' id='word_1_155' title='bbox 386 1937 448 1977; x_wconf 88' lang='lat' dir='ltr'>ita</span> <span class='ocrx_word' id='word_1_156' title='bbox 488 1940 530 1977; x_wconf 89' lang='lat' dir='ltr'>te</span> <span class='ocrx_word' id='word_1_157' title='bbox 568 1937 841 1978; x_wconf 88' lang='lat' dir='ltr'>refutandum</span> <span class='ocrx_word' id='word_1_158' title='bbox 877 1940 926 1977; x_wconf 88' lang='lat' dir='ltr'>ut</span> <span class='ocrx_word' id='word_1_159' title='bbox 964 1951 1139 1992; x_wconf 83' lang='lat' dir='ltr'>gravem</span> <span class='ocrx_word' id='word_1_160' title='bbox 1177 1937 1468 1980; x_wconf 86' lang='lat' dir='ltr'>adversarium</span> 
     </span>
     <span class='ocr_line' id='line_1_23' title="bbox 129 1995 1467 2051; baseline 0.001 -15"><span class='ocrx_word' id='word_1_161' title='bbox 129 1998 204 2036; x_wconf 88' lang='lat' dir='ltr'>aut</span> <span class='ocrx_word' id='word_1_162' title='bbox 241 1995 304 2036; x_wconf 91' lang='lat' dir='ltr'>ita</span> <span class='ocrx_word' id='word_1_163' title='bbox 339 1996 579 2050; x_wconf 82' lang='lat' dir='ltr'>rogandum</span> <span class='ocrx_word' id='word_1_164' title='bbox 610 1998 660 2036; x_wconf 90' lang='lat' dir='ltr'>ut</span> <span class='ocrx_word' id='word_1_165' title='bbox 690 1996 940 2051; x_wconf 83' lang='lat' dir='ltr'>religiosum</span> <span class='ocrx_word' id='word_1_166' title='bbox 972 1998 1129 2037; x_wconf 90' lang='lat' dir='ltr'>testem</span> <span class='ocrx_word' id='word_1_167' title='bbox 1161 1996 1467 2038; x_wconf 86' lang='lat' dir='ltr'>arbitrabatur.</span> 
     </span>
     <span class='ocr_line' id='line_1_24' title="bbox 130 2053 1468 2110; baseline 0.001 -15"><span class='ocrx_word' id='word_1_168' title='bbox 130 2053 213 2095; x_wconf 85' lang='lat' dir='ltr'>Sed</span> <span class='ocrx_word' id='word_1_169' title='bbox 261 2054 323 2095; x_wconf 87' lang='lat' dir='ltr'>fui</span> <span class='ocrx_word' id='word_1_170' title='bbox 373 2054 501 2108; x_wconf 90' lang='lat' dir='ltr'>paulo</span> <span class='ocrx_word' id='word_1_171' title='bbox 547 2057 644 2095; x_wconf 87' lang='lat' dir='ltr'>ante</span> <span class='ocrx_word' id='word_1_172' title='bbox 687 2054 1044 2108; x_wconf 85' lang='lat' dir='ltr'>intemperantior</span> <span class='ocrx_word' id='word_1_173' title='bbox 1086 2054 1288 2109; x_wconf 80' lang='lat' dir='ltr'>fortasse,</span> <span class='ocrx_word' id='word_1_174' title='bbox 1339 2069 1468 2110; x_wconf 90' lang='lat' dir='ltr'>quam</span> 
     </span>
     <span class='ocr_line' id='line_1_25' title="bbox 130 2112 1469 2169; baseline 0.001 -16"><span class='ocrx_word' id='word_1_175' title='bbox 130 2113 268 2154; x_wconf 89' lang='lat' dir='ltr'>debui.</span> <span class='ocrx_word' id='word_1_176' title='bbox 337 2112 446 2154; x_wconf 89' lang='lat' dir='ltr'>Odio</span> <span class='ocrx_word' id='word_1_177' title='bbox 490 2113 603 2154; x_wconf 90' lang='lat' dir='ltr'>enim</span> <span class='ocrx_word' id='word_1_178' title='bbox 646 2113 728 2167; x_wconf 75' lang='lat' dir='ltr'>tui,</span> <span class='ocrx_word' id='word_1_179' title='bbox 771 2113 816 2154; x_wconf 88' lang='lat' dir='ltr'>in</span> <span class='ocrx_word' id='word_1_180' title='bbox 860 2127 944 2167; x_wconf 90' lang='lat' dir='ltr'>quo</span> <span class='ocrx_word' id='word_1_181' title='bbox 989 2113 1069 2154; x_wconf 90' lang='lat' dir='ltr'>etsi</span> <span class='ocrx_word' id='word_1_182' title='bbox 1115 2113 1254 2154; x_wconf 88' lang='lat' dir='ltr'>omnis</span> <span class='ocrx_word' id='word_1_183' title='bbox 1290 2117 1469 2169; x_wconf 88' lang='lat' dir='ltr'>propter</span> 
     </span>
    </p>

    <p class='ocr_par' dir='ltr' id='par_1_8' title="bbox 77 2171 1468 2284">
     <span class='ocr_line' id='line_1_26' title="bbox 77 2171 1468 2226; baseline 0.002 -14"><span class='ocrx_word' id='word_1_184' title='bbox 77 2188 111 2213; x_wconf 76' lang='grc' dir='ltr'>ιο</span> <span class='ocrx_word' id='word_1_185' title='bbox 129 2174 252 2212; x_wconf 90' lang='lat' dir='ltr'>tuum</span> <span class='ocrx_word' id='word_1_186' title='bbox 281 2171 327 2212; x_wconf 88' lang='lat' dir='ltr'>in</span> <span class='ocrx_word' id='word_1_187' title='bbox 355 2186 422 2213; x_wconf 86' lang='lat' dir='ltr'>me</span> <span class='ocrx_word' id='word_1_188' title='bbox 449 2172 586 2213; x_wconf 88' lang='lat' dir='ltr'>scelus</span> <span class='ocrx_word' id='word_1_189' title='bbox 614 2185 812 2226; x_wconf 87' lang='lat' dir='ltr'>superare</span> <span class='ocrx_word' id='word_1_190' title='bbox 839 2172 984 2226; x_wconf 81' lang='lat' dir='ltr'>debeo,</span> <span class='ocrx_word' id='word_1_191' title='bbox 1017 2175 1162 2212; x_wconf 89' lang='lat' dir='ltr'>tamen</span> <span class='ocrx_word' id='word_1_192' title='bbox 1188 2172 1241 2213; x_wconf 90' lang='lat' dir='ltr'>ab</span> <span class='ocrx_word' id='word_1_193' title='bbox 1269 2174 1468 2215; x_wconf 88' lang='lat' dir='ltr'>omnibus</span> 
     </span>
     <span class='ocr_line' id='line_1_27' title="bbox 129 2230 1468 2284; baseline 0.002 -13"><span class='ocrx_word' id='word_1_194' title='bbox 129 2244 263 2284; x_wconf 88' lang='lat' dir='ltr'>paene</span> <span class='ocrx_word' id='word_1_195' title='bbox 288 2230 446 2284; x_wconf 80' lang='lat' dir='ltr'>vincor,</span> <span class='ocrx_word' id='word_1_196' title='bbox 479 2230 540 2271; x_wconf 86' lang='lat' dir='ltr'>sic</span> <span class='ocrx_word' id='word_1_197' title='bbox 566 2244 660 2271; x_wconf 88' lang='lat' dir='ltr'>sum</span> <span class='ocrx_word' id='word_1_198' title='bbox 685 2230 901 2284; x_wconf 82' lang='lat' dir='ltr'>incitatus,</span> <span class='ocrx_word' id='word_1_199' title='bbox 932 2233 992 2284; x_wconf 77' lang='lat' dir='ltr'>ut,</span> <span class='ocrx_word' id='word_1_200' title='bbox 1025 2245 1122 2271; x_wconf 88' lang='lat' dir='ltr'>cum</span> <span class='ocrx_word' id='word_1_201' title='bbox 1147 2233 1190 2271; x_wconf 90' lang='lat' dir='ltr'>te</span> <span class='ocrx_word' id='word_1_202' title='bbox 1214 2245 1302 2272; x_wconf 91' lang='lat' dir='ltr'>non</span> <span class='ocrx_word' id='word_1_203' title='bbox 1326 2232 1468 2274; x_wconf 86' lang='lat' dir='ltr'>minus</span> 
     </span>
    </p>
   </div>
   <div class='ocr_carea' id='block_1_7' title="bbox 131 2289 1467 2391">
    <p class='ocr_par' dir='ltr' id='par_1_9' title="bbox 131 2289 1467 2391">
     <span class='ocr_line' id='line_1_28' title="bbox 131 2289 1467 2345; baseline 0.001 -16"><span class='ocrx_word' id='word_1_204' title='bbox 131 2291 447 2330; x_wconf 86' lang='lat' dir='ltr'>contemnerem</span> <span class='ocrx_word' id='word_1_205' title='bbox 492 2303 620 2343; x_wconf 87' lang='lat' dir='ltr'>quam</span> <span class='ocrx_word' id='word_1_206' title='bbox 659 2289 860 2343; x_wconf 78' lang='lat' dir='ltr'>odissem,</span> <span class='ocrx_word' id='word_1_207' title='bbox 903 2291 1048 2330; x_wconf 87' lang='lat' dir='ltr'>tamen</span> <span class='ocrx_word' id='word_1_208' title='bbox 1085 2292 1285 2331; x_wconf 85' lang='lat' dir='ltr'>vexatum</span> <span class='ocrx_word' id='word_1_209' title='bbox 1322 2291 1467 2345; x_wconf 86' lang='lat' dir='ltr'>potius</span> 
     </span>
     <span class='ocr_line' id='line_1_29' title="bbox 201 2357 1256 2391; baseline 0.008 -8"><span class='ocrx_word' id='word_1_210' title='bbox 201 2357 272 2384; x_wconf 80' lang='lat'>010.</span> <span class='ocrx_word' id='word_1_211' title='bbox 291 2358 332 2383; x_wconf 89' lang='lat'>11.</span> <span class='ocrx_word' id='word_1_212' title='bbox 351 2359 376 2384; x_wconf 89' lang='lat'>3.</span> <span class='ocrx_word' id='word_1_213' title='bbox 1236 2361 1256 2391; x_wconf 86' lang='lat'>5</span> 
     </span>
    </p>
   </div>
  </div>
 </body>
</html>
