1671 2543
427 425 489 473 M.
529 423 718 471 TULLI
756 423 1084 471 CICERONIS

86 557 162 613 IN
210 558 279 612 M.
319 556 676 612 ANTONIUM
721 555 971 610 ORATIO
1015 554 1420 609 PHILIPPICA

457 655 732 723 QUARTA
770 654 1051 709 DECIMA.

559 874 944 913 ARGUMENTUM.

182 975 287 1019 Quod
312 975 360 1011 M.
389 974 515 1010 Cicero
548 986 630 1009 cum
662 986 772 1019 saepe
798 976 901 1018 ante,
937 976 1018 1008 tum
1044 974 1211 1009 oratione
1237 973 1424 1018 supeiiore

86 1022 170 1068 ipsa
202 1022 298 1057 effici
331 1022 516 1065 voluerat,
548 1022 590 1055 ut
616 1033 697 1055 cum
723 1022 771 1057 M.
797 1020 959 1056 Antonio
985 1021 1060 1055 iam
1086 1021 1196 1055 armis
1222 1032 1280 1055 res
1305 1022 1423 1055 trans-

87 1069 267 1114 igeretur,
300 1079 416 1113 nuper
449 1071 530 1103 erat
560 1068 710 1103 factum.
762 1068 834 1103 Sed
861 1080 942 1103 cum
967 1067 1031 1102 ille
1066 1069 1109 1102 A.
1136 1068 1297 1102 Hirtium
1323 1069 1361 1102 et
1386 1067 1424 1102 G.

88 1097 283 1151 Caesarem
310 1116 601 1158 adulescentem,
628 1126 651 1149 a
676 1114 826 1159 quibus,
860 1125 950 1159 quas
976 1114 1022 1149 iis
1049 1114 1263 1158 obtulisset,
1300 1114 1425 1149 condi-

89 1163 214 1198 cIOnes
240 1164 346 1197 erant
364 1162 593 1207 repudiatae,
622 1173 640 1196 e
660 1162 791 1196 castris
813 1161 887 1196 suis
909 1161 1097 1196 elicuisset
1116 1172 1190 1196 non
1211 1142 1301 1195 satis
1320 1171 1424 1205 para-

88 1210 148 1244 tos
169 1220 305 1253 eosque
325 1209 397 1244 levi
417 1219 543 1253 pugna
563 1208 765 1251 reiecisset,
792 1209 871 1243 eius
893 1207 1003 1243 amici
1022 1207 1162 1243 Romae
1182 1209 1426 1252 vulgaverant

88 1257 131 1291 A.
158 1255 322 1290 Hirtium
355 1258 393 1291 et
419 1255 454 1291 C.
482 1255 676 1290 Caesarem
708 1257 807 1290 iusta
837 1266 964 1300 pugna
994 1265 1074 1289 esse
1104 1255 1240 1298 victos,
1272 1256 1350 1288 tum
1377 1254 1425 1289 M.

90 1302 304 1338 Ciceronem
340 1302 450 1336 minis
490 1302 675 1336 atrocibus
709 1303 894 1347 persecuti
925 1303 1039 1337 erant.
1094 1301 1242 1336 Interea
1270 1301 1427 1336 Romam

87 1349 241 1384 nuntius
275 1349 320 1384 de
352 1348 494 1394 proelio
528 1349 574 1383 ad
607 1349 789 1383 Mutinam
820 1351 917 1384 inter
948 1350 995 1383 M.
1027 1348 1228 1382 Antonium
1262 1350 1300 1382 et
1329 1349 1428 1382 inter

87 1396 131 1430 A.
165 1395 331 1430 Hirtium
363 1397 398 1432 C.
426 1395 585 1430 Pansam
617 1407 709 1431 coss.
736 1395 772 1431 C.
800 1395 994 1430 Caesarem
1025 1406 1092 1440 pro
1124 1396 1296 1439 praetore
1328 1406 1360 1429 a.
1393 1394 1426 1428 d.

90 1442 194 1477 XVII
219 1442 302 1477 Kal.
328 1442 447 1477 Maias
480 1442 691 1486 commisso,
724 1443 763 1477 in
795 1454 866 1486 quo
892 1442 939 1477 M.
966 1441 1150 1476 Antonius
1184 1444 1264 1476 erat
1293 1441 1425 1484 victus,

90 1491 172 1524 erat
209 1489 369 1524 adlatus.
410 1489 458 1524 M.
496 1489 611 1534 igitur
646 1489 826 1524 Cornutus
863 1491 1014 1534 praetor
1050 1488 1212 1522 urbanus
1252 1499 1283 1524 a.
1320 1488 1353 1523 d.
1394 1488 1428 1522 X

90 1535 279 1570 Kalendas
304 1535 422 1570 Maias
448 1535 593 1571 litteras
617 1536 659 1570 A.
681 1536 780 1571 Hirti
806 1548 824 1570 e
851 1537 888 1571 C.
908 1536 1050 1570 Pansae
1071 1534 1201 1569 castris
1222 1535 1267 1569 de
1286 1535 1428 1579 proelio

90 1584 191 1617 facto
228 1582 360 1616 missas
397 1582 436 1616 111
474 1584 604 1617 senatu
641 1582 816 1617 recitavit
846 1585 884 1617 et
915 1583 959 1616 de
992 1582 1193 1617 honoribus
1225 1581 1359 1615 ducum
1390 1584 1430 1616 et

90 1628 267 1675 praemiis
299 1628 458 1663 militum
491 1628 649 1664 rettulit.
699 1629 768 1672 Qui
799 1629 845 1664 M.
873 1629 1035 1663 Antonio
1067 1629 1258 1670 favebant,
1289 1628 1429 1662 bellum

91 1675 301 1711 confectum
332 1685 411 1710 esse
447 1674 599 1710 aiebant
630 1677 668 1710 et
698 1687 789 1720 saga
820 1675 1038 1727 deponenda
1063 1674 1275 1709 censebant.
1331 1674 1429 1717 Quos

92 1725 221 1758 contra
245 1722 293 1757 M.
322 1722 448 1757 Cicero
474 1721 561 1763 hac,
588 1733 682 1766 quae
708 1723 805 1756 infra
830 1721 969 1766 scripta
995 1723 1060 1764 est,
1088 1721 1255 1756 oratione
1280 1721 1328 1756 M
1355 1721 1429 1755 An-

91 1769 234 1805 tonium
259 1771 297 1804 et
321 1768 493 1813 reliquos,
520 1769 583 1812 qui
607 1780 690 1802 cum
716 1779 758 1803 eo
785 1770 918 1811 essent,
944 1769 1069 1802 hostes
1095 1767 1238 1813 patriae
1264 1768 1427 1802 iudican-

93 1817 159 1852 dos
185 1815 377 1851 contendit
403 1818 440 1850 et
465 1815 694 1859 amplissima
719 1826 886 1859 quaeque
911 1815 950 1849 in
976 1815 1086 1849 duces
1112 1816 1150 1849 et
1174 1814 1331 1858 milites,
1366 1814 1430 1858 qui

92 1873 170 1898 rem
194 1862 382 1909 pubIIcam
408 1862 676 1906 defendissent,
703 1862 880 1896 decernit.

184 2073 242 2128 Si,
271 2077 321 2116 ut
353 2089 402 2115 ex
433 2074 604 2128 litteris,
638 2089 744 2128 quae
777 2074 982 2116 recitatae
1014 2077 1126 2128 sunt,
1156 2077 1302 2128 patres
1334 2088 1430 2115 con-

95 2133 263 2187 scripti,
301 2132 729 2174 sceleratissimorum
764 2133 957 2174 hostium
994 2133 1229 2174 exercitum
1261 2146 1431 2173 caesum

93 2191 321 2245 fusumque
366 2191 565 2245 cognovi,
609 2191 670 2232 sic
714 2191 775 2245 id,
820 2190 932 2244 quod
976 2193 1019 2232 et
1063 2204 1208 2231 omnes
1246 2190 1430 2231 maxime

97 2253 295 2304 optamus
328 2252 364 2290 et
389 2263 439 2289 ex
465 2263 513 2290 ea
537 2249 731 2299 victoria,
764 2263 871 2303 quae
896 2251 1022 2302 parta
1047 2251 1123 2301 est,
1156 2251 1431 2290 consecutum

56 2307 374 2362 §arbitramur,
418 2306 468 2348 D.
512 2306 697 2348 Brutum
740 2321 960 2362 egressum
1003 2307 1088 2347 iam
1131 2306 1300 2347 Mutina
1339 2321 1431 2348 esse
