1671 2543
557 98 654 134 CAP.
686 103 820 135 11-13
848 103 866 143 ξ
891 103 1040 134 29—35.
1378 101 1464 140 449

11 210 15 244 1
125 207 269 261 opinio
296 207 390 262 ipsa
416 210 459 248 et
484 206 600 248 fama
623 209 797 248 nostrae
825 207 1067 249 severitatis
1089 208 1242 249 obruet
1268 208 1465 249 scelerati

9 256 12 276 ’
125 266 377 321 gladiatoris
423 266 666 308 amentiam.
741 264 909 307 Sentiet
953 266 1036 308 sibi
1078 266 1242 308 bellum
1286 281 1382 308 cum
1420 281 1464 307 re

124 325 298 379 publica
317 339 409 366 esse
430 327 690 379 susceptum,
708 324 950 378 experietur
967 325 1275 367 consentientis
1290 328 1464 366 senatus

124 398 278 425 nervos
306 386 435 438 atque
460 383 589 438 vires3
614 398 715 424 nam
740 397 852 424 nunc
878 384 1050 437 quidem
1078 384 1268 438 partium
1295 387 1465 425 conten-

90 452 106 477 ⁵
126 443 289 484 tionem
321 457 412 484 esse
445 442 627 484 dictitat.
691 441 881 491 Quarum
911 443 1131 496 partium?
1191 442 1332 484 Alteri
1361 442 1466 484 victi

125 503 241 555 sunt,
279 501 405 542 alteri
444 503 544 542 sunt
580 516 601 543 e
639 501 790 542 mediis
823 499 867 543 C.
900 500 1095 543 Caesaris
1127 501 1343 556 partibus;
1381 501 1466 542 nisi

124 559 236 601 forte
269 559 464 602 Caesaris
496 563 641 614 partes
675 574 699 600 a
730 559 870 601 Pansa
902 563 944 601 et
976 560 1121 602 Hirtio
1149 560 1396 602 consulibus
1423 562 1466 601 et

125 633 150 659 a
191 618 281 660 filio
327 617 372 661 C.
417 617 612 661 Caesaris
657 618 897 674 oppugnari
940 622 1155 673 putamus.
1228 618 1324 661 Hoc
1365 633 1465 661 vero

125 677 287 718 bellum
316 692 405 719 non
435 681 491 719 est
521 692 572 719 ex
603 677 867 719 dissensione
893 678 1095 732 partium,
1128 678 1201 719 sed
1226 692 1277 719 ex
1301 677 1468 719 nefaria

72 747 105 772 ιο
125 750 198 790 spe
238 736 627 790 perditissimorum
666 737 821 777 civium
859 737 1111 789 excitatum,
1157 737 1312 791 quibus
1351 737 1465 778 bona

123 794 405 849 fortunaeque
441 798 614 836 nostrae
645 798 821 836 notatae
854 798 954 837 sunt
986 799 1028 837 et
1059 796 1145 836 iam
1177 796 1230 837 ad
1261 795 1466 849 cuiusque

125 853 372 908 opinionem
402 854 671 895 distributae.
732 853 839 910 Legi
871 854 1100 908 epistulam
1131 854 1305 909 Antoni,
1338 869 1466 909 quam
1480 862 1524 894 33

125 912 176 953 ad
197 913 408 966 quendam
423 913 741 967 septemvirum,
763 913 991 967 capitalem
1004 913 1234 968 hominem,
1255 913 1466 968 collegam

125 985 265 1024 suum,
310 971 497 1012 miserat.
573 971 719 1020 ‘Quid
763 972 1116 1026 concupiscas,
1160 975 1214 1014 tu
1257 972 1467 1025 videris3

72 1040 104 1065 15
126 1030 256 1084 quod
312 1030 680 1084 concupiveris,
737 1033 872 1072 certe
928 1030 1171 1072 habebis.'
1250 1030 1352 1083 Em,
1414 1030 1467 1071 ad

126 1102 253 1142 quem
284 1088 453 1144 legatos
486 1089 721 1142 mittamus,
754 1089 822 1130 cui
853 1090 1016 1130 bellum
1048 1104 1264 1130 moremur
1289 1089 1467 1143 inferre3

125 1147 198 1200 qui
234 1161 287 1188 ne
327 1147 436 1188 sorti
473 1147 644 1201 quidem
680 1147 877 1189 fortunas
907 1150 1078 1189 nostras
1111 1147 1359 1202 destinavit,
1392 1148 1467 1189 sed

124 1205 294 1246 libidini
332 1206 536 1259 cuiusque
573 1220 652 1247 nos
690 1206 753 1246 ita
791 1207 970 1259 addixit,
1007 1209 1056 1247 ut
1092 1221 1145 1248 ne
1179 1207 1261 1247 sibi
1295 1206 1467 1260 quidem

125 1264 353 1318 quicquam
391 1264 625 1320 integrum,
665 1265 777 1318 quod
810 1279 897 1307 non
927 1265 1054 1306 alicui
1086 1265 1348 1319 promissum
1379 1265 1466 1306 iam

72 1333 106 1358 20
126 1323 194 1376 sit,
220 1322 453 1377 reliquerit.
509 1322 618 1365 Cum
643 1323 736 1377 hoc,
761 1326 907 1378 patres
935 1324 1177 1378 conscripti,
1204 1324 1329 1377 bello,
1355 1324 1466 1377 bello,

123 1381 309 1435 inquam,
341 1381 643 1423 decertandum
675 1385 751 1437 est,
782 1383 909 1436 idque
942 1382 1188 1436 confestim3
1218 1383 1463 1438 legatorum

123 1440 305 1481 tarditas
337 1441 599 1494 repudianda
630 1443 707 1482 est.
770 1441 1053 1496 Quapropter,
1083 1456 1136 1483 ne
1170 1442 1308 1482 multa
1337 1441 1463 1483 nobis
1478 1449 1524 1481 34

124 1498 280 1540 cotidie
301 1498 562 1540 decernenda
582 1499 680 1553 sint,
707 1501 954 1542 consulibus
974 1502 1114 1541 totam
1133 1515 1225 1541 rem
1244 1500 1465 1554 publicam

125 1556 505 1598 commendandam
544 1572 693 1599 censeo
728 1559 864 1613 iisque
896 1559 1250 1613 permittendum,
1292 1563 1342 1600 ut
1373 1573 1464 1600 rem

72 1624 106 1651 25
124 1614 343 1669 publicam
369 1615 597 1657 defendant
621 1617 967 1671 provideantque,
992 1632 1045 1658 ne
1073 1617 1174 1670 quid
1200 1631 1268 1658 res
1291 1617 1466 1670 publica

125 1673 373 1714 detrimenti
405 1673 605 1727 accipiat,
638 1689 886 1728 censeoque,
917 1678 966 1716 ut
998 1676 1062 1729 iis,
1096 1675 1168 1728 qui
1199 1675 1244 1715 in
1276 1676 1465 1717 exercitu

118 1731 181 1775 M.
212 1731 376 1773 Antoni
403 1735 513 1785 sunt,
544 1747 596 1773 ne
623 1733 681 1773 sit
706 1748 754 1774 ea
780 1748 846 1774 res
873 1733 1026 1786 fraudi,
1058 1733 1094 1774 si
1121 1736 1219 1774 ante
1245 1732 1462 1775 Kalendas

124 1789 382 1832 Februarias
427 1791 479 1831 ab
525 1805 574 1832 eo
613 1791 897 1833 discesserint.
965 1790 1084 1833 Haec
1122 1792 1158 1832 si
1197 1792 1463 1846 censueritis,

124 1851 269 1902 patres
320 1849 570 1902 conscripti,
619 1849 739 1890 brevi
782 1853 974 1903 tempore
1016 1850 1265 1891 libertatem
1314 1851 1464 1905 populi

72 1917 107 1942 3⁰
126 1906 309 1948 Romani
360 1907 744 1962 auctoritatemque
788 1911 975 1949 vestram
1018 1908 1341 1962 recuperabitis.
1417 1907 1464 1951 Si

126 1968 270 2006 autem
300 1965 437 2006 lenius
470 1967 619 2020 agetis,
652 1970 795 2007 tamen
826 1967 984 2019 eadem,
1016 1967 1089 2008 sed
1114 1967 1299 2008 fortasse
1326 1967 1463 2009 serius

124 2023 373 2065 decernetis.
445 2023 511 2065 De
555 2039 599 2065 re
642 2025 831 2079 publica,
881 2025 1020 2079 quoad
1063 2025 1312 2079 rettulistis,
1356 2026 1463 2068 satis

125 2082 362 2123 decrevisse
393 2082 551 2124 videor.

213 2140 364 2182 Altera
401 2154 468 2181 res
505 2143 572 2182 est
609 2141 659 2182 de
696 2141 950 2195 honoribus,
988 2142 1038 2183 de
1074 2142 1229 2207 quibus
1261 2141 1461 2197 deinceps
1480 2127 1533 2169 13

73 2208 106 2234 3⁵
125 2198 331 2254 intellego
370 2213 460 2240 esse
498 2199 732 2241 dicendum.
790 2198 871 2241 Sed
910 2200 982 2254 qui
1020 2200 1123 2242 ordo
1155 2200 1200 2241 in
1234 2187 1520 2243 sententiis35

126 2258 326 2312 rogandis
354 2257 514 2298 servari
541 2258 661 2307 solet,
693 2258 872 2299 eundem
897 2258 1090 2300 tenebo
1078 2273 1123 2299 m
1147 2258 1251 2300 viris
1273 2258 1461 2302 fortibus

126 2315 398 2357 honorandis.
458 2316 497 2357 A
529 2316 665 2357 Bruto
703 2316 838 2371 igitur
877 2316 1048 2358 consule
1086 2316 1312 2372 designato
1344 2332 1462 2360 more

196 2388 267 2415 010.
286 2391 327 2416 H.
347 2391 371 2416 3.
1205 2390 1248 2421 29
