1671 2543
525 83 627 120 CAP.
656 89 793 120 13—-15
819 89 838 128 ς
866 89 1016 121 30—35.
1381 88 1437 130 95

104 192 178 247 qui
216 192 416 248 obiurget
452 191 676 234 mulierem
706 195 750 235 et
780 208 858 247 pro
890 209 957 235 me
988 194 1209 249 loquatur,
1245 208 1300 237 ne
1331 195 1437 236 mihi

102 254 189 293 ista
236 250 348 292 forte
398 253 655 292 suscenseat.
727 251 903 293 Existat
947 252 1083 308 igitur
1126 268 1177 295 ex
1219 253 1300 295 hac
1342 253 1438 308 ipsa

103 309 268 351 familia
306 309 462 364 aliquis
500 324 548 351 ac
581 309 858 364 potissimum
890 310 1051 353 Caecus
1082 311 1174 366 ille3
1211 312 1437 353 minimum

105 369 218 410 enim
261 368 452 409 dolorem
496 368 654 422 capiet,
698 369 771 423 qui
814 369 945 411 istam
985 384 1073 412 non
1109 370 1284 412 videbit.
1354 370 1437 420 Qui
1449 377 1522 421 (34)

67 438 85 464 5
103 426 309 482 profecto,
335 427 372 468 si
398 427 601 481 extiterit,
629 427 691 469 sic
717 430 817 482 aget
843 442 892 470 ac
918 428 979 470 sic
1003 428 1223 483 loquetur:
1256 428 1438 483 ‘Mulier,

105 486 206 541 quid
236 485 318 526 tibi
344 500 441 527 cum
467 484 625 538 Caelio,
657 486 759 540 quid
785 501 881 528 cum
906 487 1079 528 homine
1106 488 1438 541 adulescentulo,

104 544 205 598 quid
236 558 333 585 cum
364 543 532 585 alieno?
594 543 680 586 Cur
712 548 786 586 aut
811 548 901 586 tam
926 545 1151 587 familiaris
1177 547 1276 588 huic
1302 546 1437 600 fuisti,

102 605 152 644 ut
183 616 334 643 aurum
366 603 671 657 commodares,
703 606 779 644 aut
810 607 900 645 tam
931 604 1116 659 inimica,
1148 608 1196 647 ut
1227 619 1435 647 venenum

103 661 307 702 timeres?
373 659 474 702 Non
509 664 678 715 patrem
715 664 837 704 tuum
875 663 1059 718 videras,
1098 678 1185 705 non
1222 666 1437 718 patruum,

50 731 84 757 10
102 734 190 762 non
219 733 357 773 avum,
387 733 607 774 proavum,
639 723 813 762 atavum
845 721 1038 763 audieras
1066 722 1260 764 consules
1286 722 1437 777 fuisse3

102 793 189 820 non
214 778 393 832 denique
419 779 545 819 modo
572 782 614 819 te
640 779 688 828 Q.
708 779 874 821 Metelli
900 780 1224 822 matrimonium
1248 781 1436 822 tenuisse
1454 790 1500 821 34

103 837 279 891 sciebas,
311 836 539 878 clarissimi
571 852 621 878 ac
651 837 881 879 fortissimi
912 839 994 879 viri
1020 839 1268 893 patriaeque
1296 853 1437 880 aman-

103 895 279 949 tissimi,
317 895 390 949 qui
428 895 557 937 simul
589 910 638 937 ac
669 897 819 950 pedem
850 897 997 938 limine
1030 898 1259 951 extulerat,
1298 898 1436 939 omnis

102 968 235 1009 prope
261 953 365 994 civis
390 953 563 1008 virtute,
595 955 744 1009 gloria,
776 955 986 1010 dignitate
1014 957 1273 1010 superabat?
1329 955 1438 999 Cum

51 1022 85 1049 15
105 1027 155 1053 ex
198 1012 463 1067 amplissimo
508 1026 661 1067 genere
706 1013 750 1054 in
792 1013 1002 1055 familiam
1040 1015 1325 1056 clarissimam
1364 1030 1437 1055 nu-

102 1071 275 1125 psisses,
300 1085 375 1112 cur
399 1071 481 1112 tibi
502 1070 672 1112 Caelius
696 1074 786 1113 tam
806 1073 1058 1114 coniunctus
1077 1073 1189 1114 fuit?
1216 1076 1438 1128 cognatUS,

104 1129 267 1182 adfinis,
293 1129 374 1170 viri
400 1129 465 1170 tui
490 1129 745 1171 familiaris?
801 1130 923 1172 Nihil
949 1146 1108 1172 eorum.
1167 1131 1277 1181 Quid
1303 1132 1438 1187 igitur

102 1187 186 1228 fuit
215 1187 299 1228 nisi
332 1188 539 1242 quaedam
571 1189 792 1230 temeritas
825 1204 874 1231 ac
904 1190 1067 1231 libido?
1129 1189 1283 1232 Nonne
1313 1194 1368 1244 te,
1400 1190 1438 1231 si

102 1248 276 1288 nostrae
313 1246 523 1301 imagines
562 1247 706 1288 viriles
742 1262 830 1289 non
867 1249 1212 1303 commovebant,
1251 1263 1305 1290 ne
1342 1263 1438 1303 pro-

51 1316 85 1341 20
104 1304 248 1360 genies
276 1305 447 1358 quidem
474 1320 579 1359 mea,
607 1305 654 1355 Q.
681 1306 756 1347 illa
783 1305 972 1361 Claudia,
999 1307 1211 1348 aemulam
1237 1308 1437 1349 domesti-

104 1378 176 1405 cae
219 1363 356 1404 laudis
400 1364 446 1404 in
485 1364 625 1419 gloria
661 1365 861 1406 muliebri
901 1380 993 1407 esse
1032 1366 1308 1420 admonebat,
1349 1381 1438 1407 non

103 1422 224 1477 virgo
268 1422 343 1462 illa
385 1422 575 1464 Vestalis
614 1422 808 1478 Claudia,
852 1438 959 1478 quae
1002 1426 1171 1479 patrem
1215 1425 1437 1479 complexa

104 1480 441 1534 triumphantem
491 1481 543 1522 ab
592 1481 766 1523 inimico
814 1483 987 1524 tribuno
1030 1483 1171 1537 plebei
1215 1483 1266 1524 de
1311 1497 1437 1525 curru

105 1538 272 1579 detrahi
305 1553 432 1592 passa
467 1554 555 1581 non
585 1541 680 1581 est‘?
742 1539 829 1582 Cur
859 1544 902 1582 te
934 1540 1124 1582 fraterna
1154 1541 1262 1582 vitia
1291 1542 1436 1596 potius

51 1607 86 1633 25
106 1611 234 1651 quam
269 1597 384 1638 bona
418 1600 600 1651 paterna
637 1601 680 1639 et
717 1599 834 1640 avita
870 1602 913 1640 et
950 1614 1085 1653 usque
1124 1614 1150 1640 a
1180 1600 1307 1641 nobis
1340 1615 1437 1641 cum

103 1655 149 1697 in
190 1655 311 1708 viris,
354 1658 447 1696 tum
490 1656 621 1697 etiam
664 1657 710 1698 in
748 1657 919 1698 feminis
958 1658 1144 1712 repetita
1181 1660 1436 1700 moverunt?

102 1713 258 1755 Ideone
308 1726 388 1768 ego
436 1729 585 1768 pacem
628 1714 784 1769 Pyrrhi
833 1716 1002 1769 diremi,
1050 1718 1100 1757 ut
1149 1718 1197 1758 tu
1241 1731 1437 1758 amorum

103 1772 453 1825 turpissimorum
503 1773 657 1814 cotidie
706 1773 879 1815 foedera
926 1773 1093 1827 ferires,
1141 1774 1236 1815 ideo
1281 1789 1437 1829 aquam

105 1831 277 1884 adduxi,
316 1832 364 1871 ut
403 1845 452 1871 ea
488 1833 536 1872 tu
573 1831 733 1873 inceste
768 1835 954 1886 uterere,
990 1832 1085 1873 ideo
1117 1832 1232 1873 viam
1262 1834 1437 1887 munivi,

51 1899 86 1925 30
104 1891 154 1930 ut
185 1903 279 1930 eam
310 1891 358 1929 tu
390 1889 542 1930 alienis
574 1889 676 1931 viris
708 1891 914 1931 comitata
945 1890 1225 1932 celebrares?'

194 1945 276 1988 Sed
303 1947 404 2001 quid
430 1961 521 2002 ego,
553 1947 724 2001 iudices,
750 1948 812 1989 ita
837 1962 1012 2003 gravem
1030 1963 1258 2003 personam
1277 1949 1436 2005 induxi,
1453 1939 1507 1982 15

104 2007 154 2046 ut
192 2006 270 2057 [et]
302 2020 466 2059 verear,
502 2020 555 2047 ne
589 2020 632 2047 se
664 2006 775 2047 idem
807 2006 975 2061 Appius
1007 2010 1182 2061 repente
1214 2011 1436 2050 convertat
1451 2000 1495 2031 35

106 2066 149 2104 et
183 2062 375 2105 Caelium
412 2064 592 2118 incipiat
630 2079 828 2106 accusare
866 2066 942 2106 illa
979 2080 1056 2107 sua
1093 2066 1306 2120 gravitate
1345 2081 1437 2109 cen-

106 2121 248 2163 soria?
311 2121 393 2164 Sed
427 2123 571 2164 videro
603 2123 685 2165 hoc
715 2123 948 2178 posterius,
986 2126 1114 2177 atque
1147 2124 1226 2179 ita,
1263 2125 1437 2179 iudices,

52 2190 86 2215 8⁵
106 2182 155 2221 ut
187 2180 252 2221 vel
284 2181 565 2222 severissimis
598 2182 957 2236 disceptatoribus
983 2182 1040 2223 M.
1067 2182 1184 2224 Caeli
1208 2183 1344 2225 vitam
1369 2199 1436 2225 me

105 2239 389 2292 probaturum
409 2254 501 2281 esse
523 2240 744 2281 confidam.
793 2240 858 2281 Tu
876 2255 989 2294 vero,
1012 2241 1177 2295 mulier,
1198 2240 1303 2296 (iam
1323 2243 1437 2284 enim

106 2296 197 2350 ipse
241 2299 383 2338 tecum
424 2298 544 2339 nulla
585 2313 768 2352 persona
807 2298 1054 2340 introducta
1089 2298 1262 2355 loquor)
1301 2301 1338 2342 si
1376 2315 1436 2355 ea,
