1671 2543
200 112 282 154 138
450 111 545 147 PRO
572 111 609 147 L.
638 109 878 146 CORNELIO
904 110 1060 146 BALBO
1086 109 1276 146 ORATIO.

198 219 446 275 integritas,
491 234 546 261 an
589 218 741 273 religio
782 218 828 259 in
865 233 932 273 eo,
977 233 1032 260 an
1069 217 1295 273 diligentia
1330 231 1538 271 umquam

198 279 408 333 requisita
439 279 533 320 est‘?
597 277 734 326 Quem
765 277 1010 332 provinciae
1037 279 1225 331 nostrae,
1258 290 1385 331 quem
1409 275 1536 318 liberi

197 337 365 392 populi,
404 351 530 391 quem
564 350 705 391 reges,
745 349 872 389 quem
901 335 1080 376 ultimae
1113 338 1263 390 gentes
1296 334 1538 388 castiorem,

199 395 542 447 moderatiorem,
575 394 834 436 sanctiorem
858 408 945 435 non
970 394 1096 435 modo
1123 393 1334 447 viderunt,
1364 393 1438 434 sed
1463 395 1538 434 aut

144 468 186 498 10
202 454 410 509 sperando
448 467 653 507 umquam
691 455 766 493 aut
803 452 991 506 optando
1030 452 1360 507 cogitaverunt?
1426 451 1539 501 Quid
1574 463 1591 488 5

200 514 338 554 dicam
373 513 423 553 de
456 511 745 553 auctoritate?
785 525 893 565 quae
924 514 1048 552 tanta
1079 514 1163 566 est,
1201 513 1364 566 quanta
1393 509 1439 551 in
1468 509 1537 551 his

199 572 334 613 tantis
366 571 602 612 virtutibus
635 584 683 612 ac
714 570 912 611 laudibus
939 584 1030 611 esse
1057 570 1194 611 debet.
1257 568 1337 611 Cui
1363 571 1538 610 senatus

198 630 468 685 populusque
500 628 721 670 Romanus
760 628 1051 682 amplissimae
1090 628 1316 684 dignitatis
1347 627 1540 682 praemia

200 689 317 730 dedit
358 702 445 729 non
484 687 743 742 postulanti,
786 687 967 741 imperia
1002 701 1103 728 vero
1142 687 1274 728 etiam
1310 686 1539 741 recusanti,

200 747 327 788 huius
372 747 421 787 de
464 746 598 799 facto,
647 745 826 799 iudices,
874 745 938 787 ita
982 745 1146 800 quaeri,
1193 748 1242 787 ut
1285 745 1329 786 id
1372 747 1538 799 agatur,
1560 757 1593 782 ιο

200 805 426 847 licueritne
464 805 503 845 ei
540 804 698 858 facere,
737 804 851 858 quod
887 804 1009 858 fecit,
1047 819 1102 845 an
1138 818 1239 845 vero
1282 818 1370 845 non
1401 804 1540 844 dicam

200 879 285 905 non
317 863 499 917 licuerit,
535 863 607 904 sed
638 862 760 904 nefas
791 863 923 904 fuerit
956 861 1126 917 (contra
1157 862 1307 904 foedus
1340 862 1467 916 enim,
1497 862 1541 903 id

201 925 268 964 est
299 925 449 964 contra
479 922 629 976 populi
655 921 840 963 Romani
869 921 1123 976 religionem
1149 924 1193 962 et
1217 921 1358 974 fidem,
1388 920 1541 962 fecisse

202 980 394 1036 dicitur),
431 995 519 1022 non
557 984 682 1035 turpe
720 980 880 1035 populo
919 980 1135 1034 Romano,
1170 980 1349 1032 non[ne]
1387 979 1540 1021 vobis?

202 1040 360 1081 Audivi
396 1039 479 1081 hoc
514 1039 564 1080 de
601 1042 778 1093 parente
804 1053 911 1089 *meo
949 1053 1073 1093 puer,
1117 1053 1213 1080 cum
1252 1038 1300 1087 Q.
1338 1037 1540 1079 Metellus
1562 1051 1595 1077 15

201 1098 248 1140 L.
280 1098 308 1140 f.
347 1112 519 1140 causam
557 1098 608 1139 de
644 1097 836 1152 pecuniis
868 1097 1116 1152 repetundis
1148 1098 1325 1151 diceret,
1360 1097 1433 1138 ille
1465 1096 1542 1151 vir,

201 1157 269 1198 cui
306 1157 473 1211 patriae
512 1157 626 1197 salus
665 1156 830 1197 dulcior
869 1171 996 1210 quam
1034 1158 1288 1210 conspectus
1322 1155 1424 1210 fuit,
1469 1155 1543 1209 qui

201 1216 251 1257 de
284 1216 459 1257 civitate
492 1215 691 1256 decedere
725 1229 853 1280 quam
882 1215 932 1255 de
959 1215 1174 1255 sententia
1199 1214 1353 1255 maluit
1377 1238 1436 1243 —
1460 1213 1543 1255 hoc

201 1274 337 1329 igitur
351 1288 524 1315 causam
538 1274 704 1314 dicente
720 1288 816 1314 cum
829 1273 964 1327 ipsius
979 1273 1151 1314 tabulae
1167 1272 1543 1314 circumferrentur

201 1332 457 1387 inspiciendi
484 1332 671 1373 nominis
699 1346 838 1385 causa,
869 1331 1002 1372 fuisse
1028 1331 1211 1373 iudicem
1238 1345 1289 1371 ex
1313 1331 1401 1371 illis
1428 1330 1543 1384 equi—
1563 1344 1597 1370 20

202 1391 319 1432 tibus
345 1390 552 1431 Romanis
582 1390 849 1445 gravissimis
881 1390 985 1431 viris
1016 1389 1242 1444 neminem,
1274 1389 1378 1443 quin
1409 1403 1544 1430 remo-

202 1452 321 1490 veret
366 1449 512 1490 oculos
550 1453 587 1490 et
622 1463 666 1490 se
705 1451 848 1490 totum
889 1450 1119 1502 averteret,
1162 1462 1216 1489 ne
1253 1447 1385 1500 forte,
1430 1447 1544 1501 quod

202 1508 276 1549 ille
301 1507 347 1548 in
372 1507 541 1548 tabulas
567 1507 762 1561 publicas
786 1507 1038 1560 rettulisset,
1063 1506 1283 1548 dubitasse
1305 1506 1544 1560 quisquam,

202 1580 405 1607 verumne
438 1580 493 1606 an
523 1565 681 1607 falsum
713 1569 844 1619 esset,
875 1566 1112 1619 videretur3
1145 1579 1224 1606 nos
1258 1564 1332 1607 Cn.
1365 1564 1544 1618 Pompei

203 1625 421 1666 decretum
449 1624 688 1676 [iudicium]
717 1624 767 1665 de
792 1624 960 1665 consilii
981 1623 1197 1665 sententia
1215 1623 1544 1678 pronuntiatum
1563 1637 1598 1663 25

203 1696 577 1738 recognoscemus,
616 1697 712 1724 cum
749 1682 918 1737 legibus
955 1682 1240 1736 conferemus,
1279 1696 1375 1723 cum
1406 1681 1544 1722 foede-

203 1742 344 1796 ribus,
398 1742 541 1783 omnia
596 1741 873 1782 acerbissima
928 1741 1155 1796 diligentia
1203 1739 1544 1795 perpendemus?

146 1807 188 1838 12
204 1799 389 1841 Athenis
423 1800 544 1841 aiunt
576 1815 672 1841 cum
705 1800 889 1854 quidam,
921 1800 1033 1854 apud
1065 1814 1138 1841 eos
1171 1799 1244 1854 qui
1276 1801 1422 1840 sancte
1451 1811 1545 1853 gra-

203 1859 398 1913 viterque
430 1858 626 1913 vixisset,
662 1858 959 1900 testimonium
990 1858 1162 1912 publice
1194 1857 1373 1899 dixisset
1404 1859 1464 1911 et,
1495 1858 1546 1898 ut

203 1931 296 1958 mos
330 1916 593 1959 Graecorum
624 1920 706 1971 est,
741 1917 909 1958 iurandi
941 1931 1069 1958 causa
1101 1916 1153 1958 ad
1186 1930 1281 1957 aras
1313 1915 1545 1969 accederet,
1564 1931 1599 1956 30

203 1990 288 2016 una
331 1990 433 2017 voce
479 1990 625 2017 omnes
666 1975 844 2030 iudices,
886 1990 939 2017 ne
977 1976 1014 2017 is
1054 1975 1234 2028 iuraret,
1277 1974 1544 2015 reclamasse.

205 2033 313 2075 Cum
351 2033 503 2075 Graeci
538 2033 734 2076 homines
768 2034 952 2088 spectati
983 2034 1065 2075 viri
1093 2032 1311 2075 noluerint
1336 2032 1545 2086 religione

204 2092 337 2133 videri
380 2093 527 2146 potius
572 2107 701 2147 quam
741 2093 921 2134 veritate
959 2092 1088 2133 fidem
1124 2105 1216 2133 esse
1254 2090 1546 2143 constrictam,

204 2164 300 2203 nos,
344 2150 476 2192 etiam
518 2151 564 2192 in
603 2151 698 2204 ipsa
735 2151 943 2205 religione
981 2153 1025 2191 et
1061 2150 1208 2205 legum
1244 2151 1289 2190 et
1324 2148 1547 2190 foederum

207 2209 495 2250 conservanda
525 2209 664 2263 qualis
689 2208 821 2250 fuerit
847 2208 921 2251 Gn.
948 2209 1191 2262 Pompeius,
1222 2206 1546 2248 dubitabimus?
1565 2223 1599 2248 35

150 2272 191 2302 13
208 2264 365 2307 Utrum
396 2267 510 2308 enim
542 2268 749 2309 scientem
779 2267 912 2309 vultis
942 2270 1094 2309 contra
1118 2266 1290 2308 foedera
1313 2264 1466 2306 fecisse
1492 2279 1548 2306 an

206 2323 488 2366 inscientem?
553 2324 598 2367 Si
631 2325 855 2377 scientem,
888 2340 912 2367 o
943 2340 1100 2366 nomen
1129 2323 1270 2366 nostri
1300 2323 1488 2377 imperii!
1521 2337 1546 2365 o

160 1016 186 1057 5

145 1076 184 1107 11
