1671 2543
513 79 612 115 CAP.
641 83 779 115 36--39
810 82 829 121 ς
856 82 1008 114 89—93.
1346 76 1431 117 239

90 190 150 231 tis
177 188 388 243 cupiditas
415 202 511 230 mea
536 187 704 242 turpior
728 187 884 229 fuisset
909 201 1006 228 cum
1024 186 1211 241 pernicie
1232 184 1433 227 civitatis.

180 247 295 289 Nam
327 247 440 301 quod
470 249 513 288 te
540 260 631 288 esse
656 246 703 287 in
727 260 772 287 re
797 245 971 300 publica
996 245 1180 287 liberum
1207 259 1251 286 es
1277 243 1490 299 gloria-91

92 310 182 360 tus,
219 306 262 347 id
299 319 379 361 ego
418 308 462 347 et
491 304 632 347 fateor
669 307 712 346 et
749 304 889 346 laetor
923 307 967 346 et
998 304 1079 346 tibi
1112 303 1244 345 etiam
1275 303 1321 344 in
1350 302 1433 344 hoc

95 365 309 421 gratulor3
335 364 448 418 quod
473 378 540 405 me
567 366 712 405 autem
733 363 916 418 negasti,
940 363 987 404 in
1007 377 1055 405 eo
1075 376 1213 417 neque
1233 364 1276 402 te
1294 375 1433 415 neque

58 435 75 461 5
97 438 356 479 quemquam
381 423 542 464 diutius
567 422 710 477 patiar
736 436 889 463 errare.
937 420 1064 476 Nam,
1090 421 1126 463 si
1153 420 1247 475 quis
1274 420 1432 462 idcirco
1448 417 1504 458 38

94 482 256 537 aliquid
288 481 338 523 de
370 481 573 522 libertate
605 495 699 522 mea
731 480 1000 522 deminutum
1030 482 1169 534 putat,
1202 479 1317 533 quod
1346 493 1434 520 non

93 542 146 583 ab
174 540 372 582 omnibus
399 540 569 594 eisdem,
596 554 621 581 a
647 539 802 594 quibus
829 542 956 581 antea
982 539 1135 581 solitus
1157 553 1252 580 sum
1272 537 1433 579 dissen-

93 600 188 654 tire,
223 598 490 653 dissentiam,
520 599 721 653 primum,
752 598 789 640 si
820 599 927 640 bene
959 598 1009 639 de
1042 613 1110 639 me
1141 596 1308 638 meritis
1340 610 1434 651 gra-

92 661 188 700 tum
207 672 274 699 me
291 657 487 712 praebeo,
506 671 594 699 non
612 671 762 699 recuso
782 657 998 699 incurrere
1012 657 1058 698 in
1072 656 1233 698 crimen
1244 655 1433 697 hominis

44 729 76 754 10
93 717 275 759 nimium
294 716 498 758 memoris
516 716 783 770 nimiumque
804 715 936 771 grati3
957 715 1024 757 sin
1044 718 1188 757 autem
1205 714 1432 768 aliquando

95 776 185 818 sine
204 775 293 817 ullo
313 775 376 816 rei
395 774 593 830 publicae
613 775 872 816 detrimento
893 774 1076 828 respicio
1098 774 1230 815 etiam
1250 773 1434 814 salutem

95 849 193 877 cum
229 848 387 888 meam,
425 836 519 875 tum
551 848 763 887 meorum,
801 835 914 875 certe
946 847 1033 875 non
1063 833 1190 874 modo
1221 846 1309 873 non
1340 846 1435 872 sum

94 892 486 948 reprehendendus,
519 892 593 934 sed
624 892 767 946 etiam,
800 891 837 933 si
868 906 989 933 ruere
1021 891 1187 945 vellem,
1218 890 1322 932 boni
1353 890 1435 931 viri

95 967 175 1006 me,
205 954 255 993 ut
285 951 330 992 id
362 965 414 992 ne
439 951 637 1004 facerem,
668 949 890 1006 rogarent3
915 965 982 992 res
1006 964 1105 992 vero
1131 950 1226 1004 ipsa
1250 948 1434 1004 publica,
1450 959 1493 990 92

43 1021 77 1048 15
98 1011 135 1053 si
158 1010 279 1064 loqui
304 1012 464 1064 posset,
491 1012 639 1065 ageret
665 1024 843 1064 mecum,
868 1012 928 1063 ut,
956 1009 1158 1063 quoniam
1182 1008 1264 1050 sibi
1286 1007 1436 1049 servis-

97 1084 189 1111 sem
228 1083 413 1123 semper,
449 1083 685 1123 numquam
722 1068 846 1123 mihi,
883 1067 1048 1109 fructus
1084 1070 1229 1108 autem
1261 1081 1311 1108 ex
1343 1081 1435 1108 sese

95 1143 195 1182 non,
228 1130 275 1169 ut
302 1127 580 1181 oportuisset,
610 1127 749 1168 laetos
776 1129 819 1168 et
842 1127 1008 1180 uberes,
1040 1126 1114 1167 secl
1140 1139 1298 1181 magna
1324 1139 1436 1166 acer-

96 1187 234 1228 bitate
265 1186 503 1240 permixtos
533 1186 742 1239 tulissem,
773 1187 823 1227 ut
847 1185 934 1226 iam
959 1185 1066 1227 mihi
1093 1184 1308 1237 servirem,
1341 1198 1437 1225 eon-

98 1245 283 1287 sulerem
319 1245 446 1300 meis;
482 1258 527 1286 se
564 1259 652 1286 non
688 1244 815 1285 modo
855 1244 961 1285 satis
993 1243 1151 1285 habere
1184 1258 1210 1284 a
1240 1257 1325 1296 me,
1363 1243 1434 1284 sed

45 1316 79 1340 20
99 1304 231 1346 etiam
264 1303 419 1356 vereri,
455 1318 508 1345 ne
539 1317 692 1357 parum
724 1302 831 1344 mihi
862 1317 939 1357 pro
973 1317 1040 1356 eo,
1073 1304 1282 1356 quantum
1314 1315 1339 1342 a
1370 1316 1436 1342 me

96 1363 288 1417 haberet,
313 1361 580 1403 reddidisset.
636 1361 776 1410 Quid?
809 1361 846 1402 81
869 1361 1025 1403 horum
1051 1374 1131 1416 ego
1156 1360 1265 1402 nihil
1293 1360 1436 1415 cogito
1452 1369 1496 1400 93

99 1424 142 1463 et
173 1421 286 1462 idem
318 1435 413 1462 sum
444 1421 490 1462 in
520 1435 565 1462 re
596 1420 787 1475 publica,
819 1419 892 1474 qui
923 1419 988 1460 fui
1019 1433 1206 1473 semper,
1237 1422 1438 1460 tamenne

98 1480 348 1521 libertatem
384 1479 575 1533 requires
614 1479 782 1520 meam?
822 1493 950 1532 quam
981 1480 1030 1519 tu
1060 1478 1186 1532 ponis
1218 1477 1264 1518 in
1295 1492 1364 1531 eo,
1402 1478 1438 1518 si

102 1552 269 1592 semper
312 1552 408 1580 611111
450 1538 522 1591 118,
566 1538 821 1592 quibuscum
860 1537 1089 1591 aliquando
1129 1536 1439 1589 contendimus,

47 1607 82 1633 25
101 1597 406 1651 depugnemus.
451 1595 575 1645 Quod
600 1598 667 1638 est
685 1596 813 1651 longe
834 1610 967 1637 secus.
1011 1594 1135 1636 Stare
1156 1594 1270 1636 enim
1291 1608 1438 1635 omnes

103 1656 306 1697 debemus
343 1657 566 1708 tamquam
602 1654 648 1695 in
687 1655 789 1696 orbe
828 1654 971 1708 aliquo
1010 1653 1072 1694 rei
1108 1653 1324 1707 publicae,
1365 1652 1438 1705 qui

104 1713 307 1768 quoniam
338 1715 546 1766 versatur,
578 1727 672 1754 eam
703 1712 889 1767 deligere
915 1714 1095 1766 partem,
1127 1711 1179 1752 ad
1206 1725 1335 1765 quam
1359 1725 1439 1751 nos

102 1772 220 1813 illius
251 1771 419 1812 utilitas
452 1771 653 1824 salusque
686 1771 956 1812 converterit.

192 1830 288 1885 Ego
336 1832 480 1870 autem
525 1828 599 1871 Cn.
642 1828 895 1883 Pompeium
938 1842 1025 1869 non
1069 1827 1162 1869 dico
1207 1829 1439 1881 auctorem,
1454 1822 1509 1864 39

51 1901 85 1926 30
105 1889 274 1942 ducem,
312 1887 577 1929 defensorem
615 1887 767 1928 salutis
799 1901 918 1928 meae
951 1885 1069 1942 (nam
1099 1886 1205 1927 haec
1236 1885 1440 1939 privatim

103 1947 289 1989 fortasse
329 1946 569 1988 officiorum
606 1945 858 1987 memoriam
895 1947 938 1986 et
976 1944 1163 2000 gratiam
1198 1941 1440 1998 quaerunt),

105 2007 180 2048 sed
210 2006 304 2047 dieo
335 2005 435 2059 hoc,
472 2004 584 2059 quod
616 2004 669 2045 ad
701 2004 884 2045 salutem
915 2003 976 2045 rei
1007 2003 1202 2057 publicae
1234 2002 1441 2056 pertinet:

104 2065 201 2120 Ego
235 2079 331 2106 eum
360 2078 449 2105 non
479 2066 613 2117 tuear,
645 2077 771 2116 quem
803 2076 949 2103 omnes
981 2061 1027 2102 in
1057 2076 1102 2102 re
1130 2060 1303 2115 publica
1327 2060 1440 2114 prin-

108 2124 246 2178 cipem
266 2137 357 2164 esse
378 2121 643 2164 concedunt?
678 2121 773 2176 Ego
795 2120 840 2163 O.
862 2120 1056 2163 Caesaris
1075 2119 1272 2160 laudibus
1293 2119 1440 2172 desim,

55 2193 88 2218 35
109 2196 214 2236 quas
245 2181 432 2236 primum
459 2180 608 2235 populi
633 2178 829 2234 Romani,
859 2193 972 2220 nune
998 2178 1129 2220 etiam
1155 2180 1340 2231 senatus,
1373 2179 1440 2218 cui

109 2254 177 2281 me
209 2254 376 2294 semper
403 2239 557 2292 addixi,
587 2238 785 2292 plurimis
812 2240 940 2292 atque
967 2236 1246 2290 amplissimis
1272 2235 1440 2277 iudiciis

108 2298 277 2340 videam
314 2312 406 2340 esse
444 2297 710 2340 celebratas?
777 2297 885 2337 Tum
920 2296 1092 2337 hercule
1130 2309 1197 2336 me
1236 2294 1442 2336 confitear
