1671 2543
567 380 629 426 M.
670 378 858 426 TULLI
896 380 1227 427 CICERONIS

429 512 565 566 PRO
612 511 716 566 CN.
761 511 1058 567 PLANCIO
1104 511 1372 568 ORATIO.

349 756 725 795 ARGUMENTUM
757 755 1121 796 SCHOLIASTAE
1152 757 1444 796 BOBIENSIS.

321 845 374 880 M.
435 845 581 880 Tullius
641 846 840 881 orationem
895 847 1074 881 Iucentam
1128 846 1170 880 L.
1228 845 1391 881 Domitio
1445 847 1570 892 Appio

225 890 383 925 Claudio
418 903 510 926 coss.
550 892 665 927 etiam
697 903 763 937 pro
796 892 866 927 1100
898 891 959 927 Cn.
986 891 1137 928 Plancio
1171 891 1280 936 dixit,
1314 893 1377 936 qui
1406 904 1490 928 reus
1522 893 1569 930 de

226 938 417 973 sodaliciis
448 938 590 983 petitus
622 941 681 974 est
705 940 788 984 lege
814 939 973 982 Licinia,
1006 951 1118 984 quam
1142 939 1191 974 M.
1218 939 1381 974 Licinius
1406 939 1569 985 Crassus,

225 985 379 1030 Pompei
401 985 530 1030 Magni
557 986 714 1031 collega,
741 986 779 1020 in
807 987 1002 1021 consulatu
1028 998 1095 1021 suo
1115 986 1283 1032 pertulit,
1310 989 1352 1021 ut
1380 987 1568 1022 severissi—

224 1044 283 1067 me
317 1035 558 1077 quaereretur
589 1033 628 1067 in
660 1044 721 1068 eos
755 1033 992 1079 candidatos,
1026 1033 1090 1078 qui
1123 1033 1196 1068 sibi
1228 1033 1492 1069 conciliassent
1523 1045 1570 1070 ea

224 1079 463 1124 potissimum
495 1080 541 1115 de
574 1091 704 1123 causa,
744 1083 786 1115 ut
816 1092 883 1125 per
913 1081 998 1116 illos
1029 1081 1230 1126 pecuniam
1260 1081 1462 1116 tribulibus
1495 1081 1567 1116 dis-

224 1127 409 1171 pertirent
442 1138 483 1160 ac
517 1127 589 1161 sibi
619 1129 749 1162 mutuo
782 1128 912 1163 eadem
946 1127 1224 1173 suffragationis
1257 1131 1404 1173 emptae
1429 1129 1570 1173 praesi—

226 1174 289 1208 dia
332 1174 660 1209 communicarent.
725 1174 820 1208 Huic
864 1175 1020 1210 factioni
1065 1175 1289 1210 coercendae
1331 1175 1427 1220 legis
1471 1176 1571 1211 lator

228 1221 381 1256 Crassus
428 1221 660 1255 existimavit
696 1221 812 1256 etiam
849 1233 966 1266 genus
1003 1222 1135 1256 iudicii
1168 1222 1287 1256 multo
1323 1222 1569 1267 periculosius

224 1267 533 1312 comparandum,
567 1270 609 1302 ut
641 1268 741 1312 apud
771 1268 912 1303 iudices
941 1268 1112 1303 editicios
1140 1270 1415 1312 accusarentur,
1447 1269 1487 1303 id
1513 1271 1570 1304 est

224 1317 268 1348 ut
291 1325 358 1359 pro
383 1314 578 1349 voluntate
605 1315 832 1349 accusatoris
858 1316 1056 1350 ederentur
1080 1315 1211 1358 tribua
1239 1326 1283 1350 ex
1303 1316 1437 1360 quibus
1457 1327 1569 1351 unam

224 1364 373 1396 tantum
402 1362 513 1396 modo
545 1361 685 1396 reicere
716 1364 844 1406 posset
874 1373 975 1406 reus,
1008 1363 1053 1397 de
1084 1362 1239 1406 reliquis
1270 1364 1395 1397 autem
1425 1363 1568 1398 iudices

224 1409 453 1442 haberentur
478 1407 608 1452 utique
633 1408 871 1443 infestissimi
896 1420 1046 1443 causam
1072 1409 1293 1451 dicentibus,
1319 1411 1450 1454 utpote
1475 1421 1568 1454 quos

226 1456 420 1489 accusator
446 1455 493 1489 ad
518 1455 751 1490 voluntatem
777 1467 881 1490 suam
905 1456 1152 1501 praelegisset
1172 1456 1315 1491 edendo
1336 1467 1398 1491 eas
1418 1457 1569 1502 potissi·

225 1514 327 1536 mum
357 1502 496 1544 tribus,
529 1513 620 1546 quas
652 1513 715 1537 reo
746 1502 868 1537 minus
901 1514 1040 1547 aequas
1072 1503 1151 1538 fore
1184 1503 1440 1538 arbitraretur.
1497 1504 1570 1539 Sed

231 1549 329 1583 enim
355 1548 417 1583 Cn.
445 1548 599 1583 Plancio
627 1561 769 1584 summa
795 1551 833 1584 et
858 1550 1035 1594 religiosa
1060 1561 1142 1584 cum
1162 1550 1210 1584 M.
1231 1550 1353 1586 Tullio
1373 1550 1568 1586 familiari-

226 1598 283 1631 tas
322 1598 403 1630 erat
439 1595 628 1630 beneficiis
660 1607 734 1631 non
764 1596 1013 1631 mediocribus
1046 1597 1229 1642 copulata.
1284 1597 1383 1632 Nam
1414 1609 1497 1632 cum
1526 1598 1568 1634 P.

226 1642 349 1685 Clodi,
382 1642 524 1676 tribuni
554 1643 673 1688 plebi,
705 1643 849 1678 inimici
881 1644 953 1687 sui,
988 1646 1070 1688 lege
1097 1655 1194 1688 aqua
1226 1645 1264 1678 et
1288 1644 1369 1689 igni
1393 1644 1569 1679 interdic-

225 1692 286 1724 tus
313 1690 403 1724 urbe
430 1689 604 1724 cessisset
629 1692 666 1724 et
691 1690 949 1725 Macedoniam
974 1691 1150 1735 petisset,
1176 1691 1290 1725 nullis
1317 1702 1425 1736 opem
1449 1691 1569 1727 feren-

225 1736 345 1779 tibus,
379 1736 443 1780 qui
470 1737 688 1772 Clodianam
720 1737 929 1782 potentiam
955 1738 1118 1782 graviter
1144 1738 1453 1782 extimescebant,
1485 1750 1569 1784 pro-

226 1784 305 1818 lixa
329 1783 565 1828 benignitate
592 1786 630 1818 et
654 1784 725 1818 fide
751 1796 825 1819 non
849 1785 991 1819 minore
1012 1784 1220 1829 quaestoris
1245 1784 1307 1820 Cn.
1335 1785 1465 1820 Planci
1490 1797 1568 1820 sus-

225 1832 395 1865 tentatus
439 1833 506 1865 est.
568 1831 636 1866 Illo
678 1831 815 1876 quippe
862 1843 957 1866 anno
1002 1831 1069 1866 sub
1111 1831 1149 1867 L.
1194 1831 1352 1876 Apuleio
1395 1834 1568 1877 praetore

228 1880 429 1921 quaestura
473 1878 647 1912 Plancius
691 1878 730 1912 in
772 1878 992 1922 Macedonia
1034 1878 1272 1923 fungebatur.
1338 1878 1411 1913 Diu
1452 1879 1570 1924 igitur

227 1924 514 1959 Thessalonicae
551 1925 624 1959 fuit
656 1925 795 1960 auxilio
829 1925 907 1960 eius
942 1926 988 1960 ab
1021 1926 1121 1960 omni
1151 1925 1316 1970 periculo
1347 1925 1570 1961 insidiarum

228 1971 355 2006 Cicero
389 1972 574 2007 defensus.
625 1971 720 2006 Dein
751 1974 884 2016 postea
914 1972 1111 2007 restitutus
1142 1973 1240 2007 inter
1264 1975 1406 2008 ceteros
1431 1975 1470 2007 et
1494 1973 1569 2018 ipsi

227 2018 370 2062 gratias
416 2018 495 2063 egit
537 2018 584 2052 iis
630 2019 879 2062 orationibus,
924 2031 1078 2064 quarum
1113 2019 1269 2054 alteram
1305 2019 1345 2054 in
1383 2019 1566 2064 contione,

229 2067 386 2099 alteram
417 2076 503 2100 vero
536 2065 670 2100 habuit
702 2065 741 2099 in
774 2069 915 2101 senatu.
967 2066 1087 2101 Causa
1116 2066 1257 2111 pendet
1288 2077 1332 2100 ex
1363 2066 1568 2100 aedilitatis

227 2111 428 2155 petitione,
466 2112 505 2146 in
543 2124 616 2156 qua
655 2112 872 2157 designatus
912 2115 969 2147 est
998 2113 1173 2147 Plancius
1209 2113 1396 2158 repulsam
1426 2113 1569 2148 ferente

228 2158 396 2193 Iuventio
417 2159 617 2194 Laterense
643 2159 825 2204 patriciae
850 2160 1028 2203 familiae,
1055 2162 1226 2194 senatore
1250 2170 1324 2193 non
1349 2160 1489 2194 minore
1514 2160 1569 2194 fa-

228 2205 365 2239 cundia
390 2217 501 2249 quam
527 2206 675 2250 generis
700 2206 900 2241 nobilitate
925 2206 1107 2252 praedito,
1134 2206 1199 2250 qui
1217 2217 1313 2240 nunc
1334 2205 1447 2240 etiam
1465 2218 1569 2242 reum

229 2251 275 2285 de
308 2252 498 2286 sodaliciis
530 2253 624 2288 facit
642 2253 826 2288 invidioso
853 2253 1007 2288 crimine
1033 2255 1071 2288 et
1095 2253 1167 2288 reis
1192 2252 1391 2287 metuendo
1417 2256 1571 2299 propter

228 2297 372 2332 iudices
399 2299 588 2344 editicios,
622 2300 668 2335 de
693 2311 850 2344 quorum
876 2299 1093 2335 condicione
1119 2310 1230 2344 supra
1255 2299 1426 2334 diximus.
1465 2301 1570 2336 Prin·
