1671 2543
569 91 669 127 CAP.
697 95 787 127 5-7
817 95 835 135 g
864 95 1011 127 12-18.
1361 92 1448 133 443

103 200 369 254 turbinibus,
400 200 514 242 inter
545 199 725 241 fulmina
762 202 805 241 et
836 200 1030 241 tonitrua
1060 200 1262 253 ferretur,
1294 202 1343 240 ut
1375 214 1448 240 eos

102 259 264 301 iudices
301 259 574 313 haberemus,
613 273 720 313 quos
755 258 950 313 hospites
981 259 1139 300 habere
1170 272 1297 300 nemo
1329 257 1446 298 velit.

105 317 323 360 Scelerum
342 317 607 373 magnitudo,
633 317 896 375 conscientia
915 318 1235 371 maleficiorum,
1262 316 1446 370 direptio

104 377 194 418 eius
231 377 454 431 pecuniae,
493 376 612 418 cuius
644 376 756 418 ratio
789 376 834 417 in
866 377 967 418 aede
1001 376 1106 430 Opis
1140 375 1335 418 confecta
1367 377 1447 429 est,

67 436 214 477 5hanc
254 435 430 476 tertiam
467 435 683 476 decuriam
721 435 1002 490 excogitavit,
1044 450 1122 476 nec
1160 437 1259 476 ante
1296 437 1445 488 turpes

102 494 262 536 iudices
302 494 503 548 quaesiti,
548 508 676 548 quam
713 494 908 535 honestis
946 494 1159 535 iudicibus
1196 493 1445 534 nocentium

104 553 218 594 salus
251 553 477 607 desperata
509 555 585 594 est.
649 551 731 594 Sed
762 552 868 594 illud
901 567 965 607 os,
997 552 1117 593 illam
1147 552 1445 606 impuritatem
1462 561 1502 591 16

103 612 222 653 caeni
258 611 410 666 fuisse,
447 614 496 653 ut
533 611 612 653 hos
651 611 812 653 iudices
850 612 992 666 legere
1031 612 1223 652 auderet!
1264 624 1447 664 quorum

102 670 287 712 lectione
338 670 494 725 duplex
545 669 866 724 imprimeretur
908 670 971 711 rei
1012 670 1209 724 publicae
1253 669 1447 723 dedecus,

49 741 83 766 ιο
101 744 252 784 unum,
307 730 420 783 quod
476 731 566 770 tam
621 731 769 783 turpes
825 729 984 770 iudices
1034 731 1195 782 essent,
1250 728 1446 781 alterum,

103 788 216 842 quod
247 787 511 842 patefactum
542 788 849 843 cognitumque
882 790 1012 842 esset,
1049 802 1178 842 quam
1210 787 1369 828 multos
1401 786 1446 827 in

102 847 277 888 civitate
338 847 478 901 turpis
538 846 807 888 haberemus.
900 846 1024 888 Hanc
1086 859 1189 901 ergo
1253 848 1297 886 et
1351 844 1446 886 reli-

103 920 208 960 quas
257 905 346 947 eius
396 905 512 947 modi
561 905 698 960 leges,
750 905 920 946 etiamsi
968 905 1057 946 sine
1109 905 1152 946 vi
1203 904 1331 945 salvis
1377 918 1446 944 au-

102 964 248 1019 spiciis
294 967 438 1006 essent
480 966 676 1020 rogatae,
722 978 938 1006 censerem
976 967 1122 1005 tamen
1159 962 1447 1018 abroganda83

52 1034 84 1060 15
103 1038 216 1065 nunc
253 1038 353 1064 vero
392 1037 467 1065 cur
498 1023 768 1078 abrogandas
802 1037 1011 1077 censeam,
1050 1036 1155 1076 quas
1187 1022 1328 1063 iudico
1359 1035 1447 1062 non

100 1081 308 1137 rogatas?

188 1140 259 1182 An
289 1140 365 1181 illa
394 1155 482 1182 non
514 1140 780 1196 gravissimis
807 1139 1056 1195 ignominiis
1084 1138 1445 1193 monimentisque
1462 1148 1505 1179 17

99 1199 226 1241 huius
260 1199 420 1241 ordinis
454 1200 507 1240 ad
536 1199 808 1254 posteritatis
840 1199 1092 1240 memoriam
1119 1201 1220 1239 sunt
1244 1198 1447 1252 notanda,

102 1258 215 1312 quod
252 1272 361 1299 unus
400 1257 456 1299 M.
495 1257 711 1299 Antonius
748 1258 794 1298 in
830 1257 910 1299 hac
947 1257 1052 1298 urbe
1089 1260 1191 1311 post
1229 1256 1447 1298 conditam

48 1332 83 1357 20
101 1317 252 1358 urbem
288 1317 433 1371 palam
471 1331 616 1358 secum
652 1316 854 1357 habuerit
892 1316 1112 1357 armatos?
1157 1315 1271 1370 quod
1308 1329 1446 1369 neque

100 1389 224 1431 reges
265 1376 405 1417 nostri
448 1375 642 1417 fecerunt
683 1389 821 1429 neque
865 1375 914 1429 ii,
959 1375 1032 1429 qui
1070 1374 1245 1430 regibus
1284 1374 1445 1415 exactis

100 1448 282 1489 regnum
325 1449 531 1488 occupare
574 1434 814 1475 voluerunt.
889 1432 1071 1476 Cinnam
1115 1433 1309 1486 memini,
1358 1433 1446 1474 vidi

103 1491 279 1545 Sullam,
312 1493 438 1534 modo
471 1492 716 1547 Caesarem3
747 1492 794 1533 hi
826 1492 940 1534 enim
972 1495 1060 1533 tres
1092 1495 1193 1546 post
1224 1492 1446 1533 civitatem

102 1565 128 1591 a
157 1549 205 1593 L.
235 1550 372 1592 Bruto
409 1551 637 1592 liberatam
676 1551 772 1605 plus
809 1553 1046 1605 potuerunt
1086 1565 1215 1603 quam
1246 1550 1447 1592 universa

48 1624 82 1651 25
102 1623 169 1651 res
207 1609 390 1663 publica.
450 1608 553 1650 Non
588 1624 765 1663 possum
804 1610 1028 1650 adfirmare
1065 1609 1196 1649 nullis
1234 1608 1334 1649 telis
1372 1623 1445 1650 eos

103 1668 287 1722 stipatos
318 1667 469 1721 fuisse,
502 1667 584 1709 hoc
616 1668 726 1709 dico:
763 1682 842 1708 nec
873 1668 1023 1708 multis
1056 1670 1099 1708 et
1131 1667 1323 1708 occultis.
1384 1667 1445 1708 At
1462 1675 1505 1707 18

100 1727 212 1768 hanc
248 1729 414 1780 pestem
450 1739 604 1781 agmen
641 1728 905 1767 armatorum
937 1725 1214 1779 sequebatur,
1258 1724 1447 1780 Cassius,

102 1784 308 1838 Mustela,
345 1784 446 1825 Tiro
485 1784 652 1839 gladios
691 1787 959 1825 ostentantes
999 1784 1064 1825 sui
1098 1783 1259 1824 similes
1292 1797 1446 1838 greges

103 1843 316 1885 ducebant
347 1858 423 1897 per
454 1843 615 1897 forum3
654 1845 818 1884 certum
851 1842 1035 1897 agminis
1067 1842 1210 1883 locum
1241 1843 1447 1883 tenebant

50 1919 84 1944 30
102 1902 277 1943 barbari
309 1901 539 1956 sagittarii.
596 1900 703 1942 Cum
731 1903 875 1941 autem
901 1903 993 1942 erat
1017 1903 1193 1942 ventum
1220 1901 1272 1942 ad
1299 1901 1448 1942 aedem

104 1960 378 2014 Concordiae,
411 1961 569 2015 gradus
603 1959 924 2013 conplebantur,
957 1959 1133 2001 lecticae
1167 1959 1447 2000 conlocaban-

103 2022 192 2069 tur,
234 2033 322 2060 non
360 2032 444 2072 quo
482 2019 555 2059 ille
593 2020 716 2059 scuta
754 2018 922 2059 occulta
959 2032 1050 2059 esse
1088 2018 1235 2072 vellet,
1280 2018 1354 2059 sed
1392 2032 1446 2059 ne

101 2077 355 2130 familiares,
406 2077 443 2118 si
486 2079 608 2118 scuta
650 2076 735 2130 ipsi
776 2076 955 2130 ferrent,
998 2077 1259 2118 laborarent.
1332 2075 1486 2119 Illud7

103 2150 204 2177 vero
231 2135 530 2176 taeterrimum
553 2149 641 2176 non
666 2135 792 2176 modo
820 2137 1008 2189 aspectu,
1034 2135 1107 2176 sed
1133 2135 1264 2175 etiam
1285 2135 1447 2188 auditu,

51 2194 150 2237 asin
181 2194 288 2236 cella
319 2193 581 2236 Concordiae
614 2193 828 2235 conlocari
860 2196 1067 2247 armatos,
1102 2193 1310 2247 latrones,
1342 2193 1447 2235 sica-

105 2252 207 2306 rios,
239 2252 289 2294 de
321 2252 484 2306 templo
518 2266 731 2293 carcerem
761 2252 868 2305 fieri,
901 2252 1062 2306 opertis
1094 2251 1230 2292 valvis
1263 2251 1447 2294 Concor-

105 2310 211 2365 diae,
243 2325 339 2352 cum
370 2311 484 2352 inter
515 2310 720 2352 subsellia
745 2313 919 2351 senatus
944 2313 1217 2352 versarentur
1242 2310 1446 2365 latroneS,
