1671 2543
209 99 295 140 532
386 98 435 134 IN
463 98 510 132 M.
538 97 792 133 AN'TONIUM
819 97 999 133 ORATIO
1026 97 1290 134 PHILIPPICA
1316 99 1393 133 XII.

211 206 395 256 Quinam
427 207 547 248 locus
581 206 803 261 capiet-ur?
866 205 911 247 Si
943 209 1065 248 extra
1097 210 1250 260 castra,
1283 207 1415 248 ceteri
1440 207 1551 249 vide-

212 268 320 321 rint3
352 280 432 321 ego
466 280 532 307 me
559 265 629 307 vix
656 268 797 306 tutum
824 264 1018 306 futurum
1044 268 1161 319 puto.
1223 264 1337 307 Novi
1362 265 1550 308 hominis

209 325 410 379 furorem,
441 324 541 366 novi
575 324 825 365 effrenatam
858 323 1118 365 violentiam.
1180 323 1312 366 Cuius
1338 325 1550 368 acerbitas

210 398 378 426 morum
404 383 721 437 inmanitasque
746 385 925 424 naturae
950 397 1002 424 ne
1029 383 1127 424 vino
1149 383 1319 437 quidem
1339 384 1552 439 permixta

211 442 441 497 temperari
475 442 603 496 solet,
634 441 705 484 hic
736 442 800 483 ira
831 442 1128 497 dementiaque
1160 442 1451 485 inflammatus
1483 443 1552 484 ad·
1588 460 1604 486 ⁵

209 502 351 543 hibito
383 501 518 542 fratre
549 500 701 554 Lucio,
738 501 987 542 taeterrima
1017 501 1162 554 belua,
1193 515 1427 556 numquam
1457 516 1552 556 pro-

211 562 324 602 fecto
358 575 382 601 a
415 574 482 601 me
515 560 747 615 sacrilegas
779 573 930 601 manus
964 563 1091 614 atque
1124 560 1279 615 impias
1305 560 1552 603 abstinebit.

153 622 195 654 27
212 619 390 661 Memini
429 619 645 673 colloquia
682 622 726 660 et
765 633 861 660 cum
899 619 1117 660 acerrimis
1149 619 1348 661 hostibus
1381 623 1424 661 et
1455 633 1552 662 cum

211 678 464 734 gravissime
492 678 798 719 dissidentibus
825 677 1001 719 civibus.
1057 677 1131 720 Cn.
1157 677 1401 733 Pompeius,
1433 677 1552 721 Sexti

211 738 343 791 filius,
382 737 531 779 consul
570 751 636 778 me
674 740 917 791 praesente,
956 751 1053 778 cum
1089 751 1228 778 essem
1266 737 1350 779 tiro
1385 737 1431 779 in
1461 737 1553 779 eius
1573 754 1607 780 ιο

212 796 420 850 exercitu,
472 810 569 838 cum
613 794 660 837 P.
702 795 854 837 Vettio
900 794 1102 850 Scatone,
1152 796 1256 837 duce
1300 795 1555 850 Marsorum,

212 855 325 897 inter
364 855 467 896 bina
497 857 641 896 castra
672 854 910 896 collocutus
943 857 1026 909 est3
1059 869 1142 909 quo
1176 855 1348 909 quidem
1378 855 1555 896 memini

214 913 307 955 Sex.
328 913 594 968 Pompeium,
619 912 807 955 fratrem
825 913 1025 967 consulis,
1052 914 1105 955 ad
1132 913 1394 968 colloquium
1413 914 1555 968 ipsum

212 973 354 1015 Roma
384 973 539 1027 venire,
572 972 746 1014 doctum
778 972 916 1013 virum
949 974 1077 1026 atque
1107 973 1355 1027 sapientem.
1417 972 1555 1022 Quem

213 1047 310 1074 cum
349 1030 478 1073 Scato
524 1031 775 1085 salutasset,
819 1030 971 1080 ‘Quem
1014 1034 1058 1073 te
1102 1030 1357 1086 appellem?
1401 1031 1608 1086 inquitis

211 1091 273 1132 At
320 1091 411 1132 ille:
462 1090 715 1132 ‘Voluntate
764 1090 999 1144 hospitem,
1047 1090 1305 1132 necessitate
1354 1089 1554 1132 hostem.’

212 1149 321 1191 Erat
364 1150 410 1191 in
446 1149 521 1191 illo
561 1148 776 1203 colloquio
815 1149 1028 1203 aequitas3
1064 1149 1209 1190 nullus
1246 1150 1395 1204 timor,
1437 1149 1556 1190 nulla

214 1209 390 1250 suberat
429 1208 634 1263 suspicio,
672 1208 884 1249 mediocre
922 1208 1054 1249 etiam
1093 1208 1248 1250 odium.
1310 1207 1411 1250 Non
1441 1207 1555 1250 enim

212 1270 263 1308 ut
294 1267 508 1321 eriperent
539 1267 665 1308 nobis
694 1267 799 1308 socii
827 1266 1059 1321 civitatem,
1091 1267 1164 1308 sed
1188 1269 1238 1308 ut
1262 1267 1308 1308 in
1334 1281 1428 1308 eam
1453 1266 1555 1308 reci·

212 1330 433 1381 perentur,
472 1326 688 1379 petebant.
751 1324 871 1366 Sulla
909 1340 1005 1367 cum
1044 1324 1243 1379 Scipione
1280 1325 1393 1366 inter
1430 1323 1609 1367 Calesw

213 1387 258 1426 et
289 1384 497 1437 Teanum,
537 1398 632 1425 cum
671 1384 780 1424 alter
817 1384 1061 1425 nobilitatis
1097 1383 1264 1438 florem,
1303 1384 1412 1425 alter
1451 1383 1555 1425 belli

214 1443 354 1485 socios
381 1442 660 1496 adhibuisset,
687 1442 736 1483 de
764 1442 1023 1484 auctoritate
1049 1445 1236 1495 senatus,
1260 1442 1311 1483 de
1339 1441 1555 1498 suffragiis

213 1501 379 1557 populi,
419 1502 469 1542 de
506 1503 598 1542 iure
631 1500 820 1542 civitatis
853 1504 1031 1556 agentes
1063 1501 1176 1542 inter
1208 1515 1252 1542 se
1285 1501 1557 1544 condiciones

216 1561 501 1602 contulerunt.
574 1559 674 1601 Non
724 1560 863 1601 tenuit
913 1560 1086 1602 omnino
1137 1559 1400 1614 colloquium
1448 1559 1557 1601 illud

149 1618 200 1659 12
215 1620 361 1674 fidem,
411 1633 436 1660 a
479 1618 520 1660 vi
565 1622 707 1660 tamen
753 1618 1027 1672 periculoque
1072 1617 1192 1660 afuit.
1266 1618 1610 1661 Possumusnezs

215 1678 350 1734 igitur
393 1678 437 1719 in
481 1677 646 1719 Antoni
691 1677 917 1719 latrocinio
962 1692 1094 1732 aeque
1138 1691 1230 1719 esse
1274 1677 1389 1719 tuti?
1456 1676 1557 1719 Non

216 1751 464 1791 possumus,
509 1740 602 1790 aut,
648 1736 683 1777 si
721 1737 851 1778 ceteri
889 1739 1088 1791 possunt,
1127 1751 1194 1778 me
1233 1750 1358 1790 posse
1396 1735 1555 1778 diffido.

157 1802 199 1832 28
217 1795 377 1844 Quodsi
408 1810 495 1837 non
527 1799 648 1836 extra
681 1798 822 1836 castra
851 1795 1185 1850 congrediemur,
1217 1809 1326 1849 quae
1352 1795 1404 1836 ad
1430 1794 1557 1837 collo-

217 1855 365 1909 quium
409 1857 552 1896 castra
597 1853 849 1895 sumentur?
920 1853 971 1894 In
1013 1856 1164 1895 nostra
1207 1853 1278 1894 ille
1321 1867 1557 1908 numquam

216 1913 376 1967 veniet,
415 1913 552 1954 multo
584 1913 726 1954 minus
757 1927 836 1953 nos
868 1912 912 1953 in
944 1912 1070 1953 illius.
1132 1912 1363 1966 Reliquum
1395 1912 1478 1966 est,
1509 1914 1558 1954 ut
1577 1929 1611 1955 ω

216 1976 259 2013 et
304 1972 571 2026 accipiantur
609 1974 653 2013 et
690 1971 969 2012 remittantur
1005 1971 1227 2025 postulata
1262 1984 1340 2025 per
1376 1970 1557 2012 litteras.

216 2031 335 2086 Ergo
386 2031 544 2071 erimus
591 2030 637 2071 in
680 2031 853 2084 castris,
903 2043 1079 2083 meaque
1130 2030 1182 2070 ad
1227 2029 1371 2071 omnia
1413 2032 1558 2084 postu·

217 2090 306 2130 lata
342 2103 427 2130 una
465 2088 696 2142 sententia3
735 2102 862 2142 quam
901 2103 998 2130 cum
1029 2088 1098 2130 hic
1125 2088 1253 2130 vobis
1285 2087 1557 2129 audientibus

218 2149 383 2207 dixero,
419 2147 505 2189 isse
543 2150 587 2189 et
625 2122 783 2188 redisse
816 2161 883 2188 me
915 2149 1133 2202 putatote3
1169 2147 1431 2202 legationem
1461 2158 1558 2187 con-

217 2197 369 2248 fecero.
437 2205 594 2248 Omnia
637 2206 689 2246 ad
733 2210 929 2247 senatum
977 2219 1072 2246 mea
1115 2205 1331 2247 sententia
1373 2203 1558 2256 reiciam,
1578 2219 1611 2246 ³5

219 2278 510 2319 quaecumque
547 2264 789 2319 postulabit
826 2264 1052 2305 Antonius.
1119 2263 1269 2318 Neque
1307 2262 1420 2304 enim
1457 2262 1559 2303 licet

218 2323 361 2377 aliter,
398 2337 535 2377 neque
567 2323 825 2378 permissum
858 2325 924 2364 est
953 2322 1079 2363 nobis
1111 2322 1164 2363 ab
1196 2321 1279 2363 hoc
1310 2320 1473 2374 ordine,
1510 2323 1560 2362 ut
