1671 2543
130 813 175 844 65

121 1607 177 1648 28

134 1667 178 1698 66

189 111 272 151 108
514 163 517 165 -
571 109 664 144 PRO
691 109 738 144 M.
767 108 939 144 CAELIO
967 108 1152 144 ORATIO.

186 217 386 259 manibus
426 217 692 259 amiserunt?
756 216 839 266 Qui
878 217 1018 259 minus
1051 217 1165 258 enim
1196 215 1388 257 Licinius
1422 230 1531 257 com-

186 276 393 331 prehendi
420 277 577 330 potuit,
610 291 706 317 cum
733 290 776 316 se
803 276 995 329 retraxit,
1025 290 1078 316 ne
1103 275 1304 329 pyxidem
1330 274 1532 327 traderet,

188 349 317 389 quam
350 335 387 376 si
418 335 698 376 tradidisset?
759 334 898 375 Erant
930 335 1044 375 enim
1075 334 1141 374 illi
1169 333 1315 388 positi,
1346 336 1396 374 ut
1422 347 1532 374 com-

187 393 500 447 prehenderent
519 392 745 446 Licinium,
770 396 819 433 ut
839 392 1068 434 manifesto
1089 391 1281 433 Licinius
1302 393 1532 444 teneretur,

189 455 264 493 aut
297 466 393 493 cum
424 451 630 493 retineret
655 466 865 492 venenum
892 454 966 492 aut
993 466 1089 493 cum
1114 451 1375 492 tradidisset.
1436 449 1531 491 Hoc
1569 455 1586 480 ⁵

188 510 273 551 fuit
302 513 444 552 totum
472 510 698 551 consilium
724 510 929 564 mulieris,
960 510 1065 551 haec
1091 510 1276 551 istorum
1301 508 1533 564 provincia,

190 570 263 623 qui
289 569 432 623 rogati
459 571 576 622 sunt,
603 583 709 622 quos
737 569 909 622 quidem
934 571 983 609 tu
1010 583 1139 623 quam
1166 569 1219 609 ob
1247 583 1337 609 rem
1357 567 1533 608 ‘temere

188 627 455 677 prosiluisse'
483 627 598 668 dicas
620 630 748 681 atque
770 630 868 668 ante
888 630 1071 681 tempus,
1096 642 1183 668 non
1203 627 1381 681 reperio.
1427 625 1533 667 Fue-

188 690 288 727 rant
325 686 406 727 hoc
445 686 605 740 rogati,
642 685 814 726 fuerant
852 686 904 726 ad
941 686 1050 727 hanc
1089 700 1179 727 rem
1217 684 1447 738 conlocati,
1484 686 1534 725 ut

188 759 410 797 venenum,
441 747 491 785 ut
522 744 714 797 insidiae,
746 744 910 786 facinus
943 744 1123 798 denique
1156 744 1298 798 ipsum
1329 746 1376 785 ut
1402 743 1534 784 mani-
1554 747 1588 772 1⁰

190 803 302 844 festo
339 803 781 857 comprehenderetur.
843 803 1137 844 Potueruntne
1169 803 1308 857 magis
1341 805 1534 856 tempore

188 861 406 916 prosilire,
446 875 574 915 quam
607 876 703 903 cum
736 861 928 903 Licinius
960 862 1166 915 venisset,
1202 876 1298 903 cum
1330 861 1375 902 in
1405 875 1535 901 manu

188 923 355 961 teneret
392 920 543 960 veneni
574 920 803 974 pyxidem?
855 920 972 970 Quae
1006 935 1101 962 cum
1133 920 1220 961 iam
1252 923 1344 961 erat
1375 919 1536 960 tradita

189 978 341 1031 servis,
378 979 415 1019 si
453 979 691 1020 evasissent
726 979 871 1020 subito
904 993 954 1020 ex
986 979 1152 1020 balneis
1184 978 1376 1020 mulieris
1409 978 1535 1019 amici

189 1036 489 1091 Liciniumque
534 1038 974 1092 comprehendissent,
1017 1038 1271 1092 imploraret
1311 1037 1535 1078 hominum
1556 1040 1589 1065 15

189 1096 318 1136 fidem
355 1098 482 1149 atque
515 1110 540 1136 a
572 1110 615 1137 se
647 1096 768 1137 illam
800 1096 1000 1151 pyxidem
1032 1096 1238 1137 traditam
1268 1098 1535 1150 pernegaret.

191 1154 329 1203 Quem
362 1168 445 1208 quo
479 1155 606 1195 modo
640 1155 705 1195 illi
736 1155 1126 1209 reprehenderent?
1158 1154 1316 1195 vidisse
1350 1168 1394 1195 se
1429 1154 1536 1195 dice-

189 1213 315 1253 rent?
390 1212 584 1253 Primum
632 1213 684 1253 ad
729 1227 773 1254 se
818 1217 1068 1255 revocarent
1112 1213 1288 1254 maximi
1331 1212 1536 1254 facinoris

191 1271 370 1324 crimen,
402 1271 552 1311 deinde
584 1271 627 1311 id
660 1285 703 1312 se
735 1272 893 1312 vidisse
925 1272 1132 1325 dicerent,
1165 1272 1290 1326 quod,
1323 1285 1406 1325 quo
1439 1271 1534 1312 loco

191 1329 404 1370 conlocati
449 1329 638 1383 fuerant,
680 1344 767 1370 non
810 1330 1054 1383 potuissent
1097 1330 1250 1371 videre.
1324 1330 1534 1383 Tempore
1555 1335 1590 1359 20

191 1387 327 1442 igitur
375 1387 470 1441 ipso
521 1401 564 1428 se
616 1388 911 1442 ostenderunt,
962 1403 1058 1429 cum
1100 1387 1291 1429 Licinius
1335 1388 1535 1441 venisset,

192 1445 392 1499 pyxidem
431 1446 666 1499 expediret,
704 1461 878 1489 manum
912 1447 1172 1502 porrigeret,
1209 1461 1420 1488 venenum
1450 1449 1535 1488 tra-

192 1504 322 1544 deret.
384 1503 507 1545 Mimi
534 1518 636 1559 ergo
664 1508 730 1546 est
755 1506 841 1546 iam
868 1506 1019 1558 exitus,
1047 1519 1134 1546 non
1159 1505 1347 1558 fabulae3
1378 1506 1424 1546 in
1450 1519 1534 1559 quo

194 1576 290 1603 cum
326 1562 517 1603 clausula
547 1577 634 1604 non
665 1563 899 1618 invenitur,
936 1563 1050 1618 fugit
1081 1564 1237 1617 aliquis
1270 1578 1291 1605 e
1324 1564 1534 1618 manibus,

193 1620 343 1662 deinde
376 1621 554 1662 scabilla
587 1625 857 1676 concrepant,
892 1622 1089 1663 aulaeum
1121 1622 1302 1663 tollitur.
1366 1621 1533 1671 Quaero
1554 1632 1589 1658 25

194 1679 319 1732 enim,
346 1694 420 1720 cur
439 1678 653 1721 Licinium
677 1681 951 1734 titubantem,
976 1681 1276 1733 haesitantem,
1303 1681 1535 1735 cedentem,

192 1737 340 1792 fugere
385 1741 612 1779 conantem
653 1739 899 1780 mulieraria
936 1754 1086 1780 manus
1125 1739 1211 1780 ista
1248 1739 1298 1780 de
1336 1740 1534 1780 manibus

194 1796 404 1850 amiserit,
448 1811 522 1838 cur
564 1812 651 1838 non
695 1798 1112 1852 comprehenderint,
1157 1812 1231 1839 cur
1273 1812 1360 1839 non
1399 1798 1535 1852 ipsius

193 1855 478 1908 confessione,
516 1856 751 1897 multorum
790 1857 943 1910 oculis,
979 1856 1184 1898 facinoris
1219 1856 1399 1911 denique
1431 1871 1534 1898 voce

193 1914 307 1954 tanti
345 1914 518 1955 sceleris
551 1915 712 1956 crimen
744 1915 1044 1969 expresserint.
1112 1915 1182 1956 An
1214 1915 1445 1967 timebant,
1481 1930 1533 1956 ne
1554 1927 1589 1952 30

193 1975 261 2013 tot
304 1987 454 2026 unum,
498 1973 688 2014 valentes
732 1974 1014 2027 imbecillum,
1059 1974 1220 2014 alacres
1258 1974 1536 2027 perterritum

195 2044 397 2084 superare
429 2046 516 2073 non
547 2033 753 2086 possent?
1406 2040 1410 2044 ”

283 2088 463 2131 Nullum
489 2093 790 2145 argumentum
815 2091 861 2131 in
887 2105 943 2144 re,
967 2091 1087 2131 nulla
1113 2089 1298 2143 suspicio
1325 2089 1370 2130 in
1397 2103 1534 2142 causa,

194 2147 337 2189 nullus
377 2149 515 2189 exitus
555 2149 744 2190 criminis
776 2150 1025 2203 reperietur.
1087 2147 1238 2201 Itaque
1270 2147 1374 2188 haec
1407 2161 1535 2188 causa

196 2206 249 2246 ab
294 2207 576 2261 argumentis,
620 2222 645 2248 a
689 2207 951 2260 coniectura,
996 2208 1048 2248 ab
1090 2207 1143 2247 iis
1182 2205 1335 2260 signis,
1379 2206 1533 2260 quibus
1553 2216 1587 2242 35

195 2264 354 2305 veritas
398 2265 621 2306 inlustrari
665 2266 792 2319 solet,
837 2266 888 2307 ad
929 2266 1054 2307 testis
1091 2267 1185 2305 tota
1222 2264 1420 2304 traducta
1457 2267 1534 2305 est.

198 2322 315 2370 Quos
349 2324 518 2376 quidem
551 2337 648 2378 ego,
681 2324 859 2378 iudices,
891 2325 1016 2365 testis
1047 2337 1134 2364 non
1165 2322 1291 2363 modo
1323 2322 1413 2363 sine
1444 2323 1533 2364 ullo
