1671 2543
579 89 680 125 CAP.
706 94 798 125 2-4
823 95 842 133 g
868 95 970 126 3—8.
1375 92 1457 133 117

108 198 300 240 cohortis
332 199 377 239 in
407 197 588 240 hiberna
616 199 755 253 misit3
786 199 839 240 iis
865 200 1128 253 praeposuit,
1155 214 1262 253 quos
1287 200 1458 254 putavit

107 257 199 298 fore
220 257 576 312 diligentissimos
597 257 806 298 satellites
822 258 1041 313 scelerum,
1061 258 1284 300 ministros
1299 259 1457 312 cupidi-

109 319 250 357 tatum
271 331 455 357 suarum.
495 315 662 357 Omitto
682 316 788 357 iuris
809 317 1041 358 dictionem
1060 317 1105 358 in
1124 317 1261 358 libera
1281 317 1454 359 civitate
1471 325 1490 356 6

109 378 260 415 contra
284 375 402 429 leges
428 377 686 429 senatusque
714 376 921 429 consulta,
954 376 1101 417 caedes
1128 376 1337 430 relinquo,
1363 376 1456 417 libi-

71 444 88 469 5
109 433 227 474 dines
259 437 500 487 praetereo,
533 448 713 488 quarum
746 434 1070 475 acerbissimum
1102 437 1220 475 extat
1251 435 1456 476 indicium

109 495 151 532 et
196 492 248 532 ad
291 492 503 547 insignem
541 492 793 534 memoriam
830 493 1111 547 turpitudinis
1150 496 1193 534 et
1229 508 1362 547 paene
1403 495 1456 535 ad

108 550 270 591 iustum
297 550 442 592 odium
467 551 637 605 imperii
658 552 810 605 nostri,
838 552 950 605 quod
971 554 1142 593 constat
1160 552 1454 594 nobilissimas

107 609 296 664 virgines
317 624 361 650 se
381 609 427 649 in
445 612 599 663 puteos
620 610 825 651 abiecisse
846 613 889 651 et
906 614 1044 652 morte
1058 611 1302 652 voluntaria
1313 626 1455 653 neces·

109 669 267 708 sariam
287 668 601 722 turpitudinem
621 669 845 722 depulisse.
883 669 924 710 N
928 684 974 710 ec
993 669 1098 710 haec
1111 669 1270 711 idcirco
1286 670 1454 723 omitto,

55 743 88 768 10
108 727 220 780 quod
257 741 344 768 non
382 727 637 782 gravissima
674 727 779 771 sint.
818 728 891 768 sed
930 728 1031 781 quia
1066 743 1179 769 nunc
1218 729 1309 769 sine
1341 731 1454 770 teste

108 786 213 827 dico.
275 785 422 840 Ipsam
453 800 553 827 vero
585 786 737 826 urbem
762 786 1071 840 Byzantiorum
1101 786 1234 828 fuisse
1266 787 1495 828 refertis-4

109 845 262 885 simam
298 847 426 898 atque
459 845 782 885 ornatissimam
814 845 949 900 signis
982 845 1077 899 quis
1110 845 1312 900 ignorat?
1346 861 1453 900 quae

107 903 172 944 illi
205 903 402 943 exhausti
435 903 679 957 sumptibus
709 903 920 957 bellisque
947 904 1158 957 maximis,
1192 919 1288 945 cum
1315 906 1452 946 omnis

107 961 425 1002 Mithridaticos
482 962 670 1015 impetus
723 965 949 1016 totumque
1000 962 1189 1003 Pontum
1239 966 1453 1004 armatum

54 1036 86 1061 15
107 1020 454 1061 effervescentem
486 1021 531 1061 in
556 1021 706 1061 Asiam
739 1024 867 1074 atque
893 1024 1187 1075 erumpentem
1216 1036 1288 1062 ore
1315 1023 1453 1076 repul-

106 1094 201 1120 sum
240 1082 283 1120 et
321 1079 556 1120 cervicibus
596 1079 878 1121 interclusum
910 1080 997 1120 suis
1030 1080 1309 1134 sustinerent,
1347 1084 1452 1134 tum,

105 1138 294 1191 inquam,
326 1136 525 1191 Byzantii
557 1141 600 1179 et
630 1140 783 1192 postea
814 1139 939 1192 signa
968 1138 1044 1178 illa
1073 1141 1116 1178 et
1141 1139 1307 1192 reliqua
1332 1139 1451 1180 urbis

106 1199 359 1237 ornamenta
397 1196 666 1237 sanctissime
706 1197 921 1237 custodita
958 1199 1205 1252 tenuerunt,
1243 1201 1286 1238 te
1320 1198 1484 1252 impe-7

105 1258 248 1296 ratore
280 1254 576 1296 infelicissimo
610 1258 653 1296 et
684 1255 946 1309 taeterrimo,
979 1254 1215 1296 Caesonine
1243 1254 1451 1309 Calventi,

52 1329 85 1353 20
105 1314 257 1355 civitas
295 1313 432 1354 libera
470 1316 514 1354 et
551 1329 630 1368 pro
670 1314 835 1355 eximiis
871 1314 960 1355 suis
993 1314 1211 1355 beneficiis
1245 1329 1270 1355 a
1300 1319 1451 1357 senatu

105 1376 148 1413 et
175 1387 199 1413 a
223 1372 382 1426 populo
410 1372 605 1413 Romano
631 1373 816 1413 liberata
841 1373 903 1414 sic
929 1372 1117 1426 spoliata
1142 1375 1271 1427 atque
1290 1374 1452 1415 nudata

104 1434 182 1484 est,
208 1433 268 1485 ut,
292 1431 376 1471 nisi
398 1430 442 1472 C.
468 1430 688 1486 Vergilius
714 1431 896 1485 legatus,
922 1432 987 1472 vir
1012 1431 1138 1472 fortis
1166 1434 1209 1472 et
1234 1432 1450 1486 innocens,

104 1489 417 1543 intervenisset,
437 1504 570 1530 unum
589 1490 762 1544 signum
776 1490 975 1544 Byzantii
995 1505 1046 1531 ex
1066 1490 1253 1531 maximo
1270 1506 1449 1532 numero

103 1548 272 1589 nullum
307 1547 526 1588 haberent.
590 1548 712 1597 Quod
747 1548 895 1589 fanum
926 1549 972 1589 in
1002 1548 1184 1602 Achaia,
1224 1549 1297 1603 qui
1329 1550 1450 1591 locus

51 1621 85 1647 25
106 1609 180 1646 aut
217 1606 339 1647 lucus
376 1606 421 1647 in
460 1605 640 1648 Graecia
677 1610 772 1648 tota
809 1610 899 1648 tam
937 1610 1110 1648 sanctus
1148 1607 1249 1661 fuit,
1287 1608 1333 1649 in
1365 1623 1448 1662 quo

104 1665 241 1705 ullum
278 1665 572 1718 simulacrum,
615 1665 752 1706 ullum
785 1669 1085 1706 ornamentum
1116 1666 1330 1720 reliquum
1363 1667 1449 1708 sit?

104 1722 264 1763 Emisti
298 1737 322 1762 a
352 1722 599 1764 foedissimo
633 1724 807 1764 tribuno
839 1724 896 1778 pl.
928 1726 1022 1764 tum
1050 1724 1095 1764 in
1120 1724 1195 1765 illo
1221 1724 1449 1779 naufragio

104 1782 230 1822 liuius
272 1781 406 1834 urbis,
445 1795 573 1834 quam
606 1785 654 1822 tu
684 1782 815 1835 idem,
853 1782 927 1835 qui
959 1783 1197 1836 gubernare
1230 1783 1449 1835 debueras,

105 1843 332 1893 everteras,
364 1842 469 1893 tum,
500 1839 687 1892 inquam,
720 1840 863 1881 emisti
892 1840 1045 1894 grandi
1069 1841 1261 1894 pecunia,
1292 1844 1342 1881 ut
1368 1842 1449 1882 tibi

50 1914 86 1939 30
105 1899 155 1939 de
204 1898 395 1952 pecuniis
447 1898 620 1939 creditis
668 1899 733 1939 ius
780 1898 826 1938 in
868 1898 1026 1939 liberos
1070 1899 1253 1952 populos
1299 1903 1449 1940 contra

106 1960 279 1998 senatus
323 1956 520 1997 consulta
564 1959 607 1996 et
652 1959 802 1997 contra
844 1957 984 2011 legem
1022 1957 1168 2011 generi
1206 1957 1271 1998 tui
1309 1957 1447 1999 dicere

103 2015 263 2056 liceret.
331 2014 380 2055 Id
425 2018 617 2068 emptum
660 2015 722 2055 ita
764 2015 1005 2068 vendidisti,
1048 2018 1097 2056 ut
1141 2018 1215 2056 aut
1259 2015 1325 2056 ius
1361 2031 1444 2057 non

103 2074 265 2115 diceres
304 2076 378 2114 aut
415 2074 540 2114 bonis
580 2073 684 2114 civis
717 2072 935 2114 Romanos
968 2076 1191 2115 everteres.
1255 2073 1482 2122 QuorumS

103 2146 183 2187 ego
220 2132 330 2172 nihil
368 2131 480 2185 dico,
524 2134 669 2185 patres
709 2132 958 2186 conscripti,
1002 2147 1113 2173 nunc
1151 2132 1196 2172 in
1227 2132 1446 2174 hominem

50 2206 84 2231 35
102 2191 263 2245 ipsum3
294 2191 344 2231 de
376 2190 598 2244 provincia
623 2190 807 2243 disputo.
869 2189 1022 2244 Itaque
1050 2191 1193 2231 omnia
1217 2191 1305 2245 illa,
1338 2206 1445 2245 quae

104 2251 147 2289 et
173 2263 298 2302 saepe
320 2249 500 2289 audistis
522 2252 564 2289 et
584 2248 742 2289 tenetis
762 2249 928 2302 animis,
955 2249 1123 2289 etiamsi
1143 2263 1230 2290 non
1251 2250 1446 2303 audiatis,

102 2308 422 2361 praetermitt03
470 2307 578 2347 nihil
623 2307 672 2347 de
716 2307 795 2348 hac
840 2307 930 2348 eius
974 2308 1155 2361 urbana,
1202 2322 1329 2362 quam
1373 2309 1444 2350 ille
