1671 2543
620 87 719 124 GAP.
745 93 836 124 2-4
861 94 881 133 ξ
907 94 1033 126 3—10.
1437 92 1493 134 85

169 197 328 239 crimen
357 197 584 252 desiderat,
620 211 710 239 rem
739 200 789 239 ut
819 197 1007 252 definiat,
1037 198 1254 240 hominem
1284 202 1333 241 ut
1361 202 1494 254 notet,

169 258 418 311 argumento
455 256 624 310 probet,
654 258 762 297 teste
801 257 1039 312 confirmet3
1075 258 1317 300 maledictio
1350 261 1491 300 autem

165 315 274 356 nihil
317 315 447 356 habet
488 314 699 369 propositi
742 318 911 369 praeter
948 316 1266 371 contumeliam3
1310 331 1416 371 quae
1454 318 1492 359 si

166 373 429 427 petulantius
461 373 660 427 iactatur,
693 374 947 427 convicium,
979 375 1016 415 si
1047 374 1238 428 facetius,
1268 376 1489 417 urbanitas

131 445 147 469 5
165 432 420 473 nominatur.
483 431 619 480 Quam
650 432 820 486 quidem
849 436 1015 487 partem
1046 434 1329 475 accusationis
1362 434 1525 476 admi-7

166 493 284 531 ratus
321 504 416 531 sum
453 493 495 531 et
530 490 708 531 moleste
746 491 825 532 tuli
862 492 1135 545 potissimum
1166 507 1257 534 esse
1288 492 1489 534 Atratino

165 549 318 590 datam.
380 547 527 603 Neque
565 549 677 590 em'm
715 549 890 590 decebat
926 565 1061 605 neque
1093 553 1209 592 aetas
1240 551 1316 592 illa
1345 554 1491 606 postu-

164 608 283 648 labat
323 621 475 662 neque,
511 607 554 648 id
586 608 698 661 quod
730 608 1062 650 animadvertere
1092 610 1317 664 poteratis,
1353 611 1491 664 pudor

163 666 408 720 patiebatur
445 666 609 720 optumi
648 666 929 708 adulescentis
961 667 1006 708 in
1035 667 1112 708 tali
1143 668 1265 710 illum
1297 669 1489 710 oratione

113 738 145 763 ιο
164 725 334 766 versari.
401 724 568 765 Vellem
606 725 738 779 aliqui
778 740 828 766 ex
864 726 987 768 vobis
1023 726 1338 768 robustioribus
1375 727 1489 769 hunc

161 784 271 825 male
310 783 474 824 dicendi
504 783 646 824 locum
679 784 951 838 suscepisset3
989 785 1206 839 aliquanto
1238 785 1414 827 liberius
1446 788 1490 827 et

161 842 314 883 fortius
348 844 390 883 et
420 842 558 896 magis
590 856 706 883 more
737 845 885 884 nostro
919 842 1199 885 refutaremus
1225 844 1353 885 istam
1377 845 1488 885 male

161 900 327 942 dicendi
346 900 575 942 licentiam.
630 900 800 955 Tecum,
826 901 1036 955 Atratine,
1063 915 1188 957 agam
1207 903 1356 957 lenius,
1377 903 1489 958 quod

162 962 204 1000 et
234 959 370 1014 pudor
400 962 498 1000 tuus
530 958 774 1000 moderatur
800 960 983 1001 orationi
1009 974 1125 1001 meae
1153 963 1196 1002 et
1220 975 1360 1002 meum
1386 975 1488 1017 erga

110 1030 141 1055 15
161 1020 203 1059 te
240 1020 541 1072 parentemque
578 1020 700 1058 tuum
736 1018 989 1059 beneficium
1024 1019 1135 1060 tueri
1172 1020 1315 1061 debeo.
1375 1019 1522 1060 Illud8

161 1080 305 1117 tamen
346 1080 388 1117 te
426 1090 516 1117 esse
554 1076 818 1117 admonitum
855 1077 969 1130 volo,
1012 1077 1197 1131 primum
1237 1078 1391 1133 [qualis
1431 1093 1487 1132 es,

160 1135 291 1176 talem
316 1137 358 1175 te
384 1135 657 1187 existument]
685 1137 744 1188 ut,
776 1137 981 1189 quantum
1007 1150 1032 1175 a
1056 1150 1197 1177 rerum
1223 1137 1487 1191 turpitudine

161 1194 274 1247 abes,
305 1195 472 1234 tantum
496 1195 538 1233 te
565 1207 590 1233 a
613 1193 840 1234 verborum
866 1193 1063 1235 libertate
1089 1194 1306 1250 seiungas3
1338 1195 1486 1236 deinde

159 1254 208 1293 ut
234 1266 283 1293 ea
307 1252 353 1292 in
377 1252 558 1293 alterum
581 1265 634 1292 ne
660 1251 787 1305 dicas,
802 1258 919 1306 ‘quae
939 1267 1035 1294 cum
1054 1253 1135 1293 tibi
1154 1252 1262 1294 falso
1283 1267 1487 1308 responsa

108 1323 142 1348 20
161 1311 259 1364 sint,
284 1311 519 1351 erubescas.
576 1308 680 1358 Quis
707 1312 772 1351 est
793 1310 916 1363 enim,
943 1311 1011 1352 cui
1036 1311 1105 1352 via
1123 1311 1207 1352 ista
1225 1326 1312 1353 non
1329 1315 1486 1366 pateat,

161 1370 233 1424 qui
268 1369 342 1410 isti
379 1369 510 1410 aetati
548 1371 673 1422 atque
712 1369 841 1410 etiam
878 1369 952 1410 isti
989 1370 1190 1425 dignitati
1226 1385 1311 1411 non
1348 1371 1488 1425 possit

161 1442 287 1483 quam
317 1427 421 1469 velit
451 1427 704 1481 petulanter,
734 1427 903 1469 etiamsi
929 1428 1019 1469 sine
1044 1429 1133 1469 ulla
1158 1429 1410 1483 suspicione,
1442 1433 1486 1470 at

158 1501 245 1528 non
270 1486 359 1527 sine
386 1488 635 1541 argumento
656 1486 765 1527 male
786 1486 953 1528 dicere?
999 1485 1079 1528 Sed
1099 1487 1279 1529 istarum
1298 1488 1486 1542 partium

161 1545 285 1599 culpa
316 1547 381 1586 est
412 1559 569 1597 eorum,
601 1544 674 1598 qui
699 1546 740 1585 te
768 1558 892 1599 agere
918 1545 1162 1601 voluerunt3
1192 1546 1285 1586 laus
1310 1546 1485 1599 pudoris

107 1616 140 1642 25
159 1604 235 1656 tui,
261 1603 372 1656 quod
398 1617 447 1643 ea
470 1606 512 1644 te
531 1603 714 1644 invitum
734 1603 871 1644 dicere
891 1604 1149 1658 videbamus,
1174 1604 1347 1659 ingenii,
1373 1605 1485 1659 quod

161 1663 306 1703 ornate
331 1661 546 1716 politeque
572 1661 729 1702 dixisti.
784 1661 944 1702 Verum
970 1662 1022 1702 ad
1047 1662 1176 1704 istam
1201 1677 1370 1704 omnem
1396 1677 1485 1704 ora—

158 1721 320 1761 tionem
344 1719 486 1760 brevis
512 1723 578 1760 est
602 1719 802 1761 defensio.
857 1719 970 1761 Nam
996 1721 1134 1774 quoad
1154 1723 1270 1761 aetas
1290 1720 1347 1761 M.
1368 1720 1485 1763 Caeli

160 1779 258 1819 dare
289 1778 430 1832 potuit
460 1777 535 1818 isti
567 1778 800 1830 suspicioni
831 1778 989 1826 locum,
1019 1778 1103 1818 fuit
1133 1779 1320 1832 primum
1350 1779 1484 1832 ipsius

159 1837 336 1891 pudore,
380 1836 527 1876 deinde
571 1836 701 1877 etiam
743 1836 879 1889 patris
917 1836 1140 1891 diligentia
1177 1837 1484 1891 disciplinaque

106 1907 140 1932 30
159 1895 333 1936 munita.
372 1893 454 1943 Qui
473 1897 521 1934 ut
540 1894 640 1935 huic
658 1894 825 1935 virilem
844 1897 991 1949 togam
1010 1895 1126 1935 dedit
1145 1919 1200 1923 —
1218 1895 1327 1935 m‘hfl
1346 1895 1484 1937 dicam

159 1953 240 1995 hoc
265 1954 359 1994 loco
386 1953 435 1993 de
461 1967 545 2006 me3
576 1954 744 1993 tantum
770 1953 838 2005 sit,
865 1955 1071 2006 quantum
1095 1967 1171 1994 vos
1198 1953 1484 2007 existumatis3

158 2011 239 2053 hoc
282 2012 437 2064 dicam,
479 2011 592 2052 hunc
635 2025 659 2051 a
695 2012 815 2064 patre
854 2011 1054 2052 continuo
1093 2011 1145 2052 ad
1182 2025 1248 2052 me
1288 2025 1378 2053 esse
1417 2012 1483 2053 de-

158 2071 348 2124 ductum;
384 2084 508 2110 nemo
546 2069 658 2110 hunc
689 2067 745 2109 M.
778 2068 969 2111 Caelium
1005 2069 1051 2110 in
1086 2070 1161 2110 illo
1195 2070 1348 2110 aetatis
1379 2070 1482 2111 flore

157 2129 264 2169 vidit
292 2128 376 2169 nisi
408 2131 482 2168 aut
514 2142 609 2168 cum
639 2129 760 2180 patre
792 2130 865 2168 aut
895 2142 1061 2169 mecum
1087 2130 1161 2168 aut
1185 2128 1231 2168 in
1255 2127 1311 2169 M.
1338 2127 1482 2170 Crassi

105 2201 138 2227 35
158 2187 411 2228 castissuma
430 2186 567 2239 domo,
587 2200 683 2226 cum
702 2186 865 2227 artibus
884 2185 1212 2227 honestissumis
1233 2186 1481 2228 erudiretur.

244 2244 358 2285 Nam
384 2245 496 2298 quod
516 2243 724 2285 Catilinae
748 2244 1018 2285 familiaritas
1047 2244 1214 2286 obiecta
1233 2243 1377 2286 Caelio
1405 2247 1480 2299 est,
1497 2258 1540 2290 10

155 2303 283 2358 longe
321 2303 373 2343 ab
405 2303 489 2344 ista
520 2302 759 2357 suspicione
791 2302 1018 2344 abhorrere
1049 2302 1184 2344 debet.
1244 2303 1338 2344 Hoc
1369 2303 1481 2344 enim

1498 1642 1527 1683 4

1499 1701 1518 1731 9
