1671 2543
197 62 283 104 268
439 61 533 97 PRO
560 63 597 98 C.
624 61 825 97 RABIRIO
851 62 1078 98 POSTUMO
1105 62 1296 100 ORATIO.

377 169 429 212 Si
461 172 510 212 te
543 171 761 212 secundo
794 170 983 212 himine
1015 171 1098 213 hic
1131 171 1405 227 offendero,

374 228 614 283 Moriere3
780 271 782 274 .

199 303 307 343 quae
358 303 447 329 non
492 291 541 329 ut
586 288 847 329 delectemur
890 288 1031 329 solum
1074 288 1217 343 legere
1262 292 1306 330 et
1349 284 1545 344 spectare

199 348 419 401 debemus,
453 347 606 388 sed'ut
639 361 786 388 cavere
819 347 950 388 etiam
983 350 1025 388 et
1057 347 1205 402 fugere
1238 348 1464 390 diseamus.

140 415 184 446 30
289 406 348 446 At
374 420 424 446 ex
449 406 531 446 hoc
556 405 651 460 ipso
679 406 839 447 crimen
865 406 1066 447 exoritur.
1105 406 1183 447 Ait
1208 407 1333 461 enim,
1360 406 1545 449 Gabinio

198 465 423 520 pecuniam
444 463 675 506 Postumus
701 479 791 506 cum
811 467 996 520 cogeret,
1021 465 1219 506 decumas
1239 466 1548 520 imperatarum

198 523 478 578 pecuniarum
516 523 599 564 sibi
637 523 841 578 coegisse.
901 523 1002 565 Non
1038 524 1264 579 intellego,
1301 525 1383 567 hoc
1422 525 1547 579 quale

199 583 276 636 sit,
307 585 454 623 utrum
486 582 773 624 accessionem
805 582 1023 636 decumae,
1060 586 1110 623 ut
1140 583 1279 624 nostri
1311 583 1449 625 facere
1483 598 1548 625 co-

200 644 366 683 actores
394 641 534 682 solent
560 642 606 682 in
632 641 876 695 centesima,
907 656 964 683 an
989 641 1278 683 decessionem
1304 642 1354 683 de
1381 657 1548 684 summa

199 700 362 742 fecerit.
426 698 471 741 Si
510 700 817 754 accessionem,
854 700 1051 741 undecim
1088 701 1208 741 milia
1246 701 1458 743 talentum
1496 701 1548 742 ad

202 758 435 800 Gabinium
471 761 770 812 pervenerunt.
833 759 893 800 At
929 773 1016 800 non
1054 759 1180 800 modo
1221 761 1297 801 abs
1330 763 1372 801 te
1404 760 1549 801 decem

141 832 183 863 31
201 818 322 859 milia
354 817 524 858 obiecta
556 820 668 872 sunt,
701 818 774 859 sed
804 817 935 858 etiam
961 818 1014 858 ab
1040 817 1108 858 his
1136 818 1375 860 aestimata.
1425 818 1548 860 Addo

200 876 308 918 illud
334 876 482 917 etiam:
523 875 605 925 Qui
629 876 806 917 tandem
832 876 1031 917 convenit
1058 879 1132 917 aut
1158 880 1248 918 tam
1274 877 1396 932 gravi
1423 891 1550 919 onere

200 935 467 976 tributorum
493 935 545 976 ad
572 937 741 976 tantam
765 935 992 989 pecuniam
1019 936 1254 990 cogendam
1280 936 1397 977 mille
1418 936 1551 977 talen-

202 997 295 1035 tum
327 993 617 1035 accessionem
650 1008 741 1035 esse
774 993 935 1035 factam
967 996 1042 1035 aut
1080 997 1248 1036 tantam
1279 996 1326 1036 cle
1357 995 1549 1036 mercede

200 1051 401 1106 hominis,
420 1055 470 1093 ut
489 1052 565 1106 vis,
587 1052 827 1093 avarissimi
851 1052 985 1104 [mille
1006 1053 1236 1106 talentum]
1260 1053 1551 1095 decessionem

201 1126 293 1153 esse
332 1111 608 1152 concessam?
671 1110 822 1165 Neque
861 1111 974 1152 enim
1010 1111 1095 1152 fuit
1134 1111 1291 1153 Gabini
1330 1112 1551 1154 remittere

202 1172 374 1211 tantum
406 1170 456 1210 de
489 1184 565 1211 suo
601 1184 678 1211 neo
709 1170 824 1224 regis
851 1170 1069 1224 imponere
1095 1173 1265 1212 tantum
1294 1171 1421 1224 [pati]
1450 1171 1550 1212 suis.

203 1228 265 1269 At
305 1230 432 1269 erunt
470 1231 604 1269 testes
642 1228 777 1283 legati
815 1228 1106 1269 Alexandrini.
1168 1228 1206 1269 Ii
1243 1229 1352 1270 nihil
1390 1229 1435 1270 in
1471 1228 1551 1270 Ga-

203 1286 371 1328 binium
397 1286 615 1340 dixerunt3
646 1286 778 1327 immo
805 1286 836 1326 ii
863 1285 1095 1328 Gabinium
1120 1287 1413 1328 laudaverunt.
1463 1286 1550 1329 Ubi

204 1358 307 1399 ergo
334 1344 406 1385 ille
427 1359 532 1397 mos,
559 1345 634 1385 ubi
655 1345 918 1386 consuetudo
939 1345 1205 1400 iudiciorum,
1231 1346 1305 1387 ubi
1326 1346 1550 1400 exempla?

206 1402 328 1444 Solet
365 1403 401 1443 is
437 1403 575 1444 dicere
608 1403 653 1444 in
685 1417 798 1456 eum,
837 1403 910 1457 qui
942 1404 1167 1457 pecuniam
1198 1405 1362 1458 redeqit,
1403 1405 1476 1459 qui
1507 1405 1553 1446 in

204 1462 341 1515 illum,
362 1461 482 1502 cuius
501 1461 673 1502 nomine
695 1476 743 1502 ea
763 1462 943 1515 pecunia
963 1463 1240 1517 redigeretur,
1259 1477 1347 1505 non
1367 1463 1552 1505 dixerit?

145 1533 190 1564 32
206 1520 318 1575 Age,
351 1520 387 1560 si
419 1519 474 1574 is,
507 1520 580 1574 qui
611 1534 698 1561 non
730 1520 849 1574 dixit,
882 1520 1004 1575 solet,
1037 1521 1222 1563 etiamne
1254 1522 1291 1563 is
1324 1522 1446 1576 solet,
1479 1522 1553 1576 qui

206 1579 427 1620 laudavit?
488 1578 630 1619 Isdem
668 1579 872 1632 testibus,
910 1582 954 1620 et
992 1580 1164 1634 quidem
1200 1595 1288 1622 non
1318 1570 1585 1635 productis,ss

208 1637 282 1679 sed
314 1637 440 1678 dictis
473 1637 652 1679 testium
684 1638 889 1691 recitatis,
922 1639 1045 1692 quasi
1077 1639 1370 1692 praeiudicata
1400 1653 1468 1681 res
1501 1639 1553 1680 ad

139 1696 192 1738 12
206 1696 284 1737 has
317 1710 467 1737 causas
499 1696 654 1737 deferri
680 1696 802 1738 solet.
851 1696 911 1737 Et
937 1697 998 1738 ait
1024 1697 1156 1738 etiam
1181 1712 1300 1739 meus
1327 1698 1552 1739 familiaris

207 1758 251 1797 et
279 1755 545 1796 necessarius
573 1755 749 1796 eandem
776 1769 948 1797 causam
974 1756 1277 1809 Alexandrinis
1303 1755 1447 1810 fuisse,
1479 1771 1553 1798 cur

207 1813 433 1855 laudarent
477 1812 726 1868 Gabinium,
771 1828 877 1868 quae
921 1815 1028 1855 mihi
1068 1814 1216 1869 fuerit,
1261 1829 1335 1857 cur
1373 1815 1553 1857 eundem

207 1872 487 1914 defenderem.
532 1872 653 1926 Mihi,
679 1871 723 1914 C.
750 1871 938 1925 Memmi,
965 1887 1093 1914 causa
1118 1873 1368 1915 defendendi
1396 1873 1551 1915 Gabini

207 1930 292 1972 fuit
335 1931 629 1972 reconciliatio
675 1931 852 1986 gratiae.
919 1931 1069 1986 Neque
1113 1947 1180 1973 me
1224 1946 1324 1974 vero
1361 1933 1552 1987 paenitet

208 1989 412 2030 mortales
463 1990 731 2044 inimicitias,
787 1991 1069 2044 sempiternas
1120 1991 1332 2032 amicitias
1382 1991 1551 2032 habere.

152 2047 341 2101 33Nam,
378 2048 415 2088 si
453 2063 519 2089 me
558 2049 742 2089 invitum
779 2051 924 2102 putaS,
961 2063 1013 2090 ne
1047 2048 1121 2091 Cn.
1153 2049 1330 2103 Pompei
1363 2049 1552 2089 animum

211 2106 484 2160 offenderem,
521 2106 760 2148 defendisse
798 2121 987 2160 causam,
1026 2110 1069 2148 et
1103 2108 1226 2148 illum
1258 2110 1301 2148 et
1332 2121 1399 2147 me
1431 2107 1551 2148 vehe-

209 2167 377 2205 menter
408 2165 595 2219 ignoras.
644 2164 795 2219 Neque
828 2166 941 2207 enim
966 2165 1195 2220 Pompeius
1227 2179 1294 2205 me
1320 2178 1398 2205 sua
1424 2179 1553 2207 causa

211 2222 442 2276 quicquam
483 2223 623 2265 facere
666 2223 875 2265 voluisset
918 2224 1118 2277 invitum,
1160 2236 1297 2276 neque
1341 2236 1439 2277 ego,
1484 2225 1552 2266 cui

210 2280 402 2321 omnium
429 2281 585 2322 civium
611 2282 790 2323 libertas
817 2282 1039 2323 carissima
1063 2281 1227 2332 fuisset,
1253 2295 1391 2321 meam
1418 2283 1553 2336 proie-

1583 421 1599 447 5

1569 722 1603 747 10

1571 1015 1603 1041 15

1571 1309 1605 1334 20

1571 1892 1606 1918 30

1571 2182 1605 2210 35
