<?xml version="1.0" encoding="UTF-8"?>
<!DOCTYPE html PUBLIC "-//W3C//DTD XHTML 1.0 Transitional//EN"
    "http://www.w3.org/TR/xhtml1/DTD/xhtml1-transitional.dtd">
<html xmlns="http://www.w3.org/1999/xhtml" xml:lang="en" lang="en">
 <head>
  <title>
</title>
<meta http-equiv="Content-Type" content="text/html;charset=utf-8" />
  <meta name='ocr-system' content='tesseract 3.04.00' />
  <meta name='ocr-capabilities' content='ocr_page ocr_carea ocr_par ocr_line ocrx_word'/>
</head>
<body>
  <div class='ocr_page' id='page_1' title='image "./p3scriptaquaemanse02ciceuoft_0620.png"; bbox 0 0 1671 2543; ppageno 0'>
   <div class='ocr_carea' id='block_1_1' title="bbox 207 96 1375 139">
    <p class='ocr_par' dir='ltr' id='par_1_1' title="bbox 207 96 1375 139">
     <span class='ocr_line' id='line_1_1' title="bbox 207 96 1375 139; baseline -0.005 0"><span class='ocrx_word' id='word_1_1' title='bbox 207 99 295 139; x_wconf 86' lang='lat'>464</span> <span class='ocrx_word' id='word_1_2' title='bbox 379 97 431 132; x_wconf 92' lang='lat' dir='ltr'>IN</span> <span class='ocrx_word' id='word_1_3' title='bbox 457 96 504 132; x_wconf 88' lang='lat' dir='ltr'>M.</span> <span class='ocrx_word' id='word_1_4' title='bbox 532 96 788 133; x_wconf 84' lang='lat' dir='ltr'>ANTONIUM</span> <span class='ocrx_word' id='word_1_5' title='bbox 815 96 993 132; x_wconf 85' lang='lat' dir='ltr'><strong>ORATIO</strong></span> <span class='ocrx_word' id='word_1_6' title='bbox 1020 96 1289 133; x_wconf 89' lang='lat' dir='ltr'>PHILIPPICA</span> <span class='ocrx_word' id='word_1_7' title='bbox 1314 97 1375 133; x_wconf 88' lang='lat' dir='ltr'>VI.</span> 
     </span>
    </p>
   </div>
   <div class='ocr_carea' id='block_1_2' title="bbox 152 205 1605 2372">
    <p class='ocr_par' dir='ltr' id='par_1_2' title="bbox 152 205 1605 2372">
     <span class='ocr_line' id='line_1_2' title="bbox 208 205 1550 260; baseline 0 -13"><span class='ocrx_word' id='word_1_8' title='bbox 208 208 310 248; x_wconf 77' lang='lat' dir='ltr'>sunt</span> <span class='ocrx_word' id='word_1_9' title='bbox 345 206 471 260; x_wconf 87' lang='lat' dir='ltr'>pauci</span> <span class='ocrx_word' id='word_1_10' title='bbox 509 205 573 246; x_wconf 92' lang='lat' dir='ltr'>illi</span> <span class='ocrx_word' id='word_1_11' title='bbox 613 205 802 259; x_wconf 90' lang='lat' dir='ltr'>quidem,</span> <span class='ocrx_word' id='word_1_12' title='bbox 846 205 918 246; x_wconf 91' lang='lat' dir='ltr'>sed</span> <span class='ocrx_word' id='word_1_13' title='bbox 956 207 1101 246; x_wconf 89' lang='lat' dir='ltr'>tamen</span> <span class='ocrx_word' id='word_1_14' title='bbox 1138 205 1299 259; x_wconf 88' lang='lat' dir='ltr'>plures,</span> <span class='ocrx_word' id='word_1_15' title='bbox 1339 219 1467 259; x_wconf 86' lang='lat' dir='ltr'>quam</span> <span class='ocrx_word' id='word_1_16' title='bbox 1504 219 1550 247; x_wconf 86' lang='lat' dir='ltr'>re</span> 
     </span>
     <span class='ocr_line' id='line_1_3' title="bbox 207 263 1550 319; baseline 0 -13"><span class='ocrx_word' id='word_1_17' title='bbox 207 265 381 319; x_wconf 84' lang='lat' dir='ltr'>publica</span> <span class='ocrx_word' id='word_1_18' title='bbox 418 265 596 319; x_wconf 83' lang='lat' dir='ltr'>dignum</span> <span class='ocrx_word' id='word_1_19' title='bbox 632 266 716 317; x_wconf 84' lang='lat' dir='ltr'>est,</span> <span class='ocrx_word' id='word_1_20' title='bbox 755 264 828 318; x_wconf 91' lang='lat' dir='ltr'>qui</span> <span class='ocrx_word' id='word_1_21' title='bbox 859 264 922 305; x_wconf 91' lang='lat' dir='ltr'>ita</span> <span class='ocrx_word' id='word_1_22' title='bbox 953 264 1203 318; x_wconf 81' lang='lat' dir='ltr'>loquantur:</span> <span class='ocrx_word' id='word_1_23' title='bbox 1267 263 1348 305; x_wconf 76' lang='lat' dir='ltr'>‘Ne</span> <span class='ocrx_word' id='word_1_24' title='bbox 1379 263 1550 319; x_wconf 88' lang='lat' dir='ltr'>legatos</span> 
     </span>
     <span class='ocr_line' id='line_1_4' title="bbox 209 321 1551 378; baseline -0.001 -14"><span class='ocrx_word' id='word_1_25' title='bbox 209 323 380 378; x_wconf 88' lang='lat' dir='ltr'>quidem</span> <span class='ocrx_word' id='word_1_26' title='bbox 413 321 781 377; x_wconf 59' lang='lat' dir='ltr'>expectabimus?</span> <span class='ocrx_word' id='word_1_27' title='bbox 833 321 969 364; x_wconf 88' lang='lat' dir='ltr'>Istam</span> <span class='ocrx_word' id='word_1_28' title='bbox 999 326 1113 364; x_wconf 83' lang='lat' dir='ltr'>certe</span> <span class='ocrx_word' id='word_1_29' title='bbox 1139 336 1288 364; x_wconf 87' lang='lat' dir='ltr'>vocem</span> <span class='ocrx_word' id='word_1_30' title='bbox 1313 322 1551 364; x_wconf 75' lang='lat' dir='ltr'>simulatio-</span> 
     </span>
     <span class='ocr_line' id='line_1_5' title="bbox 207 381 1551 436; baseline -0.001 -13"><span class='ocrx_word' id='word_1_31' title='bbox 207 396 389 436; x_wconf 81' lang='lat' dir='ltr'>nemque</span> <span class='ocrx_word' id='word_1_32' title='bbox 418 381 669 423; x_wconf 88' lang='lat' dir='ltr'>clementiae</span> <span class='ocrx_word' id='word_1_33' title='bbox 696 382 969 435; x_wconf 73' lang='lat' dir='ltr'>extorquebit</span> <span class='ocrx_word' id='word_1_34' title='bbox 995 382 1091 422; x_wconf 90' lang='lat' dir='ltr'>istis</span> <span class='ocrx_word' id='word_1_35' title='bbox 1118 395 1185 422; x_wconf 91' lang='lat' dir='ltr'>res</span> <span class='ocrx_word' id='word_1_36' title='bbox 1211 381 1307 436; x_wconf 90' lang='lat' dir='ltr'>ipsa</span> <span class='ocrx_word' id='word_1_37' title='bbox 1328 381 1551 436; x_wconf 88' lang='lat' dir='ltr'>[publica].</span> 
     </span>
     <span class='ocr_line' id='line_1_6' title="bbox 207 439 1604 495; baseline -0.001 -12"><span class='ocrx_word' id='word_1_38' title='bbox 207 439 302 490; x_wconf 91' lang='lat' dir='ltr'>Quo</span> <span class='ocrx_word' id='word_1_39' title='bbox 326 441 469 494; x_wconf 87' lang='lat' dir='ltr'>etiam,</span> <span class='ocrx_word' id='word_1_40' title='bbox 495 443 544 481; x_wconf 92' lang='lat' dir='ltr'>ut</span> <span class='ocrx_word' id='word_1_41' title='bbox 564 440 771 482; x_wconf 85' lang='lat' dir='ltr'>confitear</span> <span class='ocrx_word' id='word_1_42' title='bbox 789 440 925 495; x_wconf 85' lang='lat' dir='ltr'>vobis,</span> <span class='ocrx_word' id='word_1_43' title='bbox 952 439 1156 494; x_wconf 74' lang='lat' dir='ltr'>Quirites,</span> <span class='ocrx_word' id='word_1_44' title='bbox 1181 441 1323 482; x_wconf 87' lang='lat' dir='ltr'>minus</span> <span class='ocrx_word' id='word_1_45' title='bbox 1342 440 1550 482; x_wconf 86' lang='lat' dir='ltr'>hodierno</span> <span class='ocrx_word' id='word_1_46' title='bbox 1586 450 1604 477; x_wconf 80' lang='lat'><strong>⁶</strong></span> 
     </span>
     <span class='ocr_line' id='line_1_7' title="bbox 208 498 1550 554; baseline -0.001 -13"><span class='ocrx_word' id='word_1_47' title='bbox 208 499 274 541; x_wconf 93' lang='lat' dir='ltr'>die</span> <span class='ocrx_word' id='word_1_48' title='bbox 296 498 508 554; x_wconf 91' lang='lat' dir='ltr'>contendi,</span> <span class='ocrx_word' id='word_1_49' title='bbox 527 499 669 540; x_wconf 88' lang='lat' dir='ltr'>minus</span> <span class='ocrx_word' id='word_1_50' title='bbox 690 499 895 553; x_wconf 83' lang='lat' dir='ltr'>laboravi,</span> <span class='ocrx_word' id='word_1_51' title='bbox 914 502 963 540; x_wconf 91' lang='lat' dir='ltr'>ut</span> <span class='ocrx_word' id='word_1_52' title='bbox 984 499 1089 540; x_wconf 90' lang='lat' dir='ltr'>mihi</span> <span class='ocrx_word' id='word_1_53' title='bbox 1111 501 1285 540; x_wconf 89' lang='lat' dir='ltr'>senatus</span> <span class='ocrx_word' id='word_1_54' title='bbox 1305 498 1550 540; x_wconf 73' lang='lat' dir='ltr'>adsentiens</span> 
     </span>
     <span class='ocr_line' id='line_1_8' title="bbox 208 556 1551 613; baseline -0.001 -14"><span class='ocrx_word' id='word_1_55' title='bbox 208 558 445 600; x_wconf 91' lang='lat' dir='ltr'>tumultum</span> <span class='ocrx_word' id='word_1_56' title='bbox 470 557 729 611; x_wconf 82' lang='lat' dir='ltr'>decerneret,</span> <span class='ocrx_word' id='word_1_57' title='bbox 756 571 860 613; x_wconf 88' lang='lat' dir='ltr'>saga</span> <span class='ocrx_word' id='word_1_58' title='bbox 886 558 996 599; x_wconf 89' lang='lat' dir='ltr'>sumi</span> <span class='ocrx_word' id='word_1_59' title='bbox 1023 558 1201 599; x_wconf 89' lang='lat' dir='ltr'>iuberet.</span> <span class='ocrx_word' id='word_1_60' title='bbox 1238 556 1375 599; x_wconf 90' lang='lat' dir='ltr'>Malui</span> <span class='ocrx_word' id='word_1_61' title='bbox 1393 557 1551 613; x_wconf 87' lang='lat' dir='ltr'>viginti</span> 
     </span>
     <span class='ocr_line' id='line_1_9' title="bbox 209 616 1551 672; baseline -0.001 -14"><span class='ocrx_word' id='word_1_62' title='bbox 209 617 358 659; x_wconf 86' lang='lat' dir='ltr'>diebus</span> <span class='ocrx_word' id='word_1_63' title='bbox 408 618 509 672; x_wconf 87' lang='lat' dir='ltr'>post</span> <span class='ocrx_word' id='word_1_64' title='bbox 535 617 815 671; x_wconf 32' lang='lat' dir='ltr'>,sententiam</span> <span class='ocrx_word' id='word_1_65' title='bbox 862 630 1001 658; x_wconf 84' lang='lat' dir='ltr'>meam</span> <span class='ocrx_word' id='word_1_66' title='bbox 1043 616 1209 658; x_wconf 88' lang='lat' dir='ltr'>laudari</span> <span class='ocrx_word' id='word_1_67' title='bbox 1253 616 1307 657; x_wconf 86' lang='lat' dir='ltr'>ab</span> <span class='ocrx_word' id='word_1_68' title='bbox 1352 616 1551 658; x_wconf 86' lang='lat' dir='ltr'>omnibus</span> 
     </span>
     <span class='ocr_line' id='line_1_10' title="bbox 152 673 1550 730; baseline -0.001 -12"><span class='ocrx_word' id='word_1_69' title='bbox 152 689 191 719; x_wconf 76' lang='lat'>17</span> <span class='ocrx_word' id='word_1_70' title='bbox 210 690 338 730; x_wconf 92' lang='lat' dir='ltr'>quam</span> <span class='ocrx_word' id='word_1_71' title='bbox 365 690 391 717; x_wconf 92' lang='lat' dir='ltr'>a</span> <span class='ocrx_word' id='word_1_72' title='bbox 415 675 564 730; x_wconf 80' lang='lat' dir='ltr'>paucis</span> <span class='ocrx_word' id='word_1_73' title='bbox 590 675 716 717; x_wconf 91' lang='lat' dir='ltr'>hodie</span> <span class='ocrx_word' id='word_1_74' title='bbox 742 675 989 730; x_wconf 84' lang='lat' dir='ltr'>vituperari.</span> <span class='ocrx_word' id='word_1_75' title='bbox 1038 675 1323 730; x_wconf 79' lang='lat' dir='ltr'>Quapropter,</span> <span class='ocrx_word' id='word_1_76' title='bbox 1348 673 1550 725; x_wconf 84' lang='lat' dir='ltr'>Quirites,</span> 
     </span>
     <span class='ocr_line' id='line_1_11' title="bbox 209 733 1605 790; baseline -0.003 -14"><span class='ocrx_word' id='word_1_77' title='bbox 209 737 454 789; x_wconf 85' lang='lat' dir='ltr'>exspectate</span> <span class='ocrx_word' id='word_1_78' title='bbox 504 735 748 790; x_wconf 88' lang='lat' dir='ltr'>legatorum</span> <span class='ocrx_word' id='word_1_79' title='bbox 791 734 977 775; x_wconf 87' lang='lat' dir='ltr'>reditum</span> <span class='ocrx_word' id='word_1_80' title='bbox 1021 737 1065 775; x_wconf 90' lang='lat' dir='ltr'>et</span> <span class='ocrx_word' id='word_1_81' title='bbox 1107 748 1344 788; x_wconf 87' lang='lat' dir='ltr'>paucorum</span> <span class='ocrx_word' id='word_1_82' title='bbox 1387 733 1552 775; x_wconf 88' lang='lat' dir='ltr'>dierum</span> <span class='ocrx_word' id='word_1_83' title='bbox 1571 747 1605 772; x_wconf 88' lang='lat'>10</span> 
     </span>
     <span class='ocr_line' id='line_1_12' title="bbox 208 791 1551 847; baseline 0 -13"><span class='ocrx_word' id='word_1_84' title='bbox 208 793 455 835; x_wconf 87' lang='lat' dir='ltr'>molestiam</span> <span class='ocrx_word' id='word_1_85' title='bbox 498 793 711 835; x_wconf 84' lang='lat' dir='ltr'>devorate.</span> <span class='ocrx_word' id='word_1_86' title='bbox 786 791 867 842; x_wconf 89' lang='lat' dir='ltr'>Qui</span> <span class='ocrx_word' id='word_1_87' title='bbox 912 807 1008 834; x_wconf 90' lang='lat' dir='ltr'>cum</span> <span class='ocrx_word' id='word_1_88' title='bbox 1052 793 1274 846; x_wconf 85' lang='lat' dir='ltr'>redierint,</span> <span class='ocrx_word' id='word_1_89' title='bbox 1320 792 1358 834; x_wconf 89' lang='lat' dir='ltr'>si</span> <span class='ocrx_word' id='word_1_90' title='bbox 1400 806 1551 847; x_wconf 88' lang='lat' dir='ltr'>pacem</span> 
     </span>
     <span class='ocr_line' id='line_1_13' title="bbox 209 851 1550 907; baseline -0.001 -14"><span class='ocrx_word' id='word_1_91' title='bbox 209 852 415 907; x_wconf 86' lang='lat' dir='ltr'>adferent,</span> <span class='ocrx_word' id='word_1_92' title='bbox 448 852 652 907; x_wconf 89' lang='lat' dir='ltr'>cupidum</span> <span class='ocrx_word' id='word_1_93' title='bbox 676 866 756 906; x_wconf 89' lang='lat' dir='ltr'>me,</span> <span class='ocrx_word' id='word_1_94' title='bbox 789 852 826 893; x_wconf 91' lang='lat' dir='ltr'>si</span> <span class='ocrx_word' id='word_1_95' title='bbox 851 852 1024 906; x_wconf 90' lang='lat' dir='ltr'>bellum,</span> <span class='ocrx_word' id='word_1_96' title='bbox 1052 852 1278 906; x_wconf 84' lang='lat' dir='ltr'>providum</span> <span class='ocrx_word' id='word_1_97' title='bbox 1303 851 1550 893; x_wconf 88' lang='lat' dir='ltr'>iudicatote.</span> 
     </span>
     <span class='ocr_line' id='line_1_14' title="bbox 208 910 1551 967; baseline 0 -15"><span class='ocrx_word' id='word_1_98' title='bbox 208 911 278 952; x_wconf 84' lang='lat' dir='ltr'>An</span> <span class='ocrx_word' id='word_1_99' title='bbox 309 924 389 967; x_wconf 89' lang='lat' dir='ltr'>ego</span> <span class='ocrx_word' id='word_1_100' title='bbox 421 925 510 953; x_wconf 91' lang='lat' dir='ltr'>non</span> <span class='ocrx_word' id='word_1_101' title='bbox 540 911 790 965; x_wconf 84' lang='lat' dir='ltr'>provideam</span> <span class='ocrx_word' id='word_1_102' title='bbox 816 910 923 952; x_wconf 89' lang='lat' dir='ltr'>meis</span> <span class='ocrx_word' id='word_1_103' title='bbox 950 910 1128 965; x_wconf 86' lang='lat' dir='ltr'>civibus,</span> <span class='ocrx_word' id='word_1_104' title='bbox 1159 925 1245 952; x_wconf 92' lang='lat' dir='ltr'>non</span> <span class='ocrx_word' id='word_1_105' title='bbox 1271 910 1360 952; x_wconf 83' lang='lat' dir='ltr'>dies</span> <span class='ocrx_word' id='word_1_106' title='bbox 1385 912 1551 952; x_wconf 88' lang='lat' dir='ltr'>noctes-</span> 
     </span>
     <span class='ocr_line' id='line_1_15' title="bbox 210 968 1550 1024; baseline -0.001 -12"><span class='ocrx_word' id='word_1_107' title='bbox 210 984 291 1023; x_wconf 85' lang='lat' dir='ltr'>que</span> <span class='ocrx_word' id='word_1_108' title='bbox 317 970 368 1011; x_wconf 92' lang='lat' dir='ltr'>de</span> <span class='ocrx_word' id='word_1_109' title='bbox 394 972 540 1011; x_wconf 85' lang='lat' dir='ltr'>vestra</span> <span class='ocrx_word' id='word_1_110' title='bbox 565 969 780 1024; x_wconf 88' lang='lat' dir='ltr'>libertate,</span> <span class='ocrx_word' id='word_1_111' title='bbox 805 969 856 1011; x_wconf 89' lang='lat' dir='ltr'>de</span> <span class='ocrx_word' id='word_1_112' title='bbox 876 970 938 1011; x_wconf 93' lang='lat' dir='ltr'>rei</span> <span class='ocrx_word' id='word_1_113' title='bbox 956 969 1154 1024; x_wconf 89' lang='lat' dir='ltr'>publicae</span> <span class='ocrx_word' id='word_1_114' title='bbox 1175 969 1312 1010; x_wconf 87' lang='lat' dir='ltr'>salute</span> <span class='ocrx_word' id='word_1_115' title='bbox 1333 968 1550 1024; x_wconf 79' lang='lat' dir='ltr'>cogitem?</span> 
     </span>
     <span class='ocr_line' id='line_1_16' title="bbox 208 1026 1604 1082; baseline 0.001 -12"><span class='ocrx_word' id='word_1_116' title='bbox 208 1027 319 1078; x_wconf 88' lang='lat' dir='ltr'>Quid</span> <span class='ocrx_word' id='word_1_117' title='bbox 350 1029 465 1070; x_wconf 89' lang='lat' dir='ltr'>enim</span> <span class='ocrx_word' id='word_1_118' title='bbox 496 1043 583 1070; x_wconf 91' lang='lat' dir='ltr'>non</span> <span class='ocrx_word' id='word_1_119' title='bbox 614 1029 747 1070; x_wconf 89' lang='lat' dir='ltr'>debeo</span> <span class='ocrx_word' id='word_1_120' title='bbox 779 1028 914 1082; x_wconf 87' lang='lat' dir='ltr'>vobis,</span> <span class='ocrx_word' id='word_1_121' title='bbox 949 1026 1150 1078; x_wconf 84' lang='lat' dir='ltr'>Quirites,</span> <span class='ocrx_word' id='word_1_122' title='bbox 1183 1042 1310 1082; x_wconf 90' lang='lat' dir='ltr'>quem</span> <span class='ocrx_word' id='word_1_123' title='bbox 1341 1041 1417 1069; x_wconf 84' lang='lat' dir='ltr'>vos</span> <span class='ocrx_word' id='word_1_124' title='bbox 1449 1042 1475 1068; x_wconf 90' lang='lat' dir='ltr'>a</span> <span class='ocrx_word' id='word_1_125' title='bbox 1505 1041 1550 1070; x_wconf 87' lang='lat' dir='ltr'>se</span> <span class='ocrx_word' id='word_1_126' title='bbox 1570 1046 1604 1072; x_wconf 87' lang='lat'>15</span> 
     </span>
     <span class='ocr_line' id='line_1_17' title="bbox 208 1086 1550 1141; baseline -0.001 -12"><span class='ocrx_word' id='word_1_127' title='bbox 208 1090 354 1129; x_wconf 85' lang='lat' dir='ltr'>ortum</span> <span class='ocrx_word' id='word_1_128' title='bbox 377 1086 626 1129; x_wconf 88' lang='lat' dir='ltr'>hominibus</span> <span class='ocrx_word' id='word_1_129' title='bbox 651 1087 934 1128; x_wconf 86' lang='lat' dir='ltr'>nobilissimis</span> <span class='ocrx_word' id='word_1_130' title='bbox 959 1087 1157 1128; x_wconf 85' lang='lat' dir='ltr'>omnibus</span> <span class='ocrx_word' id='word_1_131' title='bbox 1176 1086 1412 1129; x_wconf 87' lang='lat' dir='ltr'>honoribus</span> <span class='ocrx_word' id='word_1_132' title='bbox 1432 1101 1550 1141; x_wconf 84' lang='lat' dir='ltr'>prae-</span> 
     </span>
     <span class='ocr_line' id='line_1_18' title="bbox 207 1144 1549 1211; baseline -0.001 -24"><span class='ocrx_word' id='word_1_133' title='bbox 207 1146 402 1188; x_wconf 79' lang='lat' dir='ltr'>tulistis?</span> <span class='ocrx_word' id='word_1_134' title='bbox 461 1145 530 1188; x_wconf 84' lang='lat' dir='ltr'>An</span> <span class='ocrx_word' id='word_1_135' title='bbox 561 1146 759 1200; x_wconf 85' lang='lat' dir='ltr'>ingratus</span> <span class='ocrx_word' id='word_1_136' title='bbox 793 1146 917 1187; x_wconf 78' lang='lat' dir='ltr'>sum?</span> <span class='ocrx_word' id='word_1_137' title='bbox 967 1144 1070 1211; x_wconf 84' lang='lat' dir='ltr'>Quis</span> <span class='ocrx_word' id='word_1_138' title='bbox 1103 1145 1274 1187; x_wconf 81' lang='lat' dir='ltr'>minus?</span> <span class='ocrx_word' id='word_1_139' title='bbox 1307 1145 1381 1200; x_wconf 89' lang='lat' dir='ltr'>qui</span> <span class='ocrx_word' id='word_1_140' title='bbox 1411 1145 1549 1200; x_wconf 89' lang='lat' dir='ltr'>partis</span> 
     </span>
     <span class='ocr_line' id='line_1_19' title="bbox 206 1204 1547 1269; baseline -0.002 -22"><span class='ocrx_word' id='word_1_141' title='bbox 206 1205 444 1247; x_wconf 88' lang='lat' dir='ltr'>honoribus</span> <span class='ocrx_word' id='word_1_142' title='bbox 477 1205 650 1246; x_wconf 88' lang='lat' dir='ltr'>eosdem</span> <span class='ocrx_word' id='word_1_143' title='bbox 681 1205 727 1245; x_wconf 87' lang='lat' dir='ltr'>in</span> <span class='ocrx_word' id='word_1_144' title='bbox 750 1204 845 1246; x_wconf 88' lang='lat' dir='ltr'>foro</span> <span class='ocrx_word' id='word_1_145' title='bbox 873 1205 988 1259; x_wconf 83' lang='lat' dir='ltr'>gessi</span> <span class='ocrx_word' id='word_1_146' title='bbox 1012 1205 1182 1246; x_wconf 87' lang='lat' dir='ltr'>labores</span> <span class='ocrx_word' id='word_1_147' title='bbox 1209 1219 1317 1259; x_wconf 90' lang='lat' dir='ltr'>quos</span> <span class='ocrx_word' id='word_1_148' title='bbox 1342 1204 1547 1269; x_wconf 87' lang='lat' dir='ltr'>petendis.</span> 
     </span>
     <span class='ocr_line' id='line_1_20' title="bbox 207 1261 1549 1317; baseline -0.001 -12"><span class='ocrx_word' id='word_1_149' title='bbox 207 1263 342 1305; x_wconf 85' lang='lat' dir='ltr'>Rudis</span> <span class='ocrx_word' id='word_1_150' title='bbox 380 1264 427 1305; x_wconf 89' lang='lat' dir='ltr'>in</span> <span class='ocrx_word' id='word_1_151' title='bbox 463 1277 508 1305; x_wconf 93' lang='lat' dir='ltr'>re</span> <span class='ocrx_word' id='word_1_152' title='bbox 546 1263 748 1317; x_wconf 82' lang='lat' dir='ltr'>publica?</span> <span class='ocrx_word' id='word_1_153' title='bbox 809 1261 914 1312; x_wconf 90' lang='lat' dir='ltr'>Quis</span> <span class='ocrx_word' id='word_1_154' title='bbox 948 1263 1249 1304; x_wconf 82' lang='lat' dir='ltr'>exeicitatior‘?</span> <span class='ocrx_word' id='word_1_155' title='bbox 1289 1263 1363 1317; x_wconf 88' lang='lat' dir='ltr'>qui</span> <span class='ocrx_word' id='word_1_156' title='bbox 1393 1262 1549 1317; x_wconf 86' lang='lat' dir='ltr'>viginti</span> 
     </span>
     <span class='ocr_line' id='line_1_21' title="bbox 173 1319 1603 1396; baseline 0.001 -33.049"><span class='ocrx_word' id='word_1_157' title='bbox 173 1337 295 1396; x_wconf 90' lang='grc'>813111</span> <span class='ocrx_word' id='word_1_158' title='bbox 327 1336 462 1363; x_wconf 87' lang='lat' dir='ltr'>annos</span> <span class='ocrx_word' id='word_1_159' title='bbox 493 1322 657 1363; x_wconf 90' lang='lat' dir='ltr'>bellum</span> <span class='ocrx_word' id='word_1_160' title='bbox 688 1335 836 1377; x_wconf 85' lang='lat' dir='ltr'>geram</span> <span class='ocrx_word' id='word_1_161' title='bbox 868 1336 964 1363; x_wconf 91' lang='lat' dir='ltr'>cum</span> <span class='ocrx_word' id='word_1_162' title='bbox 995 1322 1139 1375; x_wconf 90' lang='lat' dir='ltr'>impiis</span> <span class='ocrx_word' id='word_1_163' title='bbox 1172 1321 1349 1363; x_wconf 88' lang='lat' dir='ltr'>civibus.</span> <span class='ocrx_word' id='word_1_164' title='bbox 1411 1319 1548 1369; x_wconf 89' lang='lat' dir='ltr'>Quam</span> <span class='ocrx_word' id='word_1_165' title='bbox 1569 1340 1603 1365; x_wconf 81' lang='lat'>20</span> 
     </span>
     <span class='ocr_line' id='line_1_22' title="bbox 173 1365 1549 1434; baseline 0 -12"><span class='ocrx_word' id='word_1_166' title='bbox 173 1365 264 1422; x_wconf 86' lang='lat' dir='ltr'>8ob</span> <span class='ocrx_word' id='word_1_167' title='bbox 303 1395 412 1434; x_wconf 88' lang='lat' dir='ltr'>rem,</span> <span class='ocrx_word' id='word_1_168' title='bbox 457 1378 663 1434; x_wconf 88' lang='lat' dir='ltr'>Quirites,</span> <span class='ocrx_word' id='word_1_169' title='bbox 710 1380 908 1434; x_wconf 86' lang='lat' dir='ltr'>consilio,</span> <span class='ocrx_word' id='word_1_170' title='bbox 947 1383 1155 1433; x_wconf 89' lang='lat' dir='ltr'>quantum</span> <span class='ocrx_word' id='word_1_171' title='bbox 1192 1382 1364 1434; x_wconf 88' lang='lat' dir='ltr'>potero,</span> <span class='ocrx_word' id='word_1_172' title='bbox 1400 1379 1549 1422; x_wconf 85' lang='lat' dir='ltr'>labore</span> 
     </span>
     <span class='ocr_line' id='line_1_23' title="bbox 207 1438 1548 1494; baseline -0.001 -14"><span class='ocrx_word' id='word_1_173' title='bbox 207 1439 305 1494; x_wconf 92' lang='lat' dir='ltr'>plus</span> <span class='ocrx_word' id='word_1_174' title='bbox 342 1453 494 1493; x_wconf 86' lang='lat' dir='ltr'>paene,</span> <span class='ocrx_word' id='word_1_175' title='bbox 533 1453 661 1493; x_wconf 86' lang='lat' dir='ltr'>quam</span> <span class='ocrx_word' id='word_1_176' title='bbox 698 1442 868 1492; x_wconf 87' lang='lat' dir='ltr'>potero,</span> <span class='ocrx_word' id='word_1_177' title='bbox 907 1438 1124 1480; x_wconf 82' lang='lat' dir='ltr'>excubabo</span> <span class='ocrx_word' id='word_1_178' title='bbox 1162 1438 1438 1493; x_wconf 85' lang='lat' dir='ltr'>vigilaboque</span> <span class='ocrx_word' id='word_1_179' title='bbox 1469 1452 1548 1492; x_wconf 88' lang='lat' dir='ltr'>pro</span> 
     </span>
     <span class='ocr_line' id='line_1_24' title="bbox 207 1496 1549 1552; baseline -0.001 -13"><span class='ocrx_word' id='word_1_180' title='bbox 207 1498 342 1539; x_wconf 83' lang='lat' dir='ltr'>vobis.</span> <span class='ocrx_word' id='word_1_181' title='bbox 404 1497 579 1538; x_wconf 90' lang='lat' dir='ltr'>Etenim</span> <span class='ocrx_word' id='word_1_182' title='bbox 615 1497 710 1551; x_wconf 91' lang='lat' dir='ltr'>quis</span> <span class='ocrx_word' id='word_1_183' title='bbox 744 1500 810 1538; x_wconf 91' lang='lat' dir='ltr'>est</span> <span class='ocrx_word' id='word_1_184' title='bbox 842 1496 964 1551; x_wconf 88' lang='lat' dir='ltr'>civis,</span> <span class='ocrx_word' id='word_1_185' title='bbox 1002 1498 1257 1551; x_wconf 89' lang='lat' dir='ltr'>praesertim</span> <span class='ocrx_word' id='word_1_186' title='bbox 1287 1497 1370 1538; x_wconf 93' lang='lat' dir='ltr'>hoc</span> <span class='ocrx_word' id='word_1_187' title='bbox 1401 1497 1549 1552; x_wconf 85' lang='lat' dir='ltr'>gradu,</span> 
     </span>
     <span class='ocr_line' id='line_1_25' title="bbox 208 1555 1550 1611; baseline -0.001 -13"><span class='ocrx_word' id='word_1_188' title='bbox 208 1571 292 1611; x_wconf 91' lang='lat' dir='ltr'>quo</span> <span class='ocrx_word' id='word_1_189' title='bbox 320 1571 386 1598; x_wconf 94' lang='lat' dir='ltr'>me</span> <span class='ocrx_word' id='word_1_190' title='bbox 413 1570 489 1597; x_wconf 82' lang='lat' dir='ltr'>vos</span> <span class='ocrx_word' id='word_1_191' title='bbox 516 1570 608 1597; x_wconf 89' lang='lat' dir='ltr'>esse</span> <span class='ocrx_word' id='word_1_192' title='bbox 635 1555 845 1610; x_wconf 84' lang='lat' dir='ltr'>voluistis,</span> <span class='ocrx_word' id='word_1_193' title='bbox 878 1559 968 1596; x_wconf 90' lang='lat' dir='ltr'>tam</span> <span class='ocrx_word' id='word_1_194' title='bbox 995 1555 1155 1597; x_wconf 90' lang='lat' dir='ltr'>oblitus</span> <span class='ocrx_word' id='word_1_195' title='bbox 1182 1555 1379 1597; x_wconf 90' lang='lat' dir='ltr'>beneficii</span> <span class='ocrx_word' id='word_1_196' title='bbox 1403 1555 1550 1610; x_wconf 83' lang='lat' dir='ltr'>vestri,</span> 
     </span>
     <span class='ocr_line' id='line_1_26' title="bbox 208 1614 1602 1670; baseline 0 -14"><span class='ocrx_word' id='word_1_197' title='bbox 208 1619 298 1656; x_wconf 89' lang='lat' dir='ltr'>tam</span> <span class='ocrx_word' id='word_1_198' title='bbox 336 1616 564 1656; x_wconf 89' lang='lat' dir='ltr'>immemor</span> <span class='ocrx_word' id='word_1_199' title='bbox 600 1615 783 1669; x_wconf 89' lang='lat' dir='ltr'>patriae,</span> <span class='ocrx_word' id='word_1_200' title='bbox 822 1618 911 1655; x_wconf 89' lang='lat' dir='ltr'>tam</span> <span class='ocrx_word' id='word_1_201' title='bbox 947 1614 1145 1656; x_wconf 91' lang='lat' dir='ltr'>inimicus</span> <span class='ocrx_word' id='word_1_202' title='bbox 1178 1614 1404 1670; x_wconf 82' lang='lat' dir='ltr'>dignitatis</span> <span class='ocrx_word' id='word_1_203' title='bbox 1435 1628 1548 1668; x_wconf 85' lang='lat' dir='ltr'>suae,</span> <span class='ocrx_word' id='word_1_204' title='bbox 1569 1635 1602 1661; x_wconf 80' lang='lat'>25</span> 
     </span>
     <span class='ocr_line' id='line_1_27' title="bbox 208 1673 1548 1728; baseline -0.001 -13"><span class='ocrx_word' id='word_1_205' title='bbox 208 1689 336 1728; x_wconf 91' lang='lat' dir='ltr'>quem</span> <span class='ocrx_word' id='word_1_206' title='bbox 372 1688 460 1715; x_wconf 92' lang='lat' dir='ltr'>non</span> <span class='ocrx_word' id='word_1_207' title='bbox 497 1674 673 1727; x_wconf 83' lang='lat' dir='ltr'>excitet,</span> <span class='ocrx_word' id='word_1_208' title='bbox 710 1687 796 1714; x_wconf 91' lang='grc'>11011</span> <span class='ocrx_word' id='word_1_209' title='bbox 833 1673 1072 1714; x_wconf 87' lang='lat' dir='ltr'>inflammet</span> <span class='ocrx_word' id='word_1_210' title='bbox 1109 1676 1257 1715; x_wconf 90' lang='lat' dir='ltr'>tantus</span> <span class='ocrx_word' id='word_1_211' title='bbox 1294 1676 1436 1714; x_wconf 83' lang='lat' dir='ltr'>vester</span> <span class='ocrx_word' id='word_1_212' title='bbox 1465 1673 1548 1714; x_wconf 86' lang='lat' dir='ltr'>iste</span> 
     </span>
     <span class='ocr_line' id='line_1_28' title="bbox 208 1731 1548 1787; baseline -0.001 -13"><span class='ocrx_word' id='word_1_213' title='bbox 208 1732 470 1774; x_wconf 73' lang='lat' dir='ltr'>consensus?</span> <span class='ocrx_word' id='word_1_214' title='bbox 509 1731 671 1774; x_wconf 89' lang='lat' dir='ltr'>Multas</span> <span class='ocrx_word' id='word_1_215' title='bbox 698 1745 962 1787; x_wconf 85' lang='lat' dir='ltr'>magnasque</span> <span class='ocrx_word' id='word_1_216' title='bbox 988 1732 1120 1773; x_wconf 89' lang='lat' dir='ltr'>habui</span> <span class='ocrx_word' id='word_1_217' title='bbox 1145 1731 1293 1774; x_wconf 89' lang='lat' dir='ltr'>consul</span> <span class='ocrx_word' id='word_1_218' title='bbox 1314 1731 1548 1786; x_wconf 88' lang='lat' dir='ltr'>contiones,</span> 
     </span>
     <span class='ocr_line' id='line_1_29' title="bbox 207 1790 1548 1845; baseline -0.001 -12"><span class='ocrx_word' id='word_1_219' title='bbox 207 1792 357 1833; x_wconf 90' lang='lat' dir='ltr'>multis</span> <span class='ocrx_word' id='word_1_220' title='bbox 389 1791 584 1843; x_wconf 76' lang='lat' dir='ltr'>interfui3</span> <span class='ocrx_word' id='word_1_221' title='bbox 618 1791 781 1832; x_wconf 89' lang='grc'>1111113111</span> <span class='ocrx_word' id='word_1_222' title='bbox 813 1805 1018 1845; x_wconf 87' lang='lat' dir='ltr'>umquam</span> <span class='ocrx_word' id='word_1_223' title='bbox 1050 1790 1136 1831; x_wconf 87' lang='lat' dir='ltr'>vidi</span> <span class='ocrx_word' id='word_1_224' title='bbox 1168 1793 1354 1844; x_wconf 87' lang='lat' dir='ltr'>tantam,</span> <span class='ocrx_word' id='word_1_225' title='bbox 1386 1793 1548 1844; x_wconf 86' lang='lat' dir='ltr'>quanta.</span> 
     </span>
     <span class='ocr_line' id='line_1_30' title="bbox 206 1849 1547 1903; baseline -0.002 -11"><span class='ocrx_word' id='word_1_226' title='bbox 206 1865 319 1892; x_wconf 83' lang='lat' dir='ltr'>nunc</span> <span class='ocrx_word' id='word_1_227' title='bbox 338 1853 530 1891; x_wconf 88' lang='lat' dir='ltr'>vestrum</span> <span class='ocrx_word' id='word_1_228' title='bbox 550 1852 626 1891; x_wconf 92' lang='lat' dir='ltr'>est.</span> <span class='ocrx_word' id='word_1_229' title='bbox 661 1849 807 1891; x_wconf 88' lang='lat' dir='ltr'>Unum</span> <span class='ocrx_word' id='word_1_230' title='bbox 827 1849 998 1890; x_wconf 87' lang='lat' dir='ltr'>sentitis</span> <span class='ocrx_word' id='word_1_231' title='bbox 1020 1863 1179 1903; x_wconf 88' lang='lat' dir='ltr'>omnes,</span> <span class='ocrx_word' id='word_1_232' title='bbox 1198 1863 1331 1890; x_wconf 89' lang='lat' dir='ltr'>unum</span> <span class='ocrx_word' id='word_1_233' title='bbox 1351 1849 1547 1903; x_wconf 88' lang='lat' dir='ltr'>studetis,</span> 
     </span>
     <span class='ocr_line' id='line_1_31' title="bbox 207 1883 1600 1962; baseline 0 -12"><span class='ocrx_word' id='word_1_234' title='bbox 207 1908 264 1950; x_wconf 89' lang='grc' dir='ltr'>Μ.</span> <span class='ocrx_word' id='word_1_235' title='bbox 301 1908 466 1950; x_wconf 89' lang='lat' dir='ltr'>Antoni</span> <span class='ocrx_word' id='word_1_236' title='bbox 511 1911 689 1950; x_wconf 89' lang='lat' dir='ltr'>conatus</span> <span class='ocrx_word' id='word_1_237' title='bbox 734 1911 924 1949; x_wconf 87' lang='lat' dir='ltr'>avertere</span> <span class='ocrx_word' id='word_1_238' title='bbox 969 1922 994 1948; x_wconf 91' lang='lat' dir='ltr'>a</span> <span class='ocrx_word' id='word_1_239' title='bbox 1036 1922 1082 1949; x_wconf 89' lang='lat' dir='ltr'>re</span> <span class='ocrx_word' id='word_1_240' title='bbox 1122 1883 1313 1962; x_wconf 75' lang='lat' dir='ltr'>piiblica,</span> <span class='ocrx_word' id='word_1_241' title='bbox 1355 1906 1547 1948; x_wconf 86' lang='lat' dir='ltr'>furorem</span> <span class='ocrx_word' id='word_1_242' title='bbox 1565 1925 1600 1950; x_wconf 77' lang='lat'>30</span> 
     </span>
     <span class='ocr_line' id='line_1_32' title="bbox 208 1965 1546 2023; baseline -0.001 -14"><span class='ocrx_word' id='word_1_243' title='bbox 208 1968 470 2023; x_wconf 83' lang='lat' dir='ltr'>extinguere,</span> <span class='ocrx_word' id='word_1_244' title='bbox 503 1967 744 2021; x_wconf 86' lang='lat' dir='ltr'>opprimere</span> <span class='ocrx_word' id='word_1_245' title='bbox 777 1966 1009 2008; x_wconf 88' lang='lat' dir='ltr'>audaciam.</span> <span class='ocrx_word' id='word_1_246' title='bbox 1065 1965 1184 2007; x_wconf 90' lang='lat' dir='ltr'>Idem</span> <span class='ocrx_word' id='word_1_247' title='bbox 1216 1966 1367 2007; x_wconf 86' lang='lat' dir='ltr'>volunt</span> <span class='ocrx_word' id='word_1_248' title='bbox 1398 1980 1546 2008; x_wconf 82' lang='lat' dir='ltr'>omnes</span> 
     </span>
     <span class='ocr_line' id='line_1_33' title="bbox 209 2024 1546 2080; baseline -0.001 -13"><span class='ocrx_word' id='word_1_249' title='bbox 209 2026 392 2080; x_wconf 87' lang='lat' dir='ltr'>ordines,</span> <span class='ocrx_word' id='word_1_250' title='bbox 423 2025 573 2067; x_wconf 90' lang='lat' dir='ltr'>eodem</span> <span class='ocrx_word' id='word_1_251' title='bbox 601 2025 856 2067; x_wconf 89' lang='lat' dir='ltr'>incumbunt</span> <span class='ocrx_word' id='word_1_252' title='bbox 881 2024 1125 2079; x_wconf 85' lang='lat' dir='ltr'>municipia,</span> <span class='ocrx_word' id='word_1_253' title='bbox 1157 2024 1361 2078; x_wconf 90' lang='lat' dir='ltr'>coloniae,</span> <span class='ocrx_word' id='word_1_254' title='bbox 1393 2027 1546 2066; x_wconf 83' lang='lat' dir='ltr'>cuncta</span> 
     </span>
     <span class='ocr_line' id='line_1_34' title="bbox 208 2082 1546 2138; baseline -0.002 -12"><span class='ocrx_word' id='word_1_255' title='bbox 208 2084 348 2126; x_wconf 89' lang='lat' dir='ltr'>Italia.</span> <span class='ocrx_word' id='word_1_256' title='bbox 410 2083 563 2138; x_wconf 86' lang='lat' dir='ltr'>Itaque</span> <span class='ocrx_word' id='word_1_257' title='bbox 602 2087 799 2126; x_wconf 88' lang='lat' dir='ltr'>senatum</span> <span class='ocrx_word' id='word_1_258' title='bbox 836 2084 942 2125; x_wconf 91' lang='lat' dir='ltr'>bene</span> <span class='ocrx_word' id='word_1_259' title='bbox 980 2097 1058 2124; x_wconf 90' lang='lat' dir='ltr'>sua</span> <span class='ocrx_word' id='word_1_260' title='bbox 1092 2086 1244 2138; x_wconf 89' lang='lat' dir='ltr'>sponte</span> <span class='ocrx_word' id='word_1_261' title='bbox 1275 2083 1448 2124; x_wconf 88' lang='lat' dir='ltr'>firmum</span> <span class='ocrx_word' id='word_1_262' title='bbox 1477 2082 1546 2124; x_wconf 90' lang='lat' dir='ltr'>fir-</span> 
     </span>
     <span class='ocr_line' id='line_1_35' title="bbox 154 2141 1544 2194; baseline -0.004 -8"><span class='ocrx_word' id='word_1_263' title='bbox 154 2157 192 2186; x_wconf 78' lang='lat'>19</span> <span class='ocrx_word' id='word_1_264' title='bbox 209 2144 390 2185; x_wconf 88' lang='lat' dir='ltr'>miorem</span> <span class='ocrx_word' id='word_1_265' title='bbox 438 2146 583 2184; x_wconf 85' lang='lat' dir='ltr'>vestra</span> <span class='ocrx_word' id='word_1_266' title='bbox 634 2142 892 2184; x_wconf 86' lang='lat' dir='ltr'>auctoritate</span> <span class='ocrx_word' id='word_1_267' title='bbox 942 2141 1117 2183; x_wconf 86' lang='lat' dir='ltr'>fecistis.</span> <span class='ocrx_word' id='word_1_268' title='bbox 1191 2141 1322 2182; x_wconf 89' lang='lat' dir='ltr'>Venit</span> <span class='ocrx_word' id='word_1_269' title='bbox 1363 2144 1544 2194; x_wconf 86' lang='lat' dir='ltr'>tempus,</span> 
     </span>
     <span class='ocr_line' id='line_1_36' title="bbox 209 2198 1597 2255; baseline -0.001 -12"><span class='ocrx_word' id='word_1_270' title='bbox 209 2201 410 2255; x_wconf 88' lang='lat' dir='ltr'>Quirites,</span> <span class='ocrx_word' id='word_1_271' title='bbox 436 2202 573 2243; x_wconf 91' lang='lat' dir='ltr'>serius</span> <span class='ocrx_word' id='word_1_272' title='bbox 601 2201 787 2253; x_wconf 88' lang='grc'>0111111110,</span> <span class='ocrx_word' id='word_1_273' title='bbox 814 2215 942 2254; x_wconf 90' lang='lat' dir='ltr'>quam</span> <span class='ocrx_word' id='word_1_274' title='bbox 968 2200 1145 2255; x_wconf 88' lang='lat' dir='ltr'>dignum</span> <span class='ocrx_word' id='word_1_275' title='bbox 1167 2200 1327 2254; x_wconf 90' lang='lat' dir='ltr'>populo</span> <span class='ocrx_word' id='word_1_276' title='bbox 1347 2198 1542 2240; x_wconf 88' lang='lat' dir='ltr'>Romano</span> <span class='ocrx_word' id='word_1_277' title='bbox 1563 2216 1597 2242; x_wconf 72' lang='lat'>35</span> 
     </span>
     <span class='ocr_line' id='line_1_37' title="bbox 208 2257 1545 2313; baseline -0.001 -14"><span class='ocrx_word' id='word_1_278' title='bbox 208 2260 302 2313; x_wconf 84' lang='lat' dir='ltr'>fuit,</span> <span class='ocrx_word' id='word_1_279' title='bbox 335 2260 409 2301; x_wconf 90' lang='lat' dir='ltr'>sed</span> <span class='ocrx_word' id='word_1_280' title='bbox 438 2263 584 2301; x_wconf 87' lang='lat' dir='ltr'>tamen</span> <span class='ocrx_word' id='word_1_281' title='bbox 609 2260 671 2300; x_wconf 86' lang='lat' dir='ltr'>ita</span> <span class='ocrx_word' id='word_1_282' title='bbox 697 2262 925 2313; x_wconf 85' lang='lat' dir='ltr'>maturum,</span> <span class='ocrx_word' id='word_1_283' title='bbox 956 2261 1005 2300; x_wconf 88' lang='lat' dir='ltr'>ut</span> <span class='ocrx_word' id='word_1_284' title='bbox 1031 2258 1191 2300; x_wconf 88' lang='lat' dir='ltr'>differri</span> <span class='ocrx_word' id='word_1_285' title='bbox 1215 2258 1302 2299; x_wconf 89' lang='lat' dir='ltr'>iam</span> <span class='ocrx_word' id='word_1_286' title='bbox 1327 2257 1434 2298; x_wconf 88' lang='lat' dir='ltr'>hora</span> <span class='ocrx_word' id='word_1_287' title='bbox 1457 2271 1545 2298; x_wconf 91' lang='lat' dir='ltr'>non</span> 
     </span>
     <span class='ocr_line' id='line_1_38' title="bbox 208 2315 1544 2372; baseline -0.001 -15"><span class='ocrx_word' id='word_1_288' title='bbox 208 2318 356 2370; x_wconf 85' lang='lat' dir='ltr'>possit.</span> <span class='ocrx_word' id='word_1_289' title='bbox 407 2317 510 2359; x_wconf 89' lang='lat' dir='ltr'>Fuit</span> <span class='ocrx_word' id='word_1_290' title='bbox 543 2318 699 2372; x_wconf 89' lang='lat' dir='ltr'>aliquis</span> <span class='ocrx_word' id='word_1_291' title='bbox 730 2317 877 2358; x_wconf 86' lang='lat' dir='ltr'>fatalis</span> <span class='ocrx_word' id='word_1_292' title='bbox 907 2331 1043 2371; x_wconf 85' lang='lat' dir='ltr'>casus,</span> <span class='ocrx_word' id='word_1_293' title='bbox 1074 2320 1123 2358; x_wconf 92' lang='lat' dir='ltr'>ut</span> <span class='ocrx_word' id='word_1_294' title='bbox 1148 2317 1211 2358; x_wconf 87' lang='lat' dir='ltr'>ita</span> <span class='ocrx_word' id='word_1_295' title='bbox 1235 2315 1385 2368; x_wconf 88' lang='lat' dir='ltr'>dicam,</span> <span class='ocrx_word' id='word_1_296' title='bbox 1417 2329 1544 2369; x_wconf 88' lang='lat' dir='ltr'>quem</span> 
     </span>
    </p>
   </div>
   <div class='ocr_carea' id='block_1_3' title="bbox 169 1306 218 1345">
    <p class='ocr_par' dir='ltr' id='par_1_3' title="bbox 169 1306 218 1345">
     <span class='ocr_line' id='line_1_39' title="bbox 169 1306 218 1345; baseline 0 0"><span class='ocrx_word' id='word_1_297' title='bbox 169 1306 218 1345; x_wconf 84' lang='lat'>7·</span> 
     </span>
    </p>
   </div>
  </div>
 </body>
</html>
