<?xml version="1.0" encoding="UTF-8"?>
<!DOCTYPE html PUBLIC "-//W3C//DTD XHTML 1.0 Transitional//EN"
    "http://www.w3.org/TR/xhtml1/DTD/xhtml1-transitional.dtd">
<html xmlns="http://www.w3.org/1999/xhtml" xml:lang="en" lang="en">
 <head>
  <title>
</title>
<meta http-equiv="Content-Type" content="text/html;charset=utf-8" />
  <meta name='ocr-system' content='tesseract 3.04.00' />
  <meta name='ocr-capabilities' content='ocr_page ocr_carea ocr_par ocr_line ocrx_word'/>
</head>
<body>
  <div class='ocr_page' id='page_1' title='image "./p3scriptaquaemanse02ciceuoft_0445.png"; bbox 0 0 1671 2543; ppageno 0'>
   <div class='ocr_carea' id='block_1_1' title="bbox 578 69 1503 114">
    <p class='ocr_par' dir='ltr' id='par_1_1' title="bbox 578 69 1503 114">
     <span class='ocr_line' id='line_1_1' title="bbox 578 69 1503 114; baseline 0.006 -8"><span class='ocrx_word' id='word_1_1' title='bbox 578 70 680 106; x_wconf 82' lang='lat' dir='ltr'>CAP.</span> <span class='ocrx_word' id='word_1_2' title='bbox 710 75 846 106; x_wconf 85' lang='lat'>13-14</span> <span class='ocrx_word' id='word_1_3' title='bbox 872 74 891 114; x_wconf 62' lang='grc' dir='ltr'>ἓ</span> <span class='ocrx_word' id='word_1_4' title='bbox 917 73 1068 106; x_wconf 85' lang='lat'>33—38.</span> <span class='ocrx_word' id='word_1_5' title='bbox 1415 69 1503 112; x_wconf 81' lang='lat'>295</span> 
     </span>
    </p>
   </div>
   <div class='ocr_carea' id='block_1_2' title="bbox 106 177 1573 2336">
    <p class='ocr_par' dir='ltr' id='par_1_2' title="bbox 119 177 1502 702">
     <span class='ocr_line' id='line_1_2' title="bbox 155 177 1502 232; baseline -0.001 -11"><span class='ocrx_word' id='word_1_6' title='bbox 155 180 192 221; x_wconf 88' lang='lat' dir='ltr'>si</span> <span class='ocrx_word' id='word_1_7' title='bbox 230 179 334 221; x_wconf 89' lang='lat' dir='ltr'>haec</span> <span class='ocrx_word' id='word_1_8' title='bbox 372 193 460 221; x_wconf 93' lang='lat' dir='ltr'>non</span> <span class='ocrx_word' id='word_1_9' title='bbox 497 179 591 221; x_wconf 90' lang='lat' dir='ltr'>dico</span> <span class='ocrx_word' id='word_1_10' title='bbox 631 178 795 220; x_wconf 90' lang='lat' dir='ltr'>maiora</span> <span class='ocrx_word' id='word_1_11' title='bbox 826 177 1001 220; x_wconf 85' lang='lat' dir='ltr'>fuerunt</span> <span class='ocrx_word' id='word_1_12' title='bbox 1031 178 1077 220; x_wconf 90' lang='lat' dir='ltr'>in</span> <span class='ocrx_word' id='word_1_13' title='bbox 1109 177 1260 221; x_wconf 88' lang='lat' dir='ltr'>Clodio</span> <span class='ocrx_word' id='word_1_14' title='bbox 1295 193 1423 232; x_wconf 89' lang='lat' dir='ltr'>quam</span> <span class='ocrx_word' id='word_1_15' title='bbox 1456 179 1502 220; x_wconf 91' lang='lat' dir='ltr'>in</span> 
     </span>
     <span class='ocr_line' id='line_1_3' title="bbox 154 236 1500 292; baseline -0.001 -13"><span class='ocrx_word' id='word_1_16' title='bbox 154 238 329 292; x_wconf 78' lang='lat' dir='ltr'>Milone,</span> <span class='ocrx_word' id='word_1_17' title='bbox 365 238 437 280; x_wconf 90' lang='lat' dir='ltr'>sed</span> <span class='ocrx_word' id='word_1_18' title='bbox 470 238 514 279; x_wconf 90' lang='lat' dir='ltr'>in</span> <span class='ocrx_word' id='word_1_19' title='bbox 545 237 619 279; x_wconf 89' lang='lat' dir='ltr'>illo</span> <span class='ocrx_word' id='word_1_20' title='bbox 652 237 849 290; x_wconf 83' lang='lat' dir='ltr'>maxima,</span> <span class='ocrx_word' id='word_1_21' title='bbox 881 236 1001 278; x_wconf 90' lang='lat' dir='ltr'>nulla</span> <span class='ocrx_word' id='word_1_22' title='bbox 1031 237 1077 279; x_wconf 91' lang='lat' dir='ltr'>in</span> <span class='ocrx_word' id='word_1_23' title='bbox 1107 237 1201 287; x_wconf 86' lang='grc'><strong>1100,</strong></span> <span class='ocrx_word' id='word_1_24' title='bbox 1235 237 1336 291; x_wconf 87' lang='lat' dir='ltr'>quid</span> <span class='ocrx_word' id='word_1_25' title='bbox 1368 237 1500 278; x_wconf 86' lang='lat' dir='ltr'>voltis</span> 
     </span>
     <span class='ocr_line' id='line_1_4' title="bbox 156 294 1500 352; baseline -0.001 -14"><span class='ocrx_word' id='word_1_26' title='bbox 156 296 372 352; x_wconf 82' lang='lat' dir='ltr'>amplius?</span> <span class='ocrx_word' id='word_1_27' title='bbox 429 296 542 345; x_wconf 82' lang='lat' dir='ltr'>Quid</span> <span class='ocrx_word' id='word_1_28' title='bbox 580 296 694 338; x_wconf 89' lang='lat' dir='ltr'>enim</span> <span class='ocrx_word' id='word_1_29' title='bbox 731 296 894 337; x_wconf 87' lang='lat' dir='ltr'>odisset</span> <span class='ocrx_word' id='word_1_30' title='bbox 925 294 1125 337; x_wconf 89' lang='lat' dir='ltr'>Clodium</span> <span class='ocrx_word' id='word_1_31' title='bbox 1156 295 1275 346; x_wconf 86' lang='lat' dir='ltr'>Milo,</span> <span class='ocrx_word' id='word_1_32' title='bbox 1308 298 1500 351; x_wconf 82' lang='lat' dir='ltr'>segetem</span> 
     </span>
     <span class='ocr_line' id='line_1_5' title="bbox 157 354 1501 410; baseline -0.001 -13"><span class='ocrx_word' id='word_1_33' title='bbox 157 370 205 398; x_wconf 89' lang='lat' dir='ltr'>ac</span> <span class='ocrx_word' id='word_1_34' title='bbox 243 355 468 397; x_wconf 74' lang='lat' dir='ltr'>materiem</span> <span class='ocrx_word' id='word_1_35' title='bbox 509 368 610 396; x_wconf 87' lang='lat' dir='ltr'>suae</span> <span class='ocrx_word' id='word_1_36' title='bbox 649 354 831 410; x_wconf 85' lang='lat' dir='ltr'>gloriae,</span> <span class='ocrx_word' id='word_1_37' title='bbox 868 357 1041 408; x_wconf 86' lang='lat' dir='ltr'>praeter</span> <span class='ocrx_word' id='word_1_38' title='bbox 1071 354 1153 396; x_wconf 87' lang='lat' dir='ltr'>hoc</span> <span class='ocrx_word' id='word_1_39' title='bbox 1186 354 1310 396; x_wconf 83' lang='lat' dir='ltr'>civile</span> <span class='ocrx_word' id='word_1_40' title='bbox 1343 354 1501 408; x_wconf 89' lang='lat' dir='ltr'>odium,</span> 
     </span>
     <span class='ocr_line' id='line_1_6' title="bbox 119 412 1501 469; baseline -0.001 -14"><span class='ocrx_word' id='word_1_41' title='bbox 119 427 241 469; x_wconf 70' lang='lat' dir='ltr'>squo</span> <span class='ocrx_word' id='word_1_42' title='bbox 287 427 434 455; x_wconf 89' lang='lat' dir='ltr'>omnes</span> <span class='ocrx_word' id='word_1_43' title='bbox 479 413 685 468; x_wconf 89' lang='lat' dir='ltr'>inprobos</span> <span class='ocrx_word' id='word_1_44' title='bbox 731 412 927 455; x_wconf 78' lang='lat' dir='ltr'>odimus?</span> <span class='ocrx_word' id='word_1_45' title='bbox 990 412 1069 455; x_wconf 90' lang='lat' dir='ltr'>Ille</span> <span class='ocrx_word' id='word_1_46' title='bbox 1114 415 1207 455; x_wconf 86' lang='lat' dir='ltr'>erat</span> <span class='ocrx_word' id='word_1_47' title='bbox 1244 415 1293 455; x_wconf 90' lang='lat' dir='ltr'>ut</span> <span class='ocrx_word' id='word_1_48' title='bbox 1336 413 1501 455; x_wconf 89' lang='lat' dir='ltr'>odisset</span> 
     </span>
     <span class='ocr_line' id='line_1_7' title="bbox 155 471 1501 527; baseline -0.001 -14"><span class='ocrx_word' id='word_1_49' title='bbox 155 473 343 527; x_wconf 87' lang='lat' dir='ltr'>primum</span> <span class='ocrx_word' id='word_1_50' title='bbox 382 471 650 514; x_wconf 79' lang='lat' dir='ltr'>defensorem</span> <span class='ocrx_word' id='word_1_51' title='bbox 689 472 841 513; x_wconf 86' lang='lat' dir='ltr'>salutis</span> <span class='ocrx_word' id='word_1_52' title='bbox 881 486 1019 526; x_wconf 87' lang='lat' dir='ltr'>meae,</span> <span class='ocrx_word' id='word_1_53' title='bbox 1062 471 1213 513; x_wconf 90' lang='lat' dir='ltr'>deinde</span> <span class='ocrx_word' id='word_1_54' title='bbox 1251 474 1501 514; x_wconf 72' lang='lat' dir='ltr'>vexatorem</span> 
     </span>
     <span class='ocr_line' id='line_1_8' title="bbox 155 530 1501 585; baseline -0.001 -12"><span class='ocrx_word' id='word_1_55' title='bbox 155 531 326 581; x_wconf 87' lang='lat' dir='ltr'>furoris,</span> <span class='ocrx_word' id='word_1_56' title='bbox 359 530 619 572; x_wconf 72' lang='lat' dir='ltr'>domitorem</span> <span class='ocrx_word' id='word_1_57' title='bbox 652 545 871 572; x_wconf 87' lang='lat' dir='ltr'>armorum</span> <span class='ocrx_word' id='word_1_58' title='bbox 900 544 1088 580; x_wconf 85' lang='lat' dir='ltr'>suorum,</span> <span class='ocrx_word' id='word_1_59' title='bbox 1119 533 1340 585; x_wconf 88' lang='lat' dir='ltr'>postremo</span> <span class='ocrx_word' id='word_1_60' title='bbox 1368 531 1501 571; x_wconf 89' lang='lat' dir='ltr'>etiam</span> 
     </span>
     <span class='ocr_line' id='line_1_9' title="bbox 156 588 1501 644; baseline -0.001 -13"><span class='ocrx_word' id='word_1_61' title='bbox 156 592 450 631; x_wconf 72' lang='lat' dir='ltr'>accusatorem</span> <span class='ocrx_word' id='word_1_62' title='bbox 484 603 626 643; x_wconf 82' lang='lat' dir='ltr'>suum3</span> <span class='ocrx_word' id='word_1_63' title='bbox 657 603 754 631; x_wconf 89' lang='lat' dir='ltr'>reus</span> <span class='ocrx_word' id='word_1_64' title='bbox 782 589 895 630; x_wconf 90' lang='lat' dir='ltr'>enim</span> <span class='ocrx_word' id='word_1_65' title='bbox 922 588 1098 630; x_wconf 87' lang='lat' dir='ltr'>Milonis</span> <span class='ocrx_word' id='word_1_66' title='bbox 1125 589 1219 644; x_wconf 81' lang='lat' dir='ltr'>lege</span> <span class='ocrx_word' id='word_1_67' title='bbox 1245 588 1391 630; x_wconf 88' lang='lat' dir='ltr'>Plotia</span> <span class='ocrx_word' id='word_1_68' title='bbox 1416 588 1501 630; x_wconf 83' lang='lat' dir='ltr'>fuit</span> 
     </span>
     <span class='ocr_line' id='line_1_10' title="bbox 156 647 1502 702; baseline -0.001 -12"><span class='ocrx_word' id='word_1_69' title='bbox 156 647 344 698; x_wconf 87' lang='lat' dir='ltr'>Clodius,</span> <span class='ocrx_word' id='word_1_70' title='bbox 381 648 521 702; x_wconf 89' lang='lat' dir='ltr'>quoad</span> <span class='ocrx_word' id='word_1_71' title='bbox 552 648 672 690; x_wconf 82' lang='lat' dir='ltr'>vixit.</span> <span class='ocrx_word' id='word_1_72' title='bbox 735 647 828 696; x_wconf 88' lang='lat' dir='ltr'>Quo</span> <span class='ocrx_word' id='word_1_73' title='bbox 862 647 1035 689; x_wconf 90' lang='lat' dir='ltr'>tandem</span> <span class='ocrx_word' id='word_1_74' title='bbox 1068 647 1212 688; x_wconf 88' lang='lat' dir='ltr'>animo</span> <span class='ocrx_word' id='word_1_75' title='bbox 1243 647 1326 690; x_wconf 93' lang='lat' dir='ltr'>hoc</span> <span class='ocrx_word' id='word_1_76' title='bbox 1357 650 1502 702; x_wconf 82' lang='lat' dir='ltr'>tyran-</span> 
     </span>
    </p>

    <p class='ocr_par' dir='ltr' id='par_1_3' title="bbox 106 706 1503 760">
     <span class='ocr_line' id='line_1_11' title="bbox 106 706 1503 760; baseline 0.001 -15"><span class='ocrx_word' id='word_1_77' title='bbox 106 720 137 745; x_wconf 88' lang='grc' dir='ltr'>ιο</span> <span class='ocrx_word' id='word_1_78' title='bbox 154 721 259 748; x_wconf 87' lang='grc'><strong>1111111</strong></span> <span class='ocrx_word' id='word_1_79' title='bbox 296 706 421 748; x_wconf 89' lang='lat' dir='ltr'>illum</span> <span class='ocrx_word' id='word_1_80' title='bbox 459 706 611 748; x_wconf 90' lang='lat' dir='ltr'>tulisse</span> <span class='ocrx_word' id='word_1_81' title='bbox 644 706 848 748; x_wconf 81' lang='lat' dir='ltr'>creditis?</span> <span class='ocrx_word' id='word_1_82' title='bbox 889 709 1098 760; x_wconf 82' lang='lat' dir='ltr'>quantum</span> <span class='ocrx_word' id='word_1_83' title='bbox 1132 706 1276 747; x_wconf 90' lang='lat' dir='ltr'>odium</span> <span class='ocrx_word' id='word_1_84' title='bbox 1308 706 1425 748; x_wconf 90' lang='lat' dir='ltr'>illius</span> <span class='ocrx_word' id='word_1_85' title='bbox 1459 708 1503 747; x_wconf 91' lang='lat' dir='ltr'>et</span> 
     </span>
    </p>

    <p class='ocr_par' dir='ltr' id='par_1_4' title="bbox 155 764 1573 894">
     <span class='ocr_line' id='line_1_12' title="bbox 155 764 1316 819; baseline -0.001 -13"><span class='ocrx_word' id='word_1_86' title='bbox 155 765 200 806; x_wconf 90' lang='lat' dir='ltr'>in</span> <span class='ocrx_word' id='word_1_87' title='bbox 231 765 404 807; x_wconf 87' lang='lat' dir='ltr'>homine</span> <span class='ocrx_word' id='word_1_88' title='bbox 437 765 599 807; x_wconf 90' lang='lat' dir='ltr'>iniusto</span> <span class='ocrx_word' id='word_1_89' title='bbox 634 779 762 819; x_wconf 87' lang='lat' dir='ltr'>quam</span> <span class='ocrx_word' id='word_1_90' title='bbox 795 764 926 805; x_wconf 90' lang='lat' dir='ltr'>etiam</span> <span class='ocrx_word' id='word_1_91' title='bbox 958 765 1121 806; x_wconf 89' lang='lat' dir='ltr'>iustum</span> <span class='ocrx_word' id='word_1_92' title='bbox 1154 764 1316 806; x_wconf 78' lang='lat' dir='ltr'>fuisse?</span> 
     </span>
     <span class='ocr_line' id='line_1_13' title="bbox 244 804 1573 894; baseline -0.001 -29"><span class='ocrx_word' id='word_1_93' title='bbox 244 823 476 878; x_wconf 87' lang='lat' dir='ltr'>Reliquum</span> <span class='ocrx_word' id='word_1_94' title='bbox 508 826 585 877; x_wconf 88' lang='lat' dir='ltr'>est,</span> <span class='ocrx_word' id='word_1_95' title='bbox 619 827 668 864; x_wconf 90' lang='lat' dir='ltr'>ut</span> <span class='ocrx_word' id='word_1_96' title='bbox 699 824 785 864; x_wconf 88' lang='lat' dir='ltr'>iam</span> <span class='ocrx_word' id='word_1_97' title='bbox 817 823 940 864; x_wconf 91' lang='lat' dir='ltr'>illum</span> <span class='ocrx_word' id='word_1_98' title='bbox 971 826 1127 865; x_wconf 84' lang='lat' dir='ltr'>natura</span> <span class='ocrx_word' id='word_1_99' title='bbox 1158 823 1294 877; x_wconf 87' lang='lat' dir='ltr'>ipsius</span> <span class='ocrx_word' id='word_1_100' title='bbox 1327 804 1573 894; x_wconf 44' lang='lat' dir='ltr'>consue-34</span> 
     </span>
    </p>

    <p class='ocr_par' dir='ltr' id='par_1_5' title="bbox 156 864 1561 936">
     <span class='ocr_line' id='line_1_14' title="bbox 156 864 1561 936; baseline -0.001 -12"><span class='ocrx_word' id='word_1_101' title='bbox 156 882 345 936; x_wconf 88' lang='lat' dir='ltr'>tudoque</span> <span class='ocrx_word' id='word_1_102' title='bbox 378 881 589 936; x_wconf 89' lang='lat' dir='ltr'>defendat,</span> <span class='ocrx_word' id='word_1_103' title='bbox 621 881 734 923; x_wconf 90' lang='lat' dir='ltr'>hunc</span> <span class='ocrx_word' id='word_1_104' title='bbox 766 884 911 923; x_wconf 88' lang='lat' dir='ltr'>autem</span> <span class='ocrx_word' id='word_1_105' title='bbox 942 881 1048 923; x_wconf 90' lang='lat' dir='ltr'>haec</span> <span class='ocrx_word' id='word_1_106' title='bbox 1077 882 1223 923; x_wconf 86' lang='lat' dir='ltr'>eadem</span> <span class='ocrx_word' id='word_1_107' title='bbox 1251 884 1501 936; x_wconf 82' lang='lat' dir='ltr'>coarguant.</span> <span class='ocrx_word' id='word_1_108' title='bbox 1541 864 1561 895; x_wconf 83' lang='lat'>6</span> 
     </span>
    </p>

    <p class='ocr_par' dir='ltr' id='par_1_6' title="bbox 158 939 1502 995">
     <span class='ocr_line' id='line_1_15' title="bbox 158 939 1502 995; baseline -0.001 -13"><span class='ocrx_word' id='word_1_109' title='bbox 158 940 294 982; x_wconf 71' lang='lat' dir='ltr'>‘Nihil</span> <span class='ocrx_word' id='word_1_110' title='bbox 321 954 397 995; x_wconf 88' lang='lat' dir='ltr'>per</span> <span class='ocrx_word' id='word_1_111' title='bbox 422 941 510 982; x_wconf 83' lang='lat' dir='ltr'>vim</span> <span class='ocrx_word' id='word_1_112' title='bbox 535 954 738 994; x_wconf 86' lang='lat' dir='ltr'>umquam</span> <span class='ocrx_word' id='word_1_113' title='bbox 765 939 953 994; x_wconf 75' lang='lat' dir='ltr'>Clodius,</span> <span class='ocrx_word' id='word_1_114' title='bbox 986 940 1129 981; x_wconf 91' lang='lat' dir='ltr'>omnia</span> <span class='ocrx_word' id='word_1_115' title='bbox 1153 955 1229 994; x_wconf 86' lang='lat' dir='ltr'>per</span> <span class='ocrx_word' id='word_1_116' title='bbox 1255 941 1342 981; x_wconf 81' lang='lat' dir='ltr'>vim</span> <span class='ocrx_word' id='word_1_117' title='bbox 1368 939 1502 981; x_wconf 70' lang='lat' dir='ltr'>Milo?</span> 
     </span>
    </p>

    <p class='ocr_par' dir='ltr' id='par_1_7' title="bbox 107 999 1504 1287">
     <span class='ocr_line' id='line_1_16' title="bbox 107 999 1504 1054; baseline 0.002 -17"><span class='ocrx_word' id='word_1_118' title='bbox 107 1012 138 1038; x_wconf 82' lang='lat'>15</span> <span class='ocrx_word' id='word_1_119' title='bbox 160 999 301 1048; x_wconf 77' lang='lat' dir='ltr'>Quid?</span> <span class='ocrx_word' id='word_1_120' title='bbox 334 1012 426 1054; x_wconf 81' lang='lat' dir='ltr'>ego,</span> <span class='ocrx_word' id='word_1_121' title='bbox 458 999 631 1053; x_wconf 88' lang='lat' dir='ltr'>iudices,</span> <span class='ocrx_word' id='word_1_122' title='bbox 661 1013 757 1040; x_wconf 89' lang='lat' dir='ltr'>cum</span> <span class='ocrx_word' id='word_1_123' title='bbox 783 999 1074 1040; x_wconf 87' lang='lat' dir='ltr'>maerentibus</span> <span class='ocrx_word' id='word_1_124' title='bbox 1101 999 1223 1040; x_wconf 86' lang='lat' dir='ltr'>vobis</span> <span class='ocrx_word' id='word_1_125' title='bbox 1249 999 1355 1040; x_wconf 85' lang='lat' dir='ltr'>urbe</span> <span class='ocrx_word' id='word_1_126' title='bbox 1382 999 1504 1053; x_wconf 87' lang='lat' dir='ltr'>cessi,</span> 
     </span>
     <span class='ocr_line' id='line_1_17' title="bbox 158 1057 1502 1111; baseline -0.001 -12"><span class='ocrx_word' id='word_1_127' title='bbox 158 1057 418 1099; x_wconf 85' lang='lat' dir='ltr'>iudiciumne</span> <span class='ocrx_word' id='word_1_128' title='bbox 456 1057 599 1111; x_wconf 88' lang='lat' dir='ltr'>timui,</span> <span class='ocrx_word' id='word_1_129' title='bbox 639 1071 725 1098; x_wconf 92' lang='lat' dir='ltr'>non</span> <span class='ocrx_word' id='word_1_130' title='bbox 764 1071 926 1111; x_wconf 86' lang='lat' dir='ltr'>servos,</span> <span class='ocrx_word' id='word_1_131' title='bbox 963 1071 1050 1098; x_wconf 90' lang='lat' dir='ltr'>non</span> <span class='ocrx_word' id='word_1_132' title='bbox 1089 1071 1224 1111; x_wconf 90' lang='lat' dir='ltr'>arma,</span> <span class='ocrx_word' id='word_1_133' title='bbox 1261 1072 1349 1098; x_wconf 90' lang='lat' dir='ltr'>non</span> <span class='ocrx_word' id='word_1_134' title='bbox 1385 1057 1502 1098; x_wconf 82' lang='lat' dir='ltr'>vim?</span> 
     </span>
     <span class='ocr_line' id='line_1_18' title="bbox 160 1115 1503 1171; baseline 0 -14"><span class='ocrx_word' id='word_1_135' title='bbox 160 1116 278 1165; x_wconf 82' lang='lat' dir='ltr'>Quae</span> <span class='ocrx_word' id='word_1_136' title='bbox 316 1115 471 1157; x_wconf 86' lang='lat' dir='ltr'>fuisset</span> <span class='ocrx_word' id='word_1_137' title='bbox 509 1116 644 1171; x_wconf 82' lang='lat' dir='ltr'>igitur</span> <span class='ocrx_word' id='word_1_138' title='bbox 681 1116 797 1157; x_wconf 89' lang='lat' dir='ltr'>iusta</span> <span class='ocrx_word' id='word_1_139' title='bbox 832 1130 959 1157; x_wconf 88' lang='lat' dir='ltr'>causa</span> <span class='ocrx_word' id='word_1_140' title='bbox 990 1116 1247 1157; x_wconf 87' lang='lat' dir='ltr'>restituendi</span> <span class='ocrx_word' id='word_1_141' title='bbox 1280 1116 1381 1170; x_wconf 88' lang='lat' dir='ltr'>mei,</span> <span class='ocrx_word' id='word_1_142' title='bbox 1418 1116 1503 1157; x_wconf 88' lang='lat' dir='ltr'>nisi</span> 
     </span>
     <span class='ocr_line' id='line_1_19' title="bbox 158 1151 1503 1228; baseline -0.001 -12"><span class='ocrx_word' id='word_1_143' title='bbox 158 1174 312 1216; x_wconf 86' lang='lat' dir='ltr'>fuisset</span> <span class='ocrx_word' id='word_1_144' title='bbox 350 1175 512 1216; x_wconf 79' lang='lat' dir='ltr'>iniusta</span> <span class='ocrx_word' id='word_1_145' title='bbox 525 1151 754 1216; x_wconf 55' lang='lat' dir='ltr'>Deieiendi?</span> <span class='ocrx_word' id='word_1_146' title='bbox 810 1173 936 1216; x_wconf 89' lang='lat' dir='ltr'>Diem</span> <span class='ocrx_word' id='word_1_147' title='bbox 975 1174 1100 1228; x_wconf 84' lang='lat' dir='ltr'>mihi,</span> <span class='ocrx_word' id='word_1_148' title='bbox 1142 1174 1503 1228; x_wconf 83' lang='lat' dir='ltr'>credo,dixe1at,</span> 
     </span>
     <span class='ocr_line' id='line_1_20' title="bbox 158 1232 1503 1288; baseline -0.002 -13"><span class='ocrx_word' id='word_1_149' title='bbox 158 1233 339 1275; x_wconf 88' lang='lat' dir='ltr'>multam</span> <span class='ocrx_word' id='word_1_150' title='bbox 377 1233 611 1288; x_wconf 83' lang='lat' dir='ltr'>irrogar,at</span> <span class='ocrx_word' id='word_1_151' title='bbox 653 1233 866 1274; x_wconf 82' lang='lat' dir='ltr'>actionem</span> <span class='ocrx_word' id='word_1_152' title='bbox 904 1233 1208 1287; x_wconf 81' lang='lat' dir='ltr'>peiduellionis</span> <span class='ocrx_word' id='word_1_153' title='bbox 1245 1232 1503 1287; x_wconf 87' lang='lat' dir='ltr'>intenderat,</span> 
     </span>
    </p>

    <p class='ocr_par' dir='ltr' id='par_1_8' title="bbox 107 1284 1504 1405">
     <span class='ocr_line' id='line_1_21' title="bbox 107 1284 1504 1345; baseline 0.001 -14"><span class='ocrx_word' id='word_1_154' title='bbox 107 1305 140 1330; x_wconf 82' lang='lat'>20</span> <span class='ocrx_word' id='word_1_155' title='bbox 161 1295 204 1333; x_wconf 92' lang='lat' dir='ltr'>et</span> <span class='ocrx_word' id='word_1_156' title='bbox 235 1284 342 1333; x_wconf 87' lang='lat' dir='ltr'>mi&#39;hi</span> <span class='ocrx_word' id='word_1_157' title='bbox 373 1292 595 1334; x_wconf 85' lang='lat' dir='ltr'>videlicet&#39;</span> <span class='ocrx_word' id='word_1_158' title='bbox 603 1292 661 1333; x_wconf 90' lang='lat' dir='ltr'>in</span> <span class='ocrx_word' id='word_1_159' title='bbox 673 1305 808 1333; x_wconf 78' lang='lat' dir='ltr'>causa</span> <span class='ocrx_word' id='word_1_160' title='bbox 840 1295 913 1332; x_wconf 91' lang='lat' dir='ltr'>aut</span> <span class='ocrx_word' id='word_1_161' title='bbox 945 1292 1060 1333; x_wconf 88' lang='lat' dir='ltr'>mala</span> <span class='ocrx_word' id='word_1_162' title='bbox 1091 1294 1166 1333; x_wconf 88' lang='lat' dir='ltr'>aut</span> <span class='ocrx_word' id='word_1_163' title='bbox 1197 1306 1308 1345; x_wconf 87' lang='lat' dir='ltr'>mea,</span> <span class='ocrx_word' id='word_1_164' title='bbox 1340 1306 1428 1333; x_wconf 88' lang='lat' dir='ltr'>non</span> <span class='ocrx_word' id='word_1_165' title='bbox 1459 1294 1504 1332; x_wconf 88' lang='grc'>01</span> 
     </span>
     <span class='ocr_line' id='line_1_22' title="bbox 157 1348 1504 1405; baseline -0.001 -14"><span class='ocrx_word' id='word_1_166' title='bbox 157 1349 502 1405; x_wconf 81' lang='lat' dir='ltr'>praeclarissima</span> <span class='ocrx_word' id='word_1_167' title='bbox 528 1354 571 1391; x_wconf 90' lang='lat' dir='ltr'>et</span> <span class='ocrx_word' id='word_1_168' title='bbox 597 1353 753 1404; x_wconf 89' lang='lat' dir='ltr'>vestr,a</span> <span class='ocrx_word' id='word_1_169' title='bbox 779 1350 984 1392; x_wconf 89' lang='lat' dir='ltr'>iudicium</span> <span class='ocrx_word' id='word_1_170' title='bbox 1010 1350 1247 1392; x_wconf 89' lang='lat' dir='ltr'>timendum</span> <span class='ocrx_word' id='word_1_171' title='bbox 1274 1348 1504 1391; x_wconf 63' lang='grc'><strong>11111801·-</strong></span> 
     </span>
    </p>

    <p class='ocr_par' dir='ltr' id='par_1_9' title="bbox 107 1408 1559 1580">
     <span class='ocr_line' id='line_1_23' title="bbox 107 1408 1503 1464; baseline 0.001 -15"><span class='ocrx_word' id='word_1_172' title='bbox 107 1458 113 1463; x_wconf 38' lang='lat'><em>·</em></span> <span class='ocrx_word' id='word_1_173' title='bbox 158 1414 310 1450; x_wconf 75' lang='lat' dir='ltr'>vorum</span> <span class='ocrx_word' id='word_1_174' title='bbox 353 1412 397 1450; x_wconf 89' lang='lat' dir='ltr'>et</span> <span class='ocrx_word' id='word_1_175' title='bbox 440 1409 660 1464; x_wconf 82' lang='lat' dir='ltr'>egentium</span> <span class='ocrx_word' id='word_1_176' title='bbox 704 1409 862 1450; x_wconf 85' lang='lat' dir='ltr'>civium</span> <span class='ocrx_word' id='word_1_177' title='bbox 906 1411 950 1450; x_wconf 91' lang='lat' dir='ltr'>et</span> <span class='ocrx_word' id='word_1_178' title='bbox 989 1408 1333 1450; x_wconf 81' lang='lat' dir='ltr'>facinerosorum</span> <span class='ocrx_word' id='word_1_179' title='bbox 1371 1409 1503 1450; x_wconf 87' lang='lat' dir='ltr'>armis</span> 
     </span>
     <span class='ocr_line' id='line_1_24' title="bbox 159 1467 1501 1521; baseline 0 -13"><span class='ocrx_word' id='word_1_180' title='bbox 159 1481 276 1509; x_wconf 92' lang='lat' dir='ltr'>meos</span> <span class='ocrx_word' id='word_1_181' title='bbox 321 1467 447 1509; x_wconf 79' lang='lat' dir='ltr'>cives·</span> <span class='ocrx_word' id='word_1_182' title='bbox 478 1467 584 1520; x_wconf 86' lang='lat' dir='ltr'>meis</span> <span class='ocrx_word' id='word_1_183' title='bbox 615 1467 821 1509; x_wconf 45' lang='lat' dir='ltr'>*consiliis</span> <span class='ocrx_word' id='word_1_184' title='bbox 865 1467 1152 1521; x_wconf 85' lang='lat' dir='ltr'>periculisque</span> <span class='ocrx_word' id='word_1_185' title='bbox 1191 1470 1384 1509; x_wconf 85' lang='lat' dir='ltr'>servatos</span> <span class='ocrx_word' id='word_1_186' title='bbox 1422 1481 1501 1521; x_wconf 87' lang='lat' dir='ltr'>pro</span> 
     </span>
     <span class='ocr_line' id='line_1_25' title="bbox 160 1525 1559 1580; baseline 0 -14"><span class='ocrx_word' id='word_1_187' title='bbox 160 1539 226 1566; x_wconf 89' lang='grc'><strong>1110</strong></span> <span class='ocrx_word' id='word_1_188' title='bbox 255 1525 367 1566; x_wconf 80' lang='lat' dir='ltr'>ob‘ici</span> <span class='ocrx_word' id='word_1_189' title='bbox 392 1526 522 1567; x_wconf 87' lang='lat' dir='ltr'>nolui.</span> <span class='ocrx_word' id='word_1_190' title='bbox 565 1525 661 1566; x_wconf 91' lang='lat' dir='ltr'>Vidi</span> <span class='ocrx_word' id='word_1_191' title='bbox 686 1526 811 1579; x_wconf 89' lang='lat' dir='ltr'>enim,</span> <span class='ocrx_word' id='word_1_192' title='bbox 837 1526 925 1566; x_wconf 84' lang='lat' dir='ltr'>vidi</span> <span class='ocrx_word' id='word_1_193' title='bbox 943 1525 1057 1567; x_wconf 89' lang='grc'><strong>1111110</strong></span> <span class='ocrx_word' id='word_1_194' title='bbox 1077 1526 1220 1580; x_wconf 88' lang='lat' dir='ltr'>ipsum</span> <span class='ocrx_word' id='word_1_195' title='bbox 1242 1525 1289 1574; x_wconf 89' lang='lat' dir='ltr'>Q.</span> <span class='ocrx_word' id='word_1_196' title='bbox 1316 1525 1501 1567; x_wconf 88' lang='lat' dir='ltr'>Horten·</span> <span class='ocrx_word' id='word_1_197' title='bbox 1516 1535 1559 1566; x_wconf 84' lang='grc'>37</span> 
     </span>
    </p>

    <p class='ocr_par' dir='ltr' id='par_1_10' title="bbox 109 1583 1506 1869">
     <span class='ocr_line' id='line_1_26' title="bbox 109 1583 1504 1638; baseline 0.001 -16"><span class='ocrx_word' id='word_1_198' title='bbox 109 1595 141 1620; x_wconf 80' lang='lat'>25</span> <span class='ocrx_word' id='word_1_199' title='bbox 163 1583 285 1636; x_wconf 90' lang='lat' dir='ltr'>sium,</span> <span class='ocrx_word' id='word_1_200' title='bbox 316 1583 460 1624; x_wconf 92' lang='lat' dir='ltr'>lumen</span> <span class='ocrx_word' id='word_1_201' title='bbox 492 1587 535 1625; x_wconf 91' lang='lat' dir='ltr'>et</span> <span class='ocrx_word' id='word_1_202' title='bbox 562 1587 861 1625; x_wconf 81' lang='lat' dir='ltr'>ornamentum</span> <span class='ocrx_word' id='word_1_203' title='bbox 887 1584 948 1625; x_wconf 89' lang='lat' dir='ltr'>rei</span> <span class='ocrx_word' id='word_1_204' title='bbox 974 1584 1183 1638; x_wconf 88' lang='lat' dir='ltr'>publicae,</span> <span class='ocrx_word' id='word_1_205' title='bbox 1215 1598 1349 1638; x_wconf 88' lang='lat' dir='ltr'>paene</span> <span class='ocrx_word' id='word_1_206' title='bbox 1375 1584 1504 1624; x_wconf 82' lang='lat' dir='ltr'>inter·</span> 
     </span>
     <span class='ocr_line' id='line_1_27' title="bbox 160 1641 1505 1696; baseline 0 -14"><span class='ocrx_word' id='word_1_207' title='bbox 160 1641 231 1683; x_wconf 89' lang='lat' dir='ltr'>fici</span> <span class='ocrx_word' id='word_1_208' title='bbox 265 1655 485 1682; x_wconf 87' lang='lat' dir='ltr'>servorum</span> <span class='ocrx_word' id='word_1_209' title='bbox 516 1656 663 1696; x_wconf 90' lang='lat' dir='ltr'>manu,</span> <span class='ocrx_word' id='word_1_210' title='bbox 696 1656 792 1683; x_wconf 91' lang='lat' dir='ltr'>cum</span> <span class='ocrx_word' id='word_1_211' title='bbox 824 1642 931 1682; x_wconf 90' lang='lat' dir='ltr'>mihi</span> <span class='ocrx_word' id='word_1_212' title='bbox 964 1642 1151 1696; x_wconf 70' lang='lat' dir='ltr'>adesset,</span> <span class='ocrx_word' id='word_1_213' title='bbox 1183 1656 1268 1695; x_wconf 85' lang='lat' dir='ltr'>qua</span> <span class='ocrx_word' id='word_1_214' title='bbox 1299 1642 1344 1682; x_wconf 92' lang='lat' dir='ltr'>in</span> <span class='ocrx_word' id='word_1_215' title='bbox 1375 1642 1505 1683; x_wconf 84' lang='lat' dir='ltr'>turba</span> 
     </span>
     <span class='ocr_line' id='line_1_28' title="bbox 162 1698 1505 1753; baseline -0.001 -11"><span class='ocrx_word' id='word_1_216' title='bbox 162 1698 208 1742; x_wconf 88' lang='lat' dir='ltr'>C.</span> <span class='ocrx_word' id='word_1_217' title='bbox 239 1698 450 1740; x_wconf 88' lang='lat' dir='ltr'>Vibienus</span> <span class='ocrx_word' id='word_1_218' title='bbox 484 1702 669 1753; x_wconf 86' lang='lat' dir='ltr'>senator,</span> <span class='ocrx_word' id='word_1_219' title='bbox 699 1700 765 1740; x_wconf 87' lang='lat' dir='ltr'>vir</span> <span class='ocrx_word' id='word_1_220' title='bbox 797 1700 999 1753; x_wconf 89' lang='lat' dir='ltr'>optimus,</span> <span class='ocrx_word' id='word_1_221' title='bbox 1032 1714 1129 1741; x_wconf 90' lang='lat' dir='ltr'>cum</span> <span class='ocrx_word' id='word_1_222' title='bbox 1160 1700 1242 1741; x_wconf 89' lang='lat' dir='ltr'>hoc</span> <span class='ocrx_word' id='word_1_223' title='bbox 1267 1714 1365 1741; x_wconf 87' lang='lat' dir='ltr'>cum</span> <span class='ocrx_word' id='word_1_224' title='bbox 1391 1703 1505 1741; x_wconf 90' lang='lat' dir='ltr'>esset</span> 
     </span>
     <span class='ocr_line' id='line_1_29' title="bbox 160 1757 1505 1811; baseline 0 -13"><span class='ocrx_word' id='word_1_225' title='bbox 160 1772 263 1811; x_wconf 88' lang='lat' dir='ltr'>una,</span> <span class='ocrx_word' id='word_1_226' title='bbox 306 1757 369 1798; x_wconf 86' lang='lat' dir='ltr'>ita</span> <span class='ocrx_word' id='word_1_227' title='bbox 412 1757 478 1798; x_wconf 85' lang='lat' dir='ltr'>est</span> <span class='ocrx_word' id='word_1_228' title='bbox 521 1758 750 1811; x_wconf 86' lang='lat' dir='ltr'>mulcatus,</span> <span class='ocrx_word' id='word_1_229' title='bbox 800 1761 849 1798; x_wconf 90' lang='lat' dir='ltr'>ut</span> <span class='ocrx_word' id='word_1_230' title='bbox 892 1758 1028 1798; x_wconf 83' lang='lat' dir='ltr'>vitam</span> <span class='ocrx_word' id='word_1_231' title='bbox 1073 1757 1277 1799; x_wconf 85' lang='lat' dir='ltr'>amiserit.</span> <span class='ocrx_word' id='word_1_232' title='bbox 1351 1757 1505 1811; x_wconf 89' lang='lat' dir='ltr'>Itaque</span> 
     </span>
     <span class='ocr_line' id='line_1_30' title="bbox 163 1814 1506 1869; baseline 0.001 -13"><span class='ocrx_word' id='word_1_233' title='bbox 163 1815 332 1869; x_wconf 89' lang='lat' dir='ltr'>quando</span> <span class='ocrx_word' id='word_1_234' title='bbox 371 1815 488 1856; x_wconf 87' lang='lat' dir='ltr'>illius</span> <span class='ocrx_word' id='word_1_235' title='bbox 520 1818 671 1868; x_wconf 87' lang='lat' dir='ltr'>postea</span> <span class='ocrx_word' id='word_1_236' title='bbox 703 1816 791 1856; x_wconf 87' lang='lat' dir='ltr'>sica</span> <span class='ocrx_word' id='word_1_237' title='bbox 822 1815 913 1864; x_wconf 89' lang='lat' dir='ltr'>illa,</span> <span class='ocrx_word' id='word_1_238' title='bbox 954 1829 1082 1868; x_wconf 89' lang='lat' dir='ltr'>quam</span> <span class='ocrx_word' id='word_1_239' title='bbox 1115 1830 1140 1855; x_wconf 88' lang='lat' dir='ltr'>a</span> <span class='ocrx_word' id='word_1_240' title='bbox 1171 1814 1359 1857; x_wconf 82' lang='lat' dir='ltr'>Catilina</span> <span class='ocrx_word' id='word_1_241' title='bbox 1391 1829 1506 1857; x_wconf 90' lang='lat' dir='ltr'>acce·</span> 
     </span>
    </p>

    <p class='ocr_par' dir='ltr' id='par_1_11' title="bbox 111 1872 1507 2162">
     <span class='ocr_line' id='line_1_31' title="bbox 111 1872 1504 1929; baseline 0.003 -17"><span class='ocrx_word' id='word_1_242' title='bbox 111 1887 145 1912; x_wconf 81' lang='lat'>30</span> <span class='ocrx_word' id='word_1_243' title='bbox 164 1877 298 1928; x_wconf 90' lang='lat' dir='ltr'>perat,</span> <span class='ocrx_word' id='word_1_244' title='bbox 332 1873 605 1927; x_wconf 72' lang='lat' dir='ltr'>conquievit?</span> <span class='ocrx_word' id='word_1_245' title='bbox 648 1872 766 1914; x_wconf 87' lang='lat' dir='ltr'>Haec</span> <span class='ocrx_word' id='word_1_246' title='bbox 797 1873 1012 1914; x_wconf 85' lang='lat' dir='ltr'>intentata</span> <span class='ocrx_word' id='word_1_247' title='bbox 1036 1873 1162 1915; x_wconf 89' lang='lat' dir='ltr'>nobis</span> <span class='ocrx_word' id='word_1_248' title='bbox 1189 1876 1266 1926; x_wconf 88' lang='lat' dir='ltr'>est,</span> <span class='ocrx_word' id='word_1_249' title='bbox 1297 1873 1397 1915; x_wconf 92' lang='lat' dir='ltr'>huic</span> <span class='ocrx_word' id='word_1_250' title='bbox 1424 1888 1504 1929; x_wconf 81' lang='lat' dir='ltr'>ego</span> 
     </span>
     <span class='ocr_line' id='line_1_32' title="bbox 163 1931 1506 1985; baseline 0 -12"><span class='ocrx_word' id='word_1_251' title='bbox 163 1945 239 1974; x_wconf 84' lang='lat' dir='ltr'>vos</span> <span class='ocrx_word' id='word_1_252' title='bbox 267 1931 380 1973; x_wconf 91' lang='lat' dir='ltr'>obici</span> <span class='ocrx_word' id='word_1_253' title='bbox 405 1946 483 1985; x_wconf 90' lang='lat' dir='ltr'>pro</span> <span class='ocrx_word' id='word_1_254' title='bbox 510 1946 577 1972; x_wconf 91' lang='lat' dir='ltr'>me</span> <span class='ocrx_word' id='word_1_255' title='bbox 602 1946 690 1972; x_wconf 92' lang='lat' dir='ltr'>non</span> <span class='ocrx_word' id='word_1_256' title='bbox 716 1945 810 1972; x_wconf 89' lang='lat' dir='ltr'>sum</span> <span class='ocrx_word' id='word_1_257' title='bbox 835 1945 999 1985; x_wconf 88' lang='lat' dir='ltr'>passus,</span> <span class='ocrx_word' id='word_1_258' title='bbox 1023 1931 1129 1973; x_wconf 89' lang='lat' dir='ltr'>haec</span> <span class='ocrx_word' id='word_1_259' title='bbox 1155 1931 1358 1972; x_wconf 85' lang='lat' dir='ltr'>insidiata</span> <span class='ocrx_word' id='word_1_260' title='bbox 1381 1931 1506 1973; x_wconf 90' lang='lat' dir='ltr'>Pom-</span> 
     </span>
     <span class='ocr_line' id='line_1_33' title="bbox 164 1989 1506 2045; baseline 0.001 -14"><span class='ocrx_word' id='word_1_261' title='bbox 164 1990 261 2045; x_wconf 92' lang='lat' dir='ltr'>peio</span> <span class='ocrx_word' id='word_1_262' title='bbox 283 1993 360 2043; x_wconf 89' lang='lat' dir='ltr'>est,</span> <span class='ocrx_word' id='word_1_263' title='bbox 385 1989 490 2031; x_wconf 89' lang='lat' dir='ltr'>haec</span> <span class='ocrx_word' id='word_1_264' title='bbox 510 1990 639 2031; x_wconf 89' lang='lat' dir='ltr'>istam</span> <span class='ocrx_word' id='word_1_265' title='bbox 662 1989 860 2044; x_wconf 86' lang='lat' dir='ltr'>Appiam,</span> <span class='ocrx_word' id='word_1_266' title='bbox 886 1990 1199 2031; x_wconf 87' lang='lat' dir='ltr'>monimentum</span> <span class='ocrx_word' id='word_1_267' title='bbox 1219 1990 1285 2031; x_wconf 90' lang='lat' dir='ltr'>sui</span> <span class='ocrx_word' id='word_1_268' title='bbox 1304 1990 1506 2045; x_wconf 88' lang='lat' dir='ltr'>nominis,</span> 
     </span>
     <span class='ocr_line' id='line_1_34' title="bbox 163 2047 1504 2103; baseline 0 -13"><span class='ocrx_word' id='word_1_269' title='bbox 163 2063 264 2090; x_wconf 89' lang='grc'><strong>11000</strong></span> <span class='ocrx_word' id='word_1_270' title='bbox 297 2048 444 2102; x_wconf 87' lang='lat' dir='ltr'>Papiri</span> <span class='ocrx_word' id='word_1_271' title='bbox 483 2048 740 2102; x_wconf 85' lang='lat' dir='ltr'>cruentavit,</span> <span class='ocrx_word' id='word_1_272' title='bbox 777 2047 881 2090; x_wconf 85' lang='lat' dir='ltr'>haec</span> <span class='ocrx_word' id='word_1_273' title='bbox 920 2048 1066 2089; x_wconf 90' lang='lat' dir='ltr'>eadem</span> <span class='ocrx_word' id='word_1_274' title='bbox 1103 2048 1237 2103; x_wconf 82' lang='lat' dir='ltr'>longo</span> <span class='ocrx_word' id='word_1_275' title='bbox 1275 2048 1504 2091; x_wconf 87' lang='lat' dir='ltr'>intervallo</span> 
     </span>
     <span class='ocr_line' id='line_1_35' title="bbox 166 2106 1507 2162; baseline 0 -14"><span class='ocrx_word' id='word_1_276' title='bbox 166 2121 369 2148; x_wconf 88' lang='lat' dir='ltr'>conversa</span> <span class='ocrx_word' id='word_1_277' title='bbox 407 2120 554 2147; x_wconf 87' lang='lat' dir='ltr'>rursus</span> <span class='ocrx_word' id='word_1_278' title='bbox 593 2109 659 2147; x_wconf 90' lang='lat' dir='ltr'>est</span> <span class='ocrx_word' id='word_1_279' title='bbox 695 2106 740 2147; x_wconf 91' lang='lat' dir='ltr'>in</span> <span class='ocrx_word' id='word_1_280' title='bbox 773 2120 860 2160; x_wconf 82' lang='lat' dir='ltr'>me3</span> <span class='ocrx_word' id='word_1_281' title='bbox 895 2121 1032 2161; x_wconf 85' lang='lat' dir='ltr'>nuper</span> <span class='ocrx_word' id='word_1_282' title='bbox 1064 2106 1253 2160; x_wconf 89' lang='lat' dir='ltr'>quidem,</span> <span class='ocrx_word' id='word_1_283' title='bbox 1290 2109 1340 2148; x_wconf 88' lang='lat' dir='ltr'>ut</span> <span class='ocrx_word' id='word_1_284' title='bbox 1371 2107 1507 2162; x_wconf 91' lang='lat' dir='ltr'>scitis,</span> 
     </span>
    </p>

    <p class='ocr_par' dir='ltr' id='par_1_12' title="bbox 113 2164 1565 2336">
     <span class='ocr_line' id='line_1_36' title="bbox 113 2164 1565 2220; baseline 0.001 -17"><span class='ocrx_word' id='word_1_285' title='bbox 113 2177 146 2203; x_wconf 76' lang='lat'>85</span> <span class='ocrx_word' id='word_1_286' title='bbox 166 2180 233 2207; x_wconf 91' lang='lat' dir='ltr'>me</span> <span class='ocrx_word' id='word_1_287' title='bbox 272 2166 324 2206; x_wconf 87' lang='lat' dir='ltr'>ad</span> <span class='ocrx_word' id='word_1_288' title='bbox 362 2165 525 2220; x_wconf 84' lang='lat' dir='ltr'>regiam</span> <span class='ocrx_word' id='word_1_289' title='bbox 559 2179 693 2219; x_wconf 86' lang='lat' dir='ltr'>paene</span> <span class='ocrx_word' id='word_1_290' title='bbox 726 2164 920 2206; x_wconf 82' lang='lat' dir='ltr'>confecit.</span> <span class='ocrx_word' id='word_1_291' title='bbox 984 2164 1095 2213; x_wconf 89' lang='lat' dir='ltr'>Quid</span> <span class='ocrx_word' id='word_1_292' title='bbox 1128 2164 1266 2206; x_wconf 86' lang='lat' dir='ltr'>simile</span> <span class='ocrx_word' id='word_1_293' title='bbox 1299 2164 1505 2208; x_wconf 80' lang='lat' dir='ltr'>Milonis?</span> <span class='ocrx_word' id='word_1_294' title='bbox 1520 2173 1565 2205; x_wconf 87' lang='lat'>38</span> 
     </span>
     <span class='ocr_line' id='line_1_37' title="bbox 169 2222 1507 2278; baseline 0.001 -13"><span class='ocrx_word' id='word_1_295' title='bbox 169 2224 287 2265; x_wconf 85' lang='lat' dir='ltr'>euius</span> <span class='ocrx_word' id='word_1_296' title='bbox 319 2224 384 2265; x_wconf 86' lang='lat' dir='ltr'>vis</span> <span class='ocrx_word' id='word_1_297' title='bbox 417 2223 556 2264; x_wconf 87' lang='lat' dir='ltr'>omnis</span> <span class='ocrx_word' id='word_1_298' title='bbox 581 2223 686 2264; x_wconf 86' lang='lat' dir='ltr'>haec</span> <span class='ocrx_word' id='word_1_299' title='bbox 715 2236 883 2277; x_wconf 89' lang='lat' dir='ltr'>semper</span> <span class='ocrx_word' id='word_1_300' title='bbox 907 2222 1002 2276; x_wconf 88' lang='lat' dir='ltr'>fuit,</span> <span class='ocrx_word' id='word_1_301' title='bbox 1032 2237 1085 2264; x_wconf 91' lang='lat' dir='ltr'>ne</span> <span class='ocrx_word' id='word_1_302' title='bbox 1111 2222 1158 2264; x_wconf 90' lang='lat' dir='ltr'>P.</span> <span class='ocrx_word' id='word_1_303' title='bbox 1190 2222 1378 2278; x_wconf 90' lang='lat' dir='ltr'>Clodius,</span> <span class='ocrx_word' id='word_1_304' title='bbox 1410 2238 1507 2266; x_wconf 90' lang='lat' dir='ltr'>cum</span> 
     </span>
     <span class='ocr_line' id='line_1_38' title="bbox 167 2281 1509 2336; baseline 0.001 -13"><span class='ocrx_word' id='word_1_305' title='bbox 167 2283 211 2322; x_wconf 90' lang='lat' dir='ltr'>in</span> <span class='ocrx_word' id='word_1_306' title='bbox 236 2282 441 2323; x_wconf 88' lang='lat' dir='ltr'>iudicium</span> <span class='ocrx_word' id='word_1_307' title='bbox 468 2281 635 2322; x_wconf 88' lang='lat' dir='ltr'>detrahi</span> <span class='ocrx_word' id='word_1_308' title='bbox 661 2295 748 2323; x_wconf 90' lang='lat' dir='ltr'>non</span> <span class='ocrx_word' id='word_1_309' title='bbox 769 2284 929 2336; x_wconf 88' lang='lat' dir='ltr'>posset,</span> <span class='ocrx_word' id='word_1_310' title='bbox 954 2282 995 2322; x_wconf 84' lang='lat' dir='ltr'>vi</span> <span class='ocrx_word' id='word_1_311' title='bbox 1017 2295 1266 2336; x_wconf 88' lang='lat' dir='ltr'>oppressam</span> <span class='ocrx_word' id='word_1_312' title='bbox 1287 2282 1509 2324; x_wconf 86' lang='lat' dir='ltr'>civitatem</span> 
     </span>
    </p>
   </div>
  </div>
 </body>
</html>
