1671 2543
517 95 617 132 CAP.
645 101 784 132 31—32
813 101 832 140 θ
861 100 1008 133 75—80.
1352 98 1435 140 113

92 221 176 262 qua
212 206 258 248 in
295 206 470 248 civitate
507 205 657 260 paucis
692 205 760 246 his
793 206 944 247 diebus
978 204 1071 247 Sex.
1105 203 1282 248 Clodius
1315 206 1438 247 abso-

91 266 209 307 lutus
259 265 334 319 sit,
385 278 511 319 quem
560 277 636 305 vos
683 278 760 318 per
803 264 1025 306 biennium
1068 267 1144 305 aut
1188 264 1438 306 ministrum

93 324 318 366 seditionis
356 325 430 364 aut
467 323 617 364 ducem
655 323 843 377 vidistis,
888 323 960 378 qui
999 323 1116 365 aedis
1154 337 1318 377 sacras,
1363 323 1437 378 qui

93 397 267 425 censum
297 382 447 437 populi
479 381 677 435 Romani,
710 382 783 437 qui
814 382 1066 423 memoriam
1098 382 1318 436 publicam
1346 382 1436 423 suis

55 457 73 483 5
94 442 292 483 manibus
330 440 536 494 incendit,
580 440 800 482 hominem
839 441 929 482 sine
968 455 1030 494 re,
1075 442 1166 482 sine
1203 441 1304 495 fide,
1346 441 1436 482 sine

93 515 185 555 spe,
219 500 310 542 sine
343 499 457 553 sede,
490 499 580 541 sine
612 498 817 553 fortunis,
851 514 941 553 ore,
973 500 1140 555 lingua,
1173 514 1315 554 manu,
1346 499 1438 541 vita

94 559 211 600 omni
254 559 544 613 inquinatum,
589 558 663 612 qui
701 557 845 600 Catuli
890 561 1217 600 monumentum
1259 558 1438 613 adflixit,

92 632 232 659 meam
279 617 454 658 domum
498 617 647 670 diruit,
698 617 781 658 mei
825 617 974 658 fratris
1018 618 1226 672 incendit,
1277 618 1349 672 qui
1392 618 1438 658 in

92 676 261 718 Palatio
299 679 428 730 atque
465 675 512 716 in
548 675 668 717 urbis
707 676 841 717 oculis
881 676 1059 718 servitia
1097 676 1149 717 ad
1187 676 1359 718 caedem
1394 679 1437 717 et

40 751 74 776 ιο
91 735 443 777 inflammandam
492 735 643 775 urbem
687 735 902 776 incitavit:
953 735 998 776 in
1040 735 1122 776 hac
1166 735 1340 776 civitate
1383 750 1437 777 ne

91 794 318 849 patiamini
344 793 468 834 illum
494 794 743 834 absolutum
764 794 964 835 muliebri
985 794 1138 849 gratia,
1165 793 1221 835 M.
1243 793 1438 836 Caelium

92 853 275 895 lubidini
307 852 509 893 muliebri
541 852 849 906 condonatum,
887 867 940 893 ne
973 853 1122 894 eadem
1153 853 1309 894 mulier
1341 867 1438 894 cum

93 927 170 954 suo
196 911 376 966 coniuge
398 913 441 952 et
460 910 594 952 fratre
615 914 652 951 et
670 911 971 965 turpissimum
992 912 1208 952 latronem
1229 912 1437 966 eripuisse

93 974 137 1012 et
176 970 532 1012 honestissimum
570 969 888 1011 adulescentem
927 971 1191 1025 oppressisse
1230 970 1439 1012 videatur.

40 1043 73 1068 15
95 1029 318 1079 Quodcum
337 1028 464 1069 huius
485 1028 607 1070 vobis
629 1029 965 1070 adulescentiam
985 1029 1311 1083 proposueritis,
1338 1043 1434 1071 con·
1451 1045 1495 1076 79

95 1088 314 1130 stituitote
346 1090 445 1128 ante
478 1087 626 1128 oculos
659 1087 790 1128 etiam
822 1087 949 1129 huius
983 1088 1130 1129 miseri
1160 1090 1439 1142 senectutem,

96 1147 168 1201 qui
205 1146 288 1188 hoc
324 1146 451 1187 unico
489 1146 579 1187 filio
617 1146 791 1199 nititur,
835 1146 880 1187 in
916 1146 1044 1188 huius
1083 1161 1158 1200 spe
1196 1147 1439 1201 requiescit,

93 1205 221 1246 huius
258 1204 385 1245 unius
424 1219 571 1246 casum
605 1205 893 1259 pertimescit3
933 1219 1059 1259 quem
1090 1219 1166 1247 vos
1200 1206 1440 1260 supplicem

93 1267 262 1305 vestrae
291 1263 621 1317 misericordiae,
654 1277 824 1304 servum
848 1264 1082 1318 potestatis
1109 1264 1327 1305 abiectum
1352 1279 1439 1305 non

41 1336 75 1361 20
94 1325 185 1364 tam
223 1322 277 1363 ad
313 1322 442 1376 pedes
481 1336 610 1375 quam
643 1322 696 1363 ad
727 1337 868 1363 mores
903 1337 1138 1377 sensusque
1170 1326 1339 1364 vestros
1371 1323 1439 1364 vel

94 1381 389 1423 recordatione
415 1384 644 1435 parentum
670 1384 915 1422 vestrorum
940 1382 1007 1423 vel
1034 1382 1271 1423 liberorum
1294 1382 1440 1423 iucun-

95 1440 229 1481 ditate
262 1441 516 1494 sustentate,
547 1442 597 1480 ut
627 1439 672 1480 in
704 1440 882 1482 alterius
915 1440 1061 1482 dolore
1093 1440 1161 1482 vel
1190 1441 1345 1495 pietati
1371 1441 1439 1482 vel

94 1498 387 1554 indulgentiae
431 1501 600 1539 vestrae
645 1499 856 1540 serviatis.
927 1498 1096 1554 Nolite,
1138 1500 1319 1554 iudices,
1364 1502 1440 1540 aut

94 1557 208 1598 hunc
245 1557 332 1597 iam
368 1559 525 1598 natura
561 1557 657 1611 ipsa
689 1558 954 1599 occidentem
985 1558 1095 1599 velle
1129 1559 1341 1600 maturius
1373 1573 1439 1599 ex-

42 1628 75 1653 25
96 1615 238 1670 tingui
275 1615 448 1656 vulnere
485 1618 630 1657 vestro
670 1630 799 1670 quam
839 1631 914 1657 suo
947 1616 1038 1658 fato
1072 1619 1147 1658 aut
1178 1617 1292 1659 hunc
1323 1632 1437 1658 nunc

95 1674 284 1728 primum
315 1673 612 1715 florescentem
644 1674 817 1715 firmata
848 1675 935 1715 iam
968 1676 1102 1729 stirpe
1128 1676 1304 1717 virtutis
1331 1678 1439 1716 tam-

98 1747 227 1786 quam
256 1732 427 1772 turbine
455 1732 597 1786 aliquo
625 1736 699 1773 aut
725 1734 870 1774 subita
896 1736 1156 1787 tempestate
1181 1737 1437 1788 pervertere.

97 1790 358 1832 Conservate
384 1791 553 1844 parenti
578 1791 728 1845 filium,
753 1794 977 1845 parentem
1003 1792 1106 1845 filio,
1130 1807 1183 1833 ne
1205 1796 1280 1833 aut
1300 1805 1498 1837 senec-80

97 1852 237 1890 tutem
268 1849 355 1889 iam
386 1863 518 1902 prope
550 1849 821 1902 desperatam
855 1850 1165 1904 contempsisse
1198 1853 1274 1891 aut
1300 1851 1440 1892 adule-

44 1920 78 1946 30
98 1908 306 1949 scentiam
325 1907 497 1961 plenam
518 1907 609 1961 spei
629 1908 839 1949 maximae
859 1923 946 1949 non
966 1910 1093 1950 modo
1106 1923 1194 1950 non
1208 1910 1439 1962 adlevasse,

98 1967 171 2007 sed
198 1966 329 2007 etiam
353 1966 587 2020 perculisse
614 1968 742 2020 atque
770 1967 983 2008 adflixisse
1009 1967 1250 2008 videamini.
1302 1967 1440 2016 Quem

99 2025 135 2066 si
159 2025 298 2079 nobis,
330 2025 367 2065 si
393 2025 493 2078 suis,
527 2024 563 2065 si
589 2024 650 2065 rei
675 2025 872 2078 publicae
899 2026 1176 2080 conservatis,
1209 2026 1439 2081 addictum,

99 2083 302 2137 deditum,
334 2083 593 2124 obstrictum
625 2084 747 2124 vobis
781 2098 829 2125 ac
860 2083 1008 2126 liberis
1039 2085 1194 2126 vestris
1220 2085 1438 2126 habebitis

100 2142 372 2197 omniumque
392 2142 519 2183 huius
534 2156 763 2184 nervorum
782 2157 830 2184 ac
843 2143 1043 2184 laborum
1058 2157 1133 2184 vos
1148 2143 1440 2198 potissimum,

45 2212 80 2237 35
101 2200 277 2255 iudices,
307 2200 475 2243 fructus
507 2201 660 2242 uberes
692 2201 1002 2257 diuturnosque
1036 2202 1226 2256 capietis.

171 2392 242 2418 CIO.
261 2393 301 2418 ΙΙ.
320 2393 344 2419 3.
1206 2393 1225 2423 8
