1671 2543
560 129 661 165 cAP.
690 133 826 165 13—15
853 133 872 173 g
897 134 1046 166 32—38.
1380 132 1462 174 387

120 240 172 282 ad
218 253 344 294 quem
388 253 410 281 e
453 238 580 280 domo
619 237 816 280 Caesaris
860 241 950 280 tam
994 239 1130 281 multa
1172 240 1315 281 delata
1352 243 1464 295 sunt,

120 298 241 341 cuius
279 298 394 340 domi
433 297 816 352 quaestuosissima
853 300 920 338 est
956 296 1165 340 falsorum
1204 302 1463 341 commenta-

119 358 284 399 riorum
328 359 371 398 et
415 355 802 411 chirographorum
846 356 1035 411 officina,
1079 371 1302 412 agrorum,
1346 358 1463 412 oppi-

120 417 290 469 dorum,
350 414 709 468 immunitatium,
763 415 1040 470 vectigalium
1095 416 1462 472 flagitiosissimae

84 475 345 517 5nundinae.
412 473 588 515 Etenim
629 487 735 528 quae
779 487 847 515 res
892 474 1077 529 egestati
1115 477 1158 516 et
1195 475 1283 517 aeri
1321 475 1461 517 alieno
1476 484 1518 515 36

119 536 195 576 tuo
244 535 416 588 praeter
464 535 649 574 mortem
694 531 889 574 Caesaris
940 533 1166 574 subvenire
1215 534 1462 588 potuisset?

118 591 277 635 Nescio
317 591 418 646 quid
457 591 740 633 conturbatus
779 605 872 632 esse
909 591 1085 645 videris3
1120 592 1329 647 numquid
1367 593 1464 634 sub-

119 652 269 705 times,
323 665 376 692 ne
432 650 485 692 ad
539 652 582 691 te
630 649 713 692 hoc
763 650 924 692 crimen
972 650 1187 704 pertinere
1236 651 1463 693 videatur?

118 709 276 752 Libero
309 712 352 750 te
384 711 521 763 metu3
550 722 676 750 nemo
710 708 853 750 credet
882 723 1104 763 umquam3
1133 723 1222 751 non
1247 713 1313 751 est
1339 712 1462 752 tuum

68 783 101 807 ιο
120 769 171 811 de
208 782 253 810 re
291 768 464 822 publica
500 768 608 809 bene
646 767 818 822 mereri,
854 767 987 808 habet
1024 768 1151 809 istius
1183 767 1461 822 pulcherrimi

118 827 224 869 facti
269 826 532 868 clarissimos
570 826 686 867 viros
724 840 792 867 res
829 826 1004 880 publica
1042 830 1257 881 auctores3
1300 840 1380 882 ego
1418 831 1462 869 te

119 888 291 927 tantum
334 885 518 941 gaudere
557 885 669 938 dico,
712 884 864 926 fecisse
902 899 989 926 non
1027 899 1174 941 arguo.
1241 885 1462 940 Respondi

119 944 319 987 maximis
358 943 631 997 criminibus,
673 957 785 984 nunc
824 943 954 984 etiam
991 944 1168 998 reliquis
1207 944 1599 1012 respondenLJ·

119 1004 219 1045 dum
251 1005 328 1044 est.
1507 1038 1525 1046 -

66 1079 99 1105 15
210 1060 363 1104 Castra
412 1060 518 1102 mihi
561 1059 741 1114 Pompei
791 1063 920 1115 atque
969 1060 1075 1101 illud
1120 1075 1244 1102 omne
1288 1065 1458 1116 tempus
1474 1040 1530 1129 ἐξ)

121 1120 330 1162 obiecisti.
400 1119 493 1169 Quo
539 1119 709 1173 quidem
753 1121 945 1173 tempore
984 1119 1038 1173 si,
1081 1122 1131 1160 ut
1168 1119 1272 1174 dixi,
1316 1134 1459 1161 meum

120 1179 347 1221 consilium
374 1177 695 1231 auctoritasque
721 1178 939 1232 valuisset,
971 1180 1019 1219 tu
1043 1177 1169 1219 hodie
1197 1192 1355 1233 egeres,
1379 1193 1459 1220 nos

119 1237 246 1279 liberi
277 1251 480 1291 essemus,
511 1251 579 1278 res
610 1236 785 1291 publica
814 1250 901 1278 non
929 1238 998 1277 tot
1024 1236 1150 1278 duces
1178 1240 1222 1278 et
1247 1237 1459 1279 exercitus

120 1296 349 1339 amisisset.
397 1295 558 1337 Fateor
589 1295 703 1336 enim
734 1309 814 1349 me,
846 1309 942 1337 cum
975 1309 1035 1349 ea,
1067 1309 1175 1349 quae
1202 1295 1459 1350 acciderunt,

67 1374 100 1399 20
119 1355 388 1411 providerem
424 1353 589 1407 futura,
626 1356 749 1395 tanta
782 1353 827 1394 in
859 1353 1078 1395 maestitia
1108 1353 1260 1409 fuisse,
1298 1357 1459 1408 quanta

68 1416 71 1417 ⁷
121 1414 252 1456 ceteri
296 1413 450 1468 optimi
493 1413 623 1466 cives,
674 1412 710 1453 si
752 1412 866 1454 idem
910 1412 1218 1467 providissent,
1263 1412 1460 1455 fuissent.

119 1471 351 1525 Dolebam,
388 1471 603 1525 dolebam,
639 1473 785 1525 patres
824 1471 1076 1525 conscripti,
1114 1486 1204 1512 rem
1239 1472 1459 1525 publicam

120 1530 278 1572 vestris
314 1530 530 1583 quondam
561 1529 751 1584 meisque
785 1530 975 1571 consiliis
1009 1532 1307 1571 conservatam
1338 1530 1459 1572 brevi

122 1592 316 1642 tempore
355 1601 447 1629 esse
478 1588 728 1641 perituram.
789 1587 880 1629 Nec
911 1602 1012 1628 vero
1045 1602 1162 1628 eram
1194 1591 1285 1628 tam
1316 1588 1458 1630 indoc-

69 1666 102 1691 25
122 1650 194 1689 tus
236 1646 498 1701 ignarusque
541 1660 701 1697 rerum,
744 1648 793 1686 ut
834 1645 1056 1700 frangerer
1100 1646 1242 1686 animo
1280 1649 1459 1700 propter

120 1705 235 1747 vitae
268 1703 560 1759 cupiditatem,
591 1717 698 1757 quae
731 1718 798 1744 me
830 1718 1006 1744 manens
1037 1703 1265 1744 conficeret
1291 1705 1458 1759 angori-

121 1765 221 1817 bus,
259 1763 436 1804 dimissa
472 1761 682 1803 molestiis
722 1761 920 1802 omnibus
958 1761 1173 1802 liberaret.
1235 1761 1340 1803 Illos
1377 1776 1456 1818 ego

122 1821 520 1877 praestantissimos
563 1819 697 1872 viros,
742 1819 906 1860 lumina
948 1819 1009 1859 rei
1057 1819 1271 1873 publicae,
1313 1820 1456 1861 vivere

122 1881 332 1932 volebam,
363 1881 431 1920 tot
460 1877 708 1930 consularis,
740 1880 808 1918 tot
832 1877 1084 1931 praetorios,
1115 1880 1183 1919 tot
1206 1877 1457 1920 honestissi-

69 1957 104 1983 30
123 1953 217 1981 mos
250 1940 482 1991 senatores,
514 1950 684 1978 omnem
714 1938 936 1989 praeterea
964 1935 1114 1977 florem
1138 1936 1381 1977 nobilitatis
1409 1952 1457 1979 ac

121 1996 358 2040 iuventutis
367 2030 377 2050 ,
414 1998 508 2037 tum
545 1994 808 2049 optimorum
846 1994 1002 2035 civium
1040 1994 1272 2044 exercitus3
1312 1995 1384 2049 qui
1420 1996 1456 2036 si

122 2057 326 2108 viverent,
362 2053 556 2108 quamvis
588 2053 736 2106 iniqua
767 2052 1014 2094 condicione
1045 2053 1163 2106 pacis
1192 2051 1316 2108 (mihi
1342 2054 1457 2095 enim

124 2114 262 2157 omnis
299 2128 383 2168 pax
415 2126 511 2154 cum
543 2111 706 2153 civibus
737 2111 850 2152 bello
883 2110 998 2152 civili
1029 2110 1178 2152 utilior
1209 2110 1454 2167 videbatur)

123 2187 214 2215 rem
256 2172 474 2227 publicam
515 2169 642 2211 hodie
685 2172 938 2210 teneremus.
1008 2167 1125 2217 Quae
1167 2170 1382 2211 sententia
1419 2170 1456 2212 si
1470 2176 1514 2208 38

70 2246 104 2274 35
124 2231 330 2273 valuisset
367 2245 415 2272 ac
451 2244 538 2270 non
569 2228 608 2269 ei
639 2228 822 2269 maxime
855 2227 979 2280 mihi,
1017 2241 1199 2281 quorum
1230 2241 1309 2283 ego
1341 2228 1454 2270 vitae

124 2289 418 2342 consulebam,
461 2302 535 2342 spe
579 2286 782 2327 victoriae
820 2285 922 2327 elati
960 2285 1250 2340 obstitissent,
1286 2289 1336 2328 ut
1371 2287 1455 2328 alia

125 2348 337 2403 omittam,
369 2351 418 2388 tu
450 2349 563 2389 certe
593 2359 827 2399 numquam
858 2344 904 2385 in
933 2343 1015 2386 hoc
1044 2344 1190 2386 ordine
1216 2345 1282 2387 vel
1308 2346 1452 2400 potius

1175 2413 1249 2447 25*
