1671 2543
192 68 281 109 270
437 65 530 101 PRO
558 66 594 102 C.
622 64 819 100 RABIRIO
845 64 1070 101 POSTUMO
1097 65 1286 102 ORATIO.

192 175 366 241 Itaque,
404 175 440 216 si
479 177 553 215 aut
589 174 767 228 praedes
799 174 987 216 dedisset
1022 173 1230 215 Gabinius
1263 176 1338 215 aut
1369 177 1538 216 tantum

194 249 246 276 ex
281 234 370 276 eius
402 233 545 286 bonis,
585 235 747 298 quanta
778 246 945 274 summa
975 233 1119 274 litium
1149 232 1322 287 fuisset,
1353 232 1536 299 populus

193 293 437 347 recepisset,
465 291 658 346 quamvis
685 305 843 346 magna
865 292 917 332 ad
937 291 1193 333 Postumum
1213 291 1267 332 ab
1288 305 1337 333 eo
1357 292 1538 346 pecunia

193 351 470 407 pervenisset,
502 358 589 392 non
620 350 903 406 redigeretur3
933 352 982 391 ut
1013 350 1208 405 intellegi
1233 349 1359 392 facile
1384 350 1536 405 possit,

193 411 306 466 quod
345 425 395 451 ex
435 424 485 451 ea
521 409 721 464 pecunia,
760 423 844 463 qua
874 423 1044 450 reorum
1081 409 1175 463 quis
1209 408 1435 451 damnatus
1467 409 1537 462 sit,
1572 426 1589 452 5

189 469 435 524 pervenisse
477 468 529 509 ad
567 468 754 522 aliquem
791 467 837 509 in
872 468 948 509 illo
986 468 1126 522 primo
1164 467 1322 509 iudicio
1360 467 1538 522 planum

190 527 354 570 factum
387 528 456 582 sit,
487 527 531 568 id
561 527 644 568 1100
676 541 831 582 genere
863 527 1010 568 iudicii
1043 526 1180 581 redigi
1212 526 1360 568 solere.
1411 525 1537 568 Nunc

191 601 292 628 vero
340 586 441 641 quid
487 586 660 642 agitur?
704 585 779 627 ubi
823 588 1036 627 terrarum
1080 585 1257 626 sumus?
1302 584 1404 639 quid
1446 588 1537 626 tam

195 646 477 700 [perveisum]
511 647 840 700 praeposterum
871 644 954 691 dici
986 646 1062 686 aut
1093 643 1329 699 excogitari
1361 643 1536 698 potest?

133 707 177 738 38
191 705 434 746 Accusatur
465 704 515 759 is,
547 704 620 758 qui
651 718 737 744 non
769 703 952 744 abstulit
983 717 1008 744 a
1038 717 1151 768 rege,
1182 704 1294 744 sicut
1327 700 1536 744 Gabinius
1557 713 1590 738 ιο

191 763 404 805 iudicatus
431 766 510 817 est,
535 762 609 804 sed
636 762 710 816 qui
735 762 966 803 maximam
988 762 1080 817 regi
1099 761 1325 816 pecuniam
1346 761 1536 803 credidit.

190 822 309 877 Ergo
346 822 383 863 is
423 821 608 863 Gabinio
646 821 780 875 dedit,
819 821 891 875 qui
928 834 1015 862 non
1050 820 1150 862 huic
1186 820 1382 861 reddidit.
1443 818 1537 861 Iam

192 882 307 935 cedo,
340 895 436 922 cum
462 881 512 935 is,
544 879 869 934 quispeeunjam
895 878 1102 921 Postumo
1129 879 1289 933 debuit,
1313 892 1400 920 non
1423 878 1536 931 huic,

191 940 264 981 sed
303 938 488 981 Gabinio
528 939 709 993 dederit,
747 938 1031 980 condemnato
1071 937 1255 979 Gabinio
1293 940 1440 978 utrum
1471 937 1536 978 illi

122 994 177 1035 14
192 998 449 1053 acquirenda
485 998 667 1052 pecunia
698 1000 764 1038 est
796 1012 851 1038 an
880 997 980 1038 huic
1012 996 1252 1038 reddenda?
1312 995 1374 1037 At
1404 995 1536 1037 habet
1557 1006 1589 1032 15

191 1060 235 1099 et
268 1057 389 1099 celat.
454 1055 564 1098 Sunt
597 1056 721 1109 enim,
754 1056 827 1110 qui
859 1056 922 1097 ita
953 1056 1194 1109 loquantur.
1246 1054 1370 1104 Quod
1401 1067 1537 1110 genus

191 1116 364 1157 tandem
403 1119 469 1156 est
506 1115 623 1156 istud
661 1114 964 1156 ostentationis
1003 1117 1046 1155 et
1084 1113 1276 1169 gloriae?
1345 1111 1391 1154 Si
1427 1112 1536 1154 nihil

189 1174 415 1215 habuisset
441 1188 657 1228 umquam,
684 1176 840 1226 tamen,
873 1173 909 1214 si
937 1173 1188 1227 quaesisset,
1214 1186 1288 1214 cur
1316 1172 1388 1223 [si]
1417 1171 1536 1212 (11331-

191 1233 376 1274 mularet
404 1232 610 1285 [habere],
638 1246 765 1273 causa
789 1245 876 1273 non
902 1234 1026 1272 esset.
1074 1230 1156 1280 Qui
1182 1244 1281 1272 vero
1308 1231 1390 1271 duo
1417 1230 1536 1270 lauta

191 1294 235 1333 et
285 1291 458 1345 copiosa
506 1290 767 1345 patrimonia
814 1290 1049 1343 accepisset
1092 1303 1266 1343 remque
1312 1291 1534 1342 praeterea
1554 1299 1588 1324 20

191 1350 316 1391 bonis
350 1352 393 1390 et
423 1349 618 1390 honestis
651 1348 890 1390 rationibus
924 1348 1130 1400 auxisset,
1166 1347 1267 1401 quid
1299 1349 1413 1388 esset
1444 1349 1535 1388 tan-

133 1416 177 1447 39
193 1408 289 1449 dem
321 1421 491 1461 causae,
530 1422 604 1449 cur
637 1407 874 1448 existimari
906 1407 1035 1447 vellet
1065 1405 1173 1447 nihil
1205 1405 1392 1446 habere?
1453 1405 1536 1459 An,

192 1481 288 1508 cum
327 1466 527 1508 credebat
561 1466 761 1506 inductus
792 1465 952 1518 usuris,
989 1465 1031 1505 id
1064 1464 1238 1520 agebat,
1276 1467 1325 1505 ut
1355 1464 1535 1505 haberet

192 1539 320 1579 quam
351 1525 603 1579 plurimum3
633 1527 916 1579 posteaquam
948 1524 1108 1578 exegit,
1142 1523 1254 1577 quod
1287 1522 1534 1576 crediderat,

190 1586 240 1625 ut
283 1584 603 1625 existimaretur
644 1583 797 1638 egere?
865 1582 1037 1624 Novum
1079 1595 1213 1637 genus
1250 1581 1332 1623 hoc
1370 1581 1533 1637 gloriae
1553 1585 1586 1617 2⁵

191 1642 467 1697 concupiscit.
495 1641 769 1684 ‘Dominatus
791 1645 857 1683 est
874 1641 1014 1694 enim'‚
1034 1640 1186 1695 inquit,
1207 1639 1533 1682 ‘Alexandriae'

190 1700 330 1742 Immo
375 1715 475 1742 vero
518 1701 564 1742 in
603 1701 912 1755 superbissimo
951 1700 1172 1741 dominatu
1209 1698 1310 1753 fuit3
1353 1698 1534 1753 pertulit

190 1760 283 1814 ipse
316 1760 574 1813 custodiam,
611 1759 719 1801 vidit
750 1759 794 1800 in
826 1759 977 1800 vinclis
1009 1758 1235 1799 familiaris
1267 1771 1385 1811 suos,
1417 1770 1533 1798 mors

191 1819 246 1860 ob
285 1819 433 1860 oculos
472 1833 598 1872 saepe
636 1821 807 1859 versata
845 1821 928 1871 est,
971 1814 1123 1858 nudus'
1147 1819 1274 1871 atque
1313 1829 1443 1871 egens
1480 1815 1533 1857 ad

131 1891 175 1922 40
190 1879 428 1919 extremum
473 1877 588 1932 fugit
633 1891 654 1918 0
698 1890 841 1932 regno.
913 1876 974 1917 At
1016 1878 1261 1929 permutata
1304 1874 1532 1928 aliquando
1551 1884 1586 1909 30

189 1936 369 1990 pecunia
407 1938 489 1988 est,
527 1935 761 1976 subductae
798 1948 928 1976 naves
960 1933 1157 1975 Postumi
1189 1933 1382 1974 Puteolis
1420 1935 1531 1985 sunt,

191 1994 361 2035 auditae
393 1994 594 2047 visaeque
626 2008 801 2035 merces.
856 1992 1049 2034 Fallaces
1083 1992 1254 2046 quidem
1286 1995 1329 2032 et
1359 1990 1530 2032 fucosae

191 2052 352 2094 chartis
385 2055 428 2093 et
459 2052 605 2093 linteis
638 2056 682 2093 et
712 2052 825 2093 vitro
851 2052 1035 2105 velatae3
1067 2051 1222 2104 quibus
1248 2064 1344 2091 cum
1369 2048 1529 2089 multae

189 2125 319 2152 naves
351 2111 532 2152 refertae
563 2110 757 2164 fuissent,
795 2125 879 2151 una
909 2124 996 2151 non
1031 2109 1245 2163 completa
1275 2107 1357 2148 fuit
1387 2120 1529 2160 parva.

191 2168 397 2223 Cataplus
411 2169 483 2210 1110
493 2168 767 2223 Puteolanus,
782 2183 922 2210 sermo
936 2167 1053 2209 illius
1063 2166 1280 2221 temporis,
1294 2166 1529 2205 vectorum·
1549 2175 1582 2201 35

191 2241 270 2280 que
316 2241 464 2269 cursus
509 2230 638 2282 atque
683 2227 936 2280 ostentatio,
979 2229 1070 2267 tum
1112 2223 1379 2266 subinvisum
1417 2223 1529 2277 apud

190 2285 415 2326 malivolos
448 2285 646 2327 Postumi
670 2300 827 2327 nomen
851 2287 1029 2339 propter
1054 2282 1298 2337 opinionem
1323 2283 1528 2335 pecuniae
