1671 2543
194 94 280 136 288
474 91 566 127 PRO
593 92 634 127 T.
660 90 815 127 ANNIO
841 90 1025 126 MILONE
1051 91 1243 128 ORATIO.

191 202 264 244 ille
290 201 451 244 Caecus
477 215 591 241 viam
618 199 862 253 muniverit,
892 213 980 241 non
1005 213 1090 254 qua
1114 199 1299 254 populus
1325 203 1533 256 uteretur,

138 273 178 305 18
194 261 267 303 sed
305 260 379 302 ubi
423 260 581 314 inpune
621 259 687 300 sui
724 257 888 313 posteri
924 257 1304 300 latrocinarentur!
1377 258 1532 314 Itaque

191 320 237 361 in
273 319 420 361 eadem
457 318 550 360 ista,
578 317 722 372 Appia
758 317 828 358 via
859 331 956 359 cum
988 317 1313 359 ornatissimum
1343 319 1532 372 equitem

191 378 435 420 Romanum
473 376 519 418 P.
558 375 751 430 Clodius,
788 374 848 417 M.
885 375 1125 431 Papirium,
1164 376 1409 431 occidisset,
1446 391 1533 420 non

190 436 275 479 fuit
313 436 419 478 illud
455 435 621 477 facinus
658 434 920 489 puniendum
959 434 1105 488 (homo
1143 435 1257 476 enim
1293 436 1453 478 nobilis
1487 436 1533 478 in

193 496 281 537 suis
322 494 600 536 monimentis
639 493 827 548 equitem
858 493 1102 535 Romanum
1134 493 1385 550 occiderat);
1420 509 1532 537 nunc

192 554 382 596 eiusdem
424 553 591 607 Appiae
634 566 792 594 nomen
835 555 1018 606 quantas
1062 552 1307 608 tragoedias
1352 553 1531 595 excitat!

194 612 311 662 Quae
349 614 574 654 cruentata
612 613 740 653 antea
770 611 896 653 caede
927 611 1099 653 honesti
1131 614 1259 665 atque
1291 611 1532 654 innocentis

192 672 274 712 viri
312 671 538 725 silebatur,
575 670 723 712 eadem
753 684 866 712 nunc
898 670 1046 711 crebro
1078 672 1329 725 usurpatur,
1366 674 1533 725 postea-

193 745 322 784 quam
354 729 535 771 latronis
561 732 605 770 et
632 728 1102 784 parricidae'sanguine
1127 729 1296 771 imbuta
1321 732 1398 771 est.
1449 728 1532 772 Sed

193 789 295 843 quid
345 802 424 844 ego
476 788 553 829 illa
599 787 919 830 commemoro?
992 786 1336 842 Comprehensus
1380 791 1447 830 est
1488 789 1535 830 in

192 847 354 902 templo
394 846 588 889 Castoris
626 860 780 905 *servus
818 846 864 887 P.
902 844 1043 901 Clodi,
1088 861 1214 901 quem
1257 847 1330 888 ille
1368 847 1421 888 ad
1458 845 1534 890 Cn.

192 905 446 960 Pompeium
483 905 825 947 interficiendum
863 905 1108 947 collocarat.
1168 904 1355 947 Extorta
1392 908 1459 947 est
1495 906 1532 947 ei

194 965 417 1007 confitenti
450 964 539 1006 sica
569 964 619 1005 de
652 964 862 1006 manibus.
921 962 1071 1006 Caruit
1102 963 1196 1006 foro
1227 967 1381 1018 postea
1411 964 1534 1006 Pom-

192 1023 326 1078 peius,
358 1023 497 1065 caruit
523 1025 687 1077 senatu,
716 1023 854 1064 caruit
879 1023 1071 1077 publi003
1102 1023 1231 1064 ianua
1255 1037 1301 1065 se
1327 1037 1375 1065 ac
1400 1023 1535 1077 parie-

138 1090 179 1120 19
196 1082 325 1136 tibus,
350 1097 438 1124 non
462 1082 553 1123 iure
579 1082 724 1137 legum
749 1081 1087 1136 iudiciorumque
1114 1082 1234 1123 texit.
1283 1080 1401 1123 Num
1427 1096 1534 1136 quae

194 1140 364 1196 rogatio
409 1141 516 1194 lata,
561 1155 665 1182 num
707 1154 813 1194 quae
851 1154 962 1182 nova
1000 1140 1195 1195 quaestio
1233 1140 1404 1182 decreta
1440 1140 1535 1182 est?

126 1199 353 1253 [19)Atqui‚
391 1199 427 1240 si
465 1213 551 1253 res,
589 1199 626 1240 si
663 1199 745 1253 vir,
784 1199 820 1239 si
858 1201 1028 1253 tempus
1059 1199 1196 1240 ullum
1231 1199 1409 1254 dignum
1439 1198 1537 1254 fuit,

197 1260 311 1299 certe
342 1257 447 1299 haec
479 1257 524 1298 in
554 1257 630 1298 illa
662 1271 791 1299 causa
821 1271 988 1298 summa
1021 1257 1165 1298 omnia
1195 1257 1379 1298 fuerunt.
1429 1256 1536 1298 Insi-

195 1316 336 1357 diator
367 1318 460 1356 erat
490 1316 535 1356 in
566 1314 660 1356 soro
693 1315 929 1357 collocatus
961 1318 1089 1369 atque
1120 1315 1165 1356 in
1196 1315 1410 1357 vestibulo
1439 1315 1533 1369 ipso

196 1377 383 1427 senatus,
419 1374 457 1414 ei
489 1374 580 1415 viro
614 1376 759 1414 autem
790 1387 906 1415 mors
938 1374 1186 1428 parabatur,
1218 1374 1338 1415 cuius
1369 1374 1414 1414 in
1445 1374 1536 1415 vita

194 1432 416 1474 nitebatur
441 1432 558 1473 salus
585 1432 786 1485 civitatis,
813 1446 862 1473 eo
882 1446 1011 1486 porro
1032 1432 1093 1473 rei
1112 1432 1309 1486 publicae
1329 1435 1536 1487 tempore,

197 1505 281 1545 quo
321 1491 357 1531 si
394 1505 502 1532 unus
541 1490 613 1531 ille
653 1490 895 1544 cecidisset,
931 1505 1018 1532 non
1055 1491 1161 1533 haec
1198 1491 1338 1532 solum
1371 1491 1536 1546 civitas,

197 1549 269 1590 sed
308 1551 457 1604 gentes
496 1563 643 1590 omnes
676 1549 973 1591 concidissent.
1035 1548 1132 1590 Nisi
1158 1564 1276 1604 vero,
1314 1549 1415 1604 quia
1444 1564 1536 1604 per-

195 1607 309 1649 fecta
346 1622 413 1649 res
444 1622 531 1649 non
563 1611 646 1662 est,
682 1622 770 1649 non
799 1607 883 1649 fuit
914 1608 1167 1662 poenienda3
1203 1608 1381 1663 proinde
1413 1608 1537 1662 quasi

197 1666 335 1707 exitus
356 1681 510 1719 rerum,
529 1680 616 1708 non
634 1666 859 1708 hominum
880 1667 1058 1708 consilia
1073 1667 1242 1722 legibus
1256 1667 1535 1708 vindicentur.

196 1724 338 1766 Minus
371 1725 600 1766 dolendum
628 1724 712 1766 fuit
738 1739 781 1766 re
807 1739 894 1766 non
918 1724 1119 1779 perfecta,
1151 1726 1226 1767 sed
1251 1725 1536 1780 poeniendum

138 1791 182 1821 20
198 1786 312 1824 certe
348 1783 484 1825 nihilo
524 1784 676 1825 minus.
746 1782 954 1832 Quotiens
993 1797 1072 1839 ego
1110 1784 1219 1838 ipse,
1265 1783 1442 1838 iudices,
1485 1798 1536 1825 ex

198 1841 242 1882 P.
278 1840 402 1884 Clodi
434 1842 533 1883 telis
566 1844 609 1883 et
641 1856 692 1883 ex
724 1842 911 1883 cruentis
945 1842 1035 1883 eius
1068 1842 1266 1883 manibus
1299 1842 1446 1897 effugi!
1485 1856 1536 1883 ex

198 1900 354 1954 quibus
393 1900 429 1941 si
467 1915 534 1941 me
571 1914 658 1942 non
695 1900 761 1941 vel
800 1914 894 1941 mea
930 1901 996 1942 vel
1028 1901 1089 1942 rei
1126 1901 1322 1955 publicae
1362 1900 1588 1942 fortunaao

199 1961 427 2013 servasset,
470 1959 565 2012 quis
603 1959 776 2000 tandem
813 1959 864 2000 de
902 1959 1081 2000 interitu
1112 1973 1207 2000 meo
1240 1959 1534 2013 quaestionem

158 2017 400 2058 Stulisset‘?
469 2016 552 2059 Sed
590 2017 714 2058 stulti
753 2031 918 2071 sumus,
959 2018 1031 2071 qui
1068 2016 1275 2071 Drusum,
1314 2017 1386 2071 qui
1422 2015 1533 2057 Afri·

199 2090 370 2129 canum,
404 2075 669 2130 Pompeium,
699 2078 870 2116 nosmet
902 2075 1018 2130 ipsos
1051 2090 1147 2117 cum
1178 2075 1223 2117 P.
1256 2075 1405 2118 Clodio
1438 2071 1532 2115 con-

199 2133 308 2174 ferre
353 2134 593 2175 audeamus.
666 2133 926 2174 Tolerabilia
968 2134 1141 2175 fuerunt
1183 2134 1275 2187 illa3
1319 2132 1365 2173 P.
1409 2130 1532 2174 Clodi

200 2194 382 2232 mortem
408 2206 543 2246 aequo
571 2192 712 2233 animo
739 2191 849 2233 ferre
873 2207 998 2234 nemo
1019 2195 1182 2246 potest3
1207 2192 1326 2246 luget
1346 2193 1532 2246 senatus,
1552 2207 1585 2234 ³⁵

202 2253 362 2290 maeret
393 2253 591 2303 equester
623 2250 738 2302 ordo,
770 2253 865 2291 tota
896 2251 1047 2292 civitas
1080 2249 1274 2292 confecta
1305 2249 1422 2290 senio
1455 2253 1533 2304 est,

201 2307 397 2359 squalent
429 2308 672 2362 municipia,
704 2307 968 2349 afflictantur
999 2308 1200 2361 coloniae,
1232 2307 1325 2361 agri
1352 2307 1531 2362 denique
