1671 2543
211 95 298 136 214
558 93 652 128 PRO
680 93 753 128 CN.
780 92 985 128 PLANCIO
1013 92 1203 128 ORATIO.

213 218 309 245 cum
346 204 523 257 parente
563 200 681 256 (nam
719 215 814 242 meo
852 200 1010 242 iudicio
1048 200 1188 255 pietas
1223 199 1551 241 fundamentum

212 265 279 303 est
311 261 504 303 omnium
535 258 777 314 virtutum),
810 273 938 313 quem
969 261 1142 301 veretur
1168 260 1219 300 ut
1244 259 1370 300 deum
1396 256 1551 313 (neque

213 320 327 362 enim
364 320 501 361 multo
542 332 662 360 secus
702 320 769 359 est
805 332 958 372 parens
993 316 1182 372 liberis),
1220 319 1338 358 amat
1369 331 1470 358 vero
1501 319 1551 357 ut

213 379 420 433 sodalem,
452 380 501 419 ut
532 377 730 431 fr·,at1em
761 379 810 417 ut
842 376 1075 442 aequalem.
1139 375 1251 441 Quid
1283 375 1423 417 dicam
1454 389 1552 416 cum

212 440 385 492 patr,uo
418 451 514 478 01110
547 435 766 487 affinibus,
799 449 896 476 cum
926 435 1200 489 propinquis,
1233 449 1330 476 cum
1360 434 1443 475 hoc
1475 432 1550 476 Gn.
1589 449 1606 475 5

215 496 467 549 Saturnino,
506 494 784 535 ornatissimo
821 494 944 535 viro?
983 494 1103 535 cuius
1137 496 1344 547 quantam
1374 492 1552 534 honoris

211 555 340 596 huius
380 553 660 607 cupiditatem
697 552 830 594 fuisse
863 552 1055 606 creditis,
1093 566 1191 594 cum
1221 551 1377 593 videtis
1409 551 1552 592 luctus

215 612 494 655 societatem?
553 611 665 660 Quid
703 612 753 652 de
791 625 858 652 me
897 611 1053 665 dicam,
1092 611 1165 665 qui
1203 610 1311 652 mihi
1347 610 1394 651 in
1423 609 1552 651 huius

213 672 403 726 periculo
436 685 534 712 reus
567 685 658 711 esse
691 670 867 711 videor?
907 670 1008 723 quid
1039 669 1090 711 (10
1121 668 1189 710 1110
1222 672 1290 710 tot
1321 668 1425 709 viris
1458 668 1553 709 tali·

213 732 311 783 bus,
357 744 462 784 quos
507 729 662 770 videtis
707 731 825 770 veste
867 728 1064 769 mutata?
1126 728 1270 782 Atque
1307 727 1414 768 haec
1451 729 1552 768 sunt
1573 743 1607 768 10

214 789 387 842 indicia,
419 788 598 841 iudices,
631 787 769 828 solida
801 790 844 829 et
876 801 1088 841 expressa,
1118 786 1224 828 11000
1256 786 1381 841 signa
1411 785 1554 839 probi-

214 848 318 888 tatis
350 861 436 888 11011
466 846 613 888 fucata
644 846 806 887 forensi
838 846 990 899 specie,
1023 845 1095 886 sed
1127 844 1375 886 domesticis
1407 845 1555 885 inusta

213 906 329 947 notis
355 905 564 946 veritatis.
609 904 788 946 Futtilis
815 907 881 945 est
907 904 983 945 illa
1009 904 1249 945 occursatio
1277 906 1320 944 et
1344 902 1555 944 blanditia

215 964 453 1018 popularis,
489 963 714 1018 aspicitur,
745 978 832 1004 non
864 962 1148 1017 adtrectatur3
1178 962 1329 1017 procul
1362 963 1554 1016 apparet,

157 1033 200 1064 30
214 1038 302 1064 non
327 1023 554 1076 excutitur,
578 1037 667 1063 non
691 1022 736 1063 in
761 1036 912 1072 manus
940 1021 1137 1063 sumitur.
1182 1021 1392 1063 Omnibus
1418 1020 1555 1075 igitur
1576 1035 1609 1062 15

214 1082 341 1123 rebus
369 1056 569 1122 ornatum
587 1081 807 1122 hominem
827 1083 918 1121 tam
938 1080 1125 1121 externis
1147 1094 1276 1134 quam
1295 1079 1556 1132 domesticis,

213 1155 300 1182 non
331 1140 461 1181 nullis
494 1140 620 1181 rebus
653 1139 899 1181 inferiorem
932 1153 1061 1193 quam
1092 1141 1152 1193 te,
1184 1138 1353 1204 generis
1385 1137 1479 1179 dico
1512 1139 1556 1179 et

213 1199 412 1252 nominis,
440 1198 704 1252 superiorem
724 1198 834 1252 aliis,
859 1212 1135 1251 municipum,
1154 1211 1405 1250 vicinorum
1425 1196 1556 1237 socie-

215 1261 355 1298 tatum
371 1257 527 1311 studio,
541 1260 986 1310 me01·umtemp01um
995 1256 1213 1309 memoria,
1226 1255 1556 1310 paremvirtute,

215 1316 480 1370 integritate,
512 1315 724 1356 modestia
756 1315 936 1355 aedilem
967 1314 1131 1355 factum
1162 1328 1255 1355 esse
1286 1313 1487 1354 miraris?
1576 1329 1612 1355 20

303 1374 429 1415 Hunc
461 1376 509 1414 tu
539 1373 654 1414 vitae
687 1373 957 1427 splendorem
990 1372 1168 1414 maculis
1201 1372 1395 1427 aspergis
1426 1371 1555 1413 istis?

215 1432 326 1474 Iacis
360 1432 582 1485 adulteria,
614 1446 722 1486 quae
754 1446 879 1473 nemo
911 1445 999 1472 non
1030 1431 1156 1472 modo
1187 1431 1372 1482 nomine,
1404 1430 1478 1471 sed
1501 1444 1556 1472 ne

216 1490 459 1544 suspicione
515 1490 686 1544 quidem
741 1490 881 1544 possit
936 1503 1179 1545 agnoscere.
1265 1488 1555 1530 eBimaritum'

216 1549 426 1603 appellas,
463 1552 512 1590 ut
549 1549 680 1590 verba
717 1549 848 1590 etiam
880 1548 1036 1603 fingas,
1072 1563 1160 1590 non
1192 1548 1331 1589 solum
1365 1547 1556 1589 crimina.

215 1607 405 1649 Ductum
437 1622 529 1648 esse
562 1608 616 1648 ab
648 1622 697 1649 eo
730 1608 775 1648 in
805 1607 1071 1662 provinciam
1103 1607 1292 1661 aliquem
1323 1606 1429 1648 dicis
1461 1606 1556 1647 libi·
1576 1620 1610 1648 25

216 1666 327 1707 dinis
367 1680 511 1719 causa,
551 1666 663 1720 quod
701 1680 788 1707 non
820 1666 981 1707 crimen
1013 1668 1096 1716 est,
1129 1666 1203 1707 sed
1234 1665 1481 1720 inpunitum
1511 1665 1559 1706 in

215 1724 445 1766 maledicto
490 1725 775 1779 mendacium3
820 1727 989 1778 raptam
1028 1738 1120 1766 esse
1159 1724 1400 1777 mimulam,
1444 1723 1559 1778 quod

217 1783 373 1825 dicitur
404 1783 562 1825 Atinae
602 1783 767 1824 factum
805 1798 830 1825 a
867 1784 1090 1824 iuventute
1121 1786 1263 1824 vetere
1297 1782 1482 1836 quodam
1512 1782 1558 1822 in

158 1857 201 1888 31
218 1842 434 1883 scaenicos
467 1842 558 1883 iure
585 1842 854 1896 maximeque
880 1841 1105 1896 oppidano.
1161 1841 1196 1883 Ο
1222 1840 1558 1883 adulescentiam

217 1901 461 1942 traductam
496 1901 733 1956 eleganter,
775 1901 842 1942 cui
874 1900 1047 1954 quidem
1078 1915 1192 1954 cum,
1231 1900 1344 1954 quod
1375 1899 1559 1952 licuerit,
1577 1915 1612 1940 30

218 1959 442 2013 obiciatur,
468 1962 613 2001 tamen
637 1959 681 2000 id
705 1959 848 2013 ipsum
872 1959 1031 2000 falsum
1057 1959 1312 2013 reperiatur!
1359 1957 1558 1999 Emissus

217 2017 352 2071 aliqui
390 2032 411 2058 e
450 2032 629 2059 carcere.
696 2017 756 2059 Et
794 2018 966 2072 quidem
1005 2018 1187 2059 emissus
1224 2031 1301 2072 per
1333 2016 1558 2070 inpruden-

217 2076 343 2130 tiam,
376 2076 577 2131 emissus,
608 2079 658 2117 ut
694 2077 934 2131 cognostis,
965 2076 1198 2118 necessarii
1228 2075 1416 2117 hominis
1449 2074 1558 2128 opti—

218 2134 361 2188 mique
394 2135 679 2176 adulescentis
711 2138 886 2189 rogatu3
917 2135 1031 2176 idem
1061 2137 1215 2189 postea
1238 2132 1558 2188 praemandatis

217 2192 463 2245 requisitus.
530 2194 675 2247 Atque
718 2193 826 2234 haec
861 2207 940 2234 nec
977 2193 1067 2233 ulla
1103 2193 1189 2234 alia
1227 2194 1327 2233 sunt
1365 2190 1560 2232 coniecta
1579 2205 1613 2232 35

218 2250 447 2291 maledicta
477 2252 523 2292 in
554 2252 644 2293 eius
676 2251 829 2305 vitam,
867 2251 917 2293 de
950 2252 1070 2293 cuius
1102 2265 1179 2293 vos
1209 2250 1384 2305 pudore,
1415 2249 1559 2306 religi-

218 2322 310 2362 one,
341 2308 595 2364 integritate
620 2309 840 2351 dubitetis.
