1671 2543
207 70 294 112 248
579 69 674 105 PRO
699 70 747 104 M.
775 69 961 106 SCAURO
989 70 1180 106 ORATIO.

209 192 317 233 quos
355 177 489 219 etiam
520 177 848 220 Cleombrotum
878 178 1207 221 Ambraciotam
1244 179 1389 221 ferunt
1423 193 1468 221 se
1500 194 1551 222 ex

209 236 425 278 altissimo
451 237 758 291 praecipitasse
785 252 920 292 muro,
944 252 1032 279 non
1058 252 1142 292 quo
1166 238 1417 280 acerbitatis
1438 253 1551 281 acce-

208 296 346 350 pisset
384 295 564 350 aliquid,
603 296 688 350 sed,
728 298 777 337 ut
807 296 929 338 video
963 296 1173 351 scriptum
1206 297 1319 351 apud
1351 296 1551 351 Graecos,

210 369 308 397 cum
352 355 510 396 summi
539 354 802 409 'philosophi
838 354 1033 397 Platonis
1078 356 1269 410 graviter
1313 359 1356 397 et
1401 359 1551 398 ornate

210 413 420 468 scriptum
451 413 612 454 librum
644 413 694 455 de
726 416 865 455 morte
890 414 1081 468 legisset,
1112 414 1157 455 in
1183 429 1279 470 quo,
1310 418 1360 456 ut
1386 415 1550 470 opinor,
1587 433 1603 459 5

211 470 412 514 Socrates
450 472 526 513 illo
564 472 659 527 ipso
697 472 782 527 die,
821 487 904 527 quo
937 476 1029 514 erat
1062 473 1100 514 ei
1132 473 1423 528 moriundum,
1460 488 1552 528 per-

210 531 348 572 multa
379 530 591 586 disputat,
628 531 739 573 hanc
777 545 870 573 esse
902 535 1105 586 mortem,
1144 546 1271 587 quam
1303 547 1382 574 nos
1415 532 1550 574 vitam

208 593 474 644 putaremus,
497 604 594 631 cum
615 604 792 644 corpore
814 590 981 632 animus
1002 593 1225 645 tamquam
1245 606 1411 633 carcere
1433 605 1551 645 saep-

210 651 281 690 tus
314 651 551 703 teneretur,
583 649 719 690 vitam
751 651 897 690 autem
929 664 1021 691 esse
1053 664 1158 704 eam,
1191 664 1289 692 cum
1319 650 1432 691 idem
1464 650 1550 691 ani-

209 721 305 749 mus
336 707 490 749 vinclis
523 708 715 762 corporis
748 708 962 750 libera-tus·
987 708 1032 749 in
1061 723 1157 750 eum
1184 723 1228 750 se
1255 710 1409 763 locum,
1440 709 1549 750 unde
1571 726 1605 752 10

210 769 324 808 esset
362 769 502 821 ortus,
541 767 794 808 rettulisset.
857 766 974 809 Num
1011 767 1147 823 igitur
1184 768 1270 809 ista
1307 770 1384 808 tua
1416 766 1551 810 Sarda

210 824 507 880 Pythagoram
557 828 632 867 aut
675 825 902 867 Platonem
944 829 1072 867 norat
1115 829 1190 868 aut
1232 826 1426 881 legerat?
1477 826 1551 880 qui

209 887 356 925 tamen
379 884 465 938 ipsi
490 887 676 926 mortem
700 885 764 925 ita
788 885 976 939 laudant,
1001 888 1051 926 ut
1076 884 1223 941 fugere
1249 886 1385 927 vitam
1404 887 1551 926 vetent

211 945 341 997 atque
373 942 416 984 id
449 946 601 985 contra
632 943 782 985 foedus
814 944 907 986 fieri
939 944 1084 985 dicant
1110 944 1334 999 legemque
1360 947 1550 985 naturae.

209 1001 355 1043 Aliam
387 1002 560 1056 quidem
592 1017 765 1043 causam
792 1003 946 1044 mortis
971 1003 1241 1045 voluntariae
1266 1003 1431 1045 nullam
1455 1017 1550 1058 pro·
1571 1019 1604 1045 15

210 1060 324 1102 fecto
368 1060 529 1101 iustam
567 1061 802 1115 reperietis.
838 1062 1014 1116 >Atque
1051 1061 1133 1104 hoc
1169 1062 1243 1104 ille
1281 1062 1407 1116 vidit3
1449 1075 1550 1103 nam

209 1119 311 1160 iecit
345 1120 530 1173 quodam
561 1119 657 1161 loco
690 1120 781 1161 vita
812 1120 932 1161 illam
964 1120 1188 1162 mulierem
1220 1121 1397 1175 spoliari
1423 1135 1551 1176 quam

175 1192 195 1218 c.
210 1177 421 1232 pudicitia
445 1178 660 1219 maluisse.
705 1177 788 1220 Sed
814 1179 974 1234 refugit
1000 1180 1150 1221 statim
1175 1194 1253 1221 nec
1272 1180 1322 1221 de
1342 1179 1552 1234 pudicitia

210 1236 335 1290 plura
371 1237 480 1277 dixit
516 1237 699 1291 veritus,
738 1238 881 1290 credo,
917 1252 970 1279 ne
1012 1252 1139 1291 quem
1175 1238 1387 1279 inridendi
1423 1237 1549 1279 nobis

211 1295 333 1336 daret
364 1297 407 1336 et
438 1295 607 1336 iocandi
639 1296 792 1337 locum.
855 1295 1038 1338 Constat
1069 1297 1183 1337 enim
1215 1297 1335 1337 illam
1361 1310 1458 1337 cum
1484 1296 1550 1337 de-
1570 1314 1604 1339 20

210 1353 433 1394 formitate
466 1367 634 1394 summa
665 1353 809 1408 fuisse,
838 1357 930 1395 tum
963 1355 1094 1395 etiam
1121 1357 1353 1396 senectute.
1411 1353 1550 1403 Quare

212 1426 319 1466 quae
351 1414 508 1465 potest,
538 1412 732 1466 quamvis
760 1413 874 1454 salsa
899 1413 984 1454 ista
1011 1411 1146 1454 Sarda
1169 1412 1311 1467 fuerit,
1343 1413 1432 1455 ulla
1456 1413 1551 1454 libi-

211 1470 322 1511 dinis
355 1472 430 1511 aut
461 1471 620 1512 amoris
653 1485 745 1513 esse
778 1471 994 1526 suspicio?

169 1518 197 1559 5
302 1528 366 1570 Ac
396 1543 450 1570 ne
483 1528 715 1583 existimes,
745 1529 896 1584 Τ11311,
930 1530 1042 1584 quod
1069 1530 1271 1585 adferam,
1302 1531 1348 1572 in
1373 1531 1549 1573 dicendo

179 1579 280 1628 7me
319 1587 481 1642 fingere
517 1588 662 1642 ipsum
700 1591 743 1629 et
779 1603 866 1630 non
903 1603 928 1630 a
965 1603 1037 1631 reo
1077 1604 1249 1631 causam
1281 1603 1550 1645 cognoscere,
1570 1606 1604 1632 25

212 1645 436 1699 explicabo
469 1647 569 1700 tibi,
607 1661 713 1701 quae
744 1646 907 1689 fuerint
940 1648 1162 1702 opiniones
1195 1648 1240 1690 in
1272 1647 1469 1691 Sardinia
1500 1648 1550 1689 de

211 1704 338 1746 istius
371 1680 569 1746 mulieris⁷
596 1709 734 1757 morte
768 1707 885 1760 (nam
916 1706 1091 1748 fuerunt
1122 1705 1266 1763 duae),
1301 1721 1385 1762 quo
1417 1707 1551 1748 etiam

175 1762 381 1807 sfacilius
414 1762 503 1789 *ἥς*
533 1762 621 1789 *²¹²*
653 1767 696 1806 te
725 1765 824 1819 dixi,
855 1765 1135 1810 libidinosam
1163 1769 1292 1820 atque
1322 1765 1550 1819 inprobam

211 1825 395 1864 matrem
429 1822 580 1864 infami
618 1837 667 1865 ac
703 1826 808 1865 noto
847 1824 1056 1866 adulterio
1095 1824 1181 1865 iam
1219 1825 1291 1866 diu
1329 1824 1549 1879 diligebat.

211 1880 254 1922 Is
300 1896 396 1922 cum
439 1881 551 1923 hanc
589 1896 711 1923 suam
749 1897 926 1924 uxorem
964 1897 1092 1924 anum
1130 1886 1173 1924 et
1209 1883 1468 1937 locupletem
1506 1885 1549 1923 et
1567 1899 1603 1925 so

210 1939 440 1981 molestam
478 1940 672 1995 timeret,
708 1955 844 1996 neque
880 1956 971 1982 eam
1005 1941 1162 1982 habere
1195 1941 1240 1983 in
1271 1940 1548 1982 matrimonio

210 2000 388 2052 propter
413 1998 665 2040 foeditatem
684 2013 821 2053 neque
842 2000 1059 2041 dimittere
1079 2003 1256 2054 propter
1275 2000 1419 2041 dotem
1439 1999 1549 2040 vole-

210 2056 298 2097 bat.
358 2056 511 2111 Itaque
543 2060 765 2111 compecto
799 2073 894 2100 cum
927 2061 1065 2100 matre
1094 2058 1290 2100 Bostaris
1323 2056 1548 2099 consilium

209 2115 335 2168 cepit,
361 2118 410 2156 ut
435 2118 615 2170 uterque
636 2116 819 2157 Romam
846 2118 1029 2171 veniret3
1054 2117 1115 2158 ibi
1141 2132 1186 2158 se
1212 2117 1400 2170 aliquam
1419 2114 1547 2155 ratio-

208 2187 307 2213 nem
334 2173 622 2228 inventurum,
650 2189 775 2229 quem
803 2176 855 2216 ad
881 2176 1055 2217 modum
1081 2175 1201 2216 illam
1226 2188 1401 2216 uxorem
1426 2173 1546 2214 duce-
1566 2190 1600 2217 35

209 2234 287 2284 ret,
319 2232 602 2274 confirmavit.

168 2276 194 2364 (g
297 2288 382 2330 Hic
408 2291 552 2344 opinio
578 2290 674 2345 fuit,
706 2294 754 2332 ut
779 2291 877 2345 dixi,
903 2291 1069 2346 duplex,
1094 2305 1179 2332 una
1201 2304 1288 2331 non
1313 2289 1547 2332 abhorrens

167 744 196 785 4

174 804 195 834 5
