1671 2543
215 97 304 139 490
388 97 439 132 IN
465 97 512 132 M.
539 95 798 131 ANTONIUM
824 94 1000 130 ORATIO
1027 93 1296 130 PHILIPPICA
1321 94 1380 129 IX.

215 219 282 259 ca,
320 219 426 260 quae
460 204 541 246 sibi
577 204 695 245 iussu
726 206 870 245 vestro
903 203 1268 257 denuntiarentur,
1299 202 1558 245 auctoritate

215 266 340 305 erant
377 266 421 305 et
458 263 671 304 sententia
704 260 791 303 Ser.
826 261 988 317 Sulpici
1021 261 1275 315 constituta,
1313 261 1558 316 declaravit,

217 337 346 377 quam
378 322 540 364 odisset
566 323 774 374 senatum,
807 335 903 362 cum
930 323 1150 362 auctorem
1177 322 1350 361 senatus
1377 320 1558 362 exstinc-

215 384 309 422 tum
347 381 458 422 laete
497 382 626 434 atque
663 380 897 421 insolenter
934 379 1046 421 tulit.
1108 378 1209 420 Non
1245 379 1380 434 igitur
1417 379 1557 434 magis

215 439 419 494 Leptines
447 437 675 480 Octavium
703 453 781 480 nec
806 437 1054 479 Veientium
1081 452 1154 479 rex
1180 452 1264 491 eos,
1296 452 1403 492 quos
1429 437 1556 480 modo
1595 455 1612 481 5

215 498 452 552 nominavi,
488 512 616 552 quam
649 496 738 539 Ser.
771 495 1010 551 Sulpicium
1042 496 1199 538 occidit
1230 496 1457 538 Antonius.
1512 495 1557 537 Is

215 558 328 598 enim
363 556 558 611 profecto
591 558 774 597 mortem
806 555 972 610 attulit,
1011 556 1084 610 qui
1116 569 1245 597 causa
1276 555 1428 597 mortis
1461 554 1557 596 fuit.

216 616 426 665 Quocirca
469 615 600 672 etiam
645 615 696 655 ad
740 614 1009 669 posteritatis
1054 614 1306 655 memoriam
1343 613 1557 668 pertinere

215 675 404 716 arbitror
435 677 593 728 extare,
626 673 740 728 quod
770 673 901 714 fuerit
932 673 982 714 de
1013 673 1095 715 hoc
1127 673 1240 714 bello
1268 672 1472 714 iudicium
1497 686 1558 714 se-

214 736 353 774 natus.
407 732 506 774 Erit
538 732 652 774 enim
684 734 829 773 statua
853 732 949 786 ipsa
974 732 1098 773 testis
1123 731 1285 772 bellum
1310 734 1400 772 tam
1427 745 1557 786 grave
1578 749 1612 774 ιο

215 792 360 846 fuisse,
391 794 440 833 ut
471 791 606 847 legati
637 791 837 832 interitus
869 790 1044 832 honoris
1077 790 1330 831 memoriam
1362 804 1559 832 consecu-

175 829 286 918 4tus
339 850 407 892 sit.
482 849 643 899 Quodsi
688 849 1006 891 excusationem
1050 848 1137 891 Ser.
1183 847 1364 903 Sulpici,
1413 850 1558 903 patres

178 888 469 964 8conscripti,
524 909 755 964 legationis
805 908 1023 950 obeundae
1066 907 1280 949 recordari
1322 906 1559 961 volueritis,

213 969 334 1010 nulla
359 968 573 1009 dubitatio
600 967 878 1021 relinquetur,
910 967 1013 1021 quin
1036 966 1199 1008 honore
1226 965 1397 1020 mortui,
1430 980 1559 1020 quam

214 1028 311 1069 vivo
347 1027 549 1068 iniuriam
579 1025 776 1080 fecimus,
814 1026 1057 1067 sarciamus.
1120 1024 1210 1066 Vos
1243 1025 1373 1079 enim,
1411 1027 1557 1079 patres
1580 1042 1612 1069 15

215 1086 449 1140 conscripti
482 1083 631 1142 (grave
658 1085 775 1126 dictu
801 1087 879 1138 est,
912 1085 984 1126 sed
1014 1084 1238 1126 dicendum
1263 1082 1438 1138 tamen),
1470 1097 1560 1138 vos,

214 1145 408 1199 inquam,
442 1143 530 1186 Ser.
564 1143 802 1198 Sulpicium
833 1144 924 1184 vita
954 1143 1176 1197 privastis3
1217 1156 1343 1196 quem
1375 1156 1471 1183 cum
1502 1141 1561 1183 vi-

215 1204 373 1244 deretis
406 1218 450 1245 re
482 1203 620 1258 magis
654 1203 853 1244 morbum
886 1216 1014 1256 quam
1046 1201 1240 1243 oratione
1273 1203 1559 1254 excusantem,

215 1276 303 1303 non
333 1276 408 1303 vos
443 1262 613 1316 quidem
646 1261 836 1303 crudeles
868 1260 1013 1302 fuistis
1048 1259 1168 1315 (quid
1200 1259 1314 1300 enim
1347 1259 1488 1300 minus
1515 1258 1560 1299 in

215 1320 329 1361 hunc
355 1320 547 1361 ordinem
567 1318 827 1373 conveniffl),
852 1319 937 1373 sed,
958 1333 1054 1360 cum
1075 1317 1306 1372 speraretis
1325 1317 1434 1358 nihil
1454 1331 1558 1367 esse,
1579 1336 1613 1361 20

217 1379 330 1433 quod
368 1392 455 1419 non
493 1378 609 1419 illius
648 1378 903 1419 auctoritate
939 1380 982 1418 et
1013 1376 1225 1430 sapientia
1256 1375 1367 1416 effici
1399 1377 1559 1429 posset,

216 1437 511 1478 vehementius
560 1436 826 1478 excusationi
870 1435 1105 1476 obstitistis
1150 1437 1277 1488 atque
1323 1448 1438 1488 eum,
1486 1434 1559 1488 qui

219 1510 385 1550 semper
421 1498 612 1537 vestrum
650 1509 903 1536 consensum
935 1493 1238 1549 gravissimum
1271 1493 1560 1547 iudicavisset,

181 1555 267 1596 ede
306 1554 520 1595 sententia
558 1553 783 1595 deiecistis.
844 1552 906 1594 Ut
943 1567 1042 1593 vero
1075 1552 1241 1593 Pansae
1274 1551 1463 1593 consulis
1495 1565 1560 1594 ac-

219 1613 347 1655 cessit
394 1612 636 1654 cohortatio
682 1611 872 1667 gravior,
923 1625 1050 1665 quam
1095 1625 1217 1652 aures
1264 1609 1350 1651 Ser.
1397 1609 1559 1664 Sulpici
1579 1627 1614 1654 25

219 1671 328 1713 ferre
365 1671 635 1725 didicissent,
672 1674 765 1711 tum
800 1684 899 1711 vero
934 1670 1113 1724 denique
1145 1669 1282 1710 filium
1314 1683 1466 1723 meque
1499 1682 1560 1710 se—

218 1730 340 1772 duxit
379 1733 506 1784 atque
538 1731 601 1771 ita
632 1730 801 1771 locutus
835 1731 915 1778 est,
956 1731 1005 1770 ut
1037 1728 1340 1770 auctoritatem
1371 1730 1561 1768 vestram

217 1789 331 1830 vitae
369 1803 469 1830 suae
509 1803 552 1830 se
590 1789 750 1830 diceret
788 1787 1010 1828 anteferre.
1073 1786 1203 1828 Cuius
1244 1800 1322 1827 nos
1354 1786 1561 1827 virtutem

219 1848 422 1889 admirati
458 1862 545 1889 non
581 1847 674 1888 ausi
707 1860 852 1887 sumus
886 1845 1101 1887 adversari
1132 1844 1357 1886 voluntati.
1419 1843 1560 1886 Move-

218 1907 347 1948 batur
384 1906 594 1962 singulari
631 1905 792 1960 pietate
829 1904 963 1959 filius3
999 1918 1085 1946 non
1123 1903 1308 1945 multum
1346 1902 1436 1944 eius
1468 1917 1614 1957 per-so

219 1941 480 2007 turbationi&
486 1979 605 2006 meus
627 1964 749 2006 dolor
769 1963 1045 2017 concedebat,
1072 1962 1144 2003 sed
1163 1964 1343 2015 uterque
1362 1964 1560 2003 nostrum

218 2024 365 2065 cedere
399 2024 635 2079 cogebatur
666 2021 954 2077 magnitudini
986 2021 1118 2062 animi
1147 2020 1440 2074 orationisque
1466 2033 1561 2075 gra-

220 2083 358 2136 vitati,
390 2097 487 2124 cum
520 2081 691 2136 quidem
722 2081 794 2122 ille
826 2080 1013 2121 maxima
1043 2079 1167 2126 laude
1200 2081 1244 2120 et
1269 2078 1559 2134 gratulatione

219 2141 411 2182 omnium
443 2143 634 2182 vestrum
664 2139 883 2205 pollicitus
916 2141 983 2180 est
1014 2152 1076 2192 se,
1113 2138 1226 2192 quod
1257 2137 1436 2191 velletis,
1467 2149 1559 2177 esse

218 2199 434 2241 facturum
470 2213 607 2253 neque
646 2199 735 2239 eius
773 2197 1010 2239 sententiae
1042 2196 1280 2251 periculum
1311 2195 1559 2248 vitaturum,
1579 2209 1614 2236 35

219 2258 338 2299 cuius
393 2258 484 2312 ipse
541 2259 691 2298 auctor
739 2255 912 2311 fuisset,
967 2270 1094 2310 quem
1143 2253 1316 2308 exsequi
1359 2253 1561 2294 mandata

219 2319 362 2356 vestra
399 2318 702 2371 properantem
741 2329 863 2356 mane
901 2314 1109 2369 postridie
1145 2311 1362 2367 prosecuti
1401 2325 1561 2353 sumus.
