1671 2543
539 78 641 114 CAP.
669 82 807 113 34-36
834 81 853 120 ξ
879 81 1028 113 85—91.
1370 77 1457 118 405

111 187 289 230 fortuna
331 187 394 229 rei
434 187 650 242 publicae3
693 200 797 227 num
834 186 965 227 etiam
1002 188 1126 227 tuum
1163 185 1215 227 de
1253 184 1457 239 auspiciis

113 246 320 289 iudicium
351 246 553 288 interitus
587 244 784 288 Caesaris
817 243 1024 286 sustulit?
1081 243 1164 286 Sed
1188 243 1319 286 incidi
1346 243 1391 285 in
1415 243 1458 284 id

113 309 297 360 tempus,
329 305 444 359 quod
475 305 528 346 iis
560 304 705 358 rebus,
737 303 782 344 in
814 317 920 358 quas
952 303 1148 358 ingressa
1178 305 1273 344 erat
1305 302 1458 355 oratio,

112 364 471 419 praevertendum
515 366 592 405 est.
666 362 784 412 Quae
830 365 906 403 tua
948 361 1070 418 fuga,
1120 376 1228 416 quae
1272 360 1459 402 formido

78 444 94 469 5
114 423 336 478 praeclaro
368 422 444 465 illo
474 422 553 477 die,
607 436 687 464 uae
713 423 891 476 propter
917 420 1224 462 conscientiam
1250 420 1460 461 scelerum

113 482 357 536 desperatio
384 481 511 535 vitae,
538 496 634 523 cum
661 495 712 522 ex
737 480 813 521 illa
838 479 941 535 fuga
967 479 1175 521 beneficio
1199 493 1359 532 eorum,
1386 478 1460 533 qui

114 544 176 594 te,
220 541 256 582 si
302 554 430 582 sanus
475 554 609 595 esses,
647 540 813 581 salvum
851 553 944 580 esse
982 538 1229 593 voluerunt,
1267 537 1379 580 clam
1417 539 1459 578 te

113 599 290 642 domum
335 598 552 654 recepisti!
624 597 659 641 Ο
700 612 794 639 mea
830 596 994 639 frustra
1030 611 1198 651 semper
1234 595 1460 638 verissima
1474 602 1518 633 89

114 658 297 714 auguria
327 672 471 700 rerum
501 657 762 699 futurarum!
825 655 1033 698 Dicebam
1057 656 1145 696 illis
1171 656 1216 696 in
1242 653 1460 709 Capitolio

63 735 98 760 ιο
115 717 424 760 liberatoribus
455 717 630 771 nostris,
662 730 760 757 cum
792 729 858 756 me
891 715 943 756 ad
976 718 1018 756 te
1044 715 1106 755 ire
1131 714 1303 767 vellent,
1334 716 1383 754 ut
1409 712 1463 754 ad

116 775 426 818 defendendam
457 790 549 817 rem
580 775 799 830 publicam
831 777 873 815 te
906 774 1170 826 adhortarer,
1206 772 1347 826 quoad
1378 785 1463 812 me-

117 838 279 889 tueres,
317 834 462 876 omnia
499 837 541 875 te
579 834 913 888 promissurum;
952 832 1080 874 simul
1119 845 1167 873 ac
1205 831 1357 872 timere
1396 829 1462 871 de-

117 893 268 947 sisses,
306 893 493 934 similem
530 896 573 933 te
612 892 808 933 futurum
846 892 922 932 tui.
983 890 1159 944 Itaque,
1197 904 1293 931 cum
1331 888 1464 931 ceteri

120 951 367 994 consulares
400 952 531 1005 irent,
569 951 775 1005 redirent,
806 950 851 991 in
884 949 1099 991 sententia
1131 947 1288 1001 mansi3
1324 961 1463 1001 neque

67 1027 99 1054 15
119 1015 163 1052 te
195 1011 271 1052 illo
304 1010 370 1051 die
402 1024 539 1064 neque
571 1013 747 1064 postero
777 1009 863 1050 vidi
888 1023 1024 1062 neque
1051 1008 1185 1049 ullam
1211 1006 1464 1048 societatem

119 1069 295 1123 optimis
329 1069 494 1110 civibus
522 1082 618 1110 cum
644 1067 1001 1122 inportunissimo
1028 1067 1153 1108 hoste
1179 1065 1348 1106 foedere
1375 1064 1464 1105 ullo

119 1128 366 1170 confirmari
404 1142 530 1182 posse
567 1127 736 1169 credidi.
799 1125 905 1168 Post
937 1126 1049 1167 diem
1082 1124 1261 1166 tertium
1293 1123 1389 1164 veni
1421 1122 1465 1163 in

119 1186 268 1228 aedem
299 1186 496 1239 Telluris,
528 1189 571 1227 et
603 1185 776 1239 quidem
807 1184 981 1238 invitus,
1013 1198 1110 1225 cum
1142 1196 1289 1225 omnes
1322 1182 1464 1223 aditus

119 1244 278 1286 armati
315 1245 574 1287 obsiderent.
642 1243 725 1293 Qui
763 1243 844 1284 tibi
882 1244 971 1284 dies
1002 1243 1094 1295 ille,
1131 1240 1314 1294 Antoni,
1352 1239 1464 1280 fuit?
1480 1246 1524 1277 90

67 1321 101 1346 20
122 1303 393 1358 Quamquam
429 1303 536 1344 mihi
568 1303 768 1344 inimicus
802 1302 946 1343 subito
979 1300 1182 1354 extitisti,
1221 1302 1367 1340 tamen
1399 1313 1464 1339 me

120 1362 186 1404 tui
212 1362 400 1417 miseret,
427 1362 541 1416 quod
567 1362 650 1403 tibi
675 1361 890 1402 invideris.
941 1359 1024 1410 Qui
1050 1363 1099 1401 tu
1124 1359 1201 1413 vir,
1228 1358 1270 1399 di
1289 1358 1462 1398 immor·
1479 1357 1534 1398 36

120 1421 242 1480 tales,
274 1424 318 1462 et
351 1424 538 1475 quantus
563 1420 734 1474 fuisses,
766 1420 803 1460 si
828 1419 944 1460 illius
971 1419 1054 1460 diei
1081 1420 1271 1459 mentem
1296 1429 1466 1458 servare

120 1478 355 1533 potuisses!
388 1479 546 1521 Pacem
576 1479 847 1531 haberemus,
880 1492 987 1532 quae
1020 1480 1113 1518 erat
1145 1476 1261 1517 facta
1292 1489 1368 1529 per
1397 1474 1469 1516 ob-

123 1536 258 1578 sidem
307 1551 489 1591 puerum
533 1537 742 1591 nobilem,
799 1536 855 1577 M.
907 1534 1203 1577 Bambalionis
1253 1534 1467 1587 nepotem.

72 1612 104 1638 25
125 1594 396 1649 Quamquam
432 1596 594 1637 bonum
631 1599 674 1637 te
713 1596 845 1636 timor
882 1594 1085 1647 faciebat,
1121 1607 1209 1634 non
1239 1592 1468 1632 diuturnus

123 1653 334 1709 magister
366 1652 516 1707 officii,
551 1653 781 1707 inprobum
814 1652 916 1694 fecit
948 1666 1014 1705 ea,
1047 1665 1172 1705 quae,
1204 1650 1305 1690 dum
1337 1649 1469 1690 timor

124 1712 267 1765 abest,
312 1725 338 1752 a
381 1714 424 1753 te
461 1725 547 1752 non
585 1711 782 1763 discedit,
827 1710 1014 1751 audacia.
1081 1709 1180 1750 Etsi
1216 1711 1328 1761 tum,
1373 1721 1470 1748 cum

125 1770 339 1825 optimum
377 1772 420 1810 te
459 1770 672 1823 putabant
703 1783 770 1810 me
804 1768 974 1822 quidem
1006 1767 1297 1818 dissentiente,
1328 1764 1471 1806 funeri

125 1829 317 1882 tyranni,
356 1828 392 1869 si
429 1828 536 1868 illud
572 1826 700 1868 funus
732 1826 834 1880 fuit,
872 1825 1201 1867 sceleratissime
1231 1823 1469 1878 praefuisti.

74 1905 108 1929 so
126 1887 218 1928 Tua
255 1886 331 1927 illa
368 1886 547 1940 pulchra
577 1886 787 1938 laudatio,
825 1887 900 1925 tua
930 1884 1169 1937 miseratio,
1206 1885 1281 1924 tua
1316 1881 1538 1929 cohor-(91)

127 1945 256 1999 tati03
294 1947 360 1994 tu,
397 1947 463 1998 tu,
500 1945 693 1997 inquam,
729 1943 825 1984 illas
862 1942 976 1984 faces
1015 1941 1261 1991 incendisti,
1299 1943 1343 1981 et
1381 1954 1465 1991 eas,
1480 1947 1521 1978 91

129 2004 286 2058 quibus
314 2003 624 2044 semustulatus
650 2002 723 2042 ille
750 2004 828 2054 est,
859 2004 903 2042 et
929 2015 1012 2054 eas,
1039 2001 1194 2054 quibus
1220 2012 1396 2041 incensa
1422 1997 1470 2040 L.

127 2061 311 2104 Bellieni
331 2061 483 2103 domus
509 2060 780 2115 deflagravit3
806 2063 854 2100 tu
879 2059 977 2100 illos
997 2060 1184 2113 impetus
1203 2057 1471 2112 perditorum

128 2121 352 2163 hominum
386 2122 430 2161 et
462 2133 513 2160 ex
544 2118 730 2159 maxima
760 2121 882 2172 parte
915 2131 1148 2170 servorum,
1181 2130 1287 2170 quos
1318 2130 1397 2157 nos
1429 2115 1471 2156 vi

76 2195 111 2221 ³5
129 2193 343 2233 manuque
369 2177 646 2231 reppulimus,
671 2177 716 2217 in
737 2179 909 2217 nostras
929 2176 1079 2217 domos
1098 2174 1315 2216 inmisisti.
1352 2173 1471 2214 Idem

130 2240 277 2279 tamen
296 2236 418 2292 quasi
439 2235 620 2291 fuligine
635 2234 830 2276 abstersa
842 2234 1019 2288 reliquis
1034 2233 1183 2275 diebus
1196 2233 1242 2274 in
1255 2231 1470 2286 Capitolio

130 2296 351 2350 praeclara
389 2297 564 2336 senatus
604 2293 800 2335 consulta
837 2292 997 2346 fecisti,
1033 2306 1086 2333 ne
1125 2306 1208 2347 qua
1238 2295 1339 2346 post
1370 2290 1472 2331 Idus
