1671 2543
604 66 704 101 CAP.
732 70 841 102 9-11
872 70 891 108 ς
920 69 1066 102 18-24.
1416 68 1501 109 503

163 178 260 217 sunt
285 175 432 229 secuti,
458 177 658 216 conatum
684 174 847 215 Antoni
875 174 1162 228 reppulerunt,
1187 177 1288 228 post
1314 175 1501 216 eiusdem

163 233 352 275 furorem
390 232 547 274 Martia
590 232 703 288 legio
742 232 889 287 fregit,
934 236 1087 287 quarta
1130 232 1296 274 afflixit.
1365 232 1434 275 Sic
1478 248 1502 275 a

165 292 253 334 suis
280 292 524 348 legionibus
551 291 856 333 condemnatus
882 291 1046 346 inrupit
1071 292 1116 333 in
1143 290 1341 346 Galliam,
1373 306 1501 346 quam

165 351 246 392 sibi
285 351 414 392 armis
450 351 686 404 animisque
718 349 920 391 infestam
952 350 1253 405 inimicamque
1286 351 1500 406 cognovit.

128 409 289 451 ⁵Hunc
325 409 376 450 A.
414 409 549 462 Hirti,
593 407 638 451 C.
677 407 873 451 Caesaris
919 409 1130 451 exercitus
1166 410 1349 451 insecuti
1390 412 1502 464 sunt,

163 471 263 522 post
294 467 459 509 Pansae
498 467 678 509 dilectus
716 468 864 508 urbem
897 470 1119 522 totamque
1151 467 1323 509 Italiam
1355 468 1500 509 erexit.

162 525 282 568 Unus
328 527 518 568 omnium
559 529 625 568 est
662 526 813 567 hostis.
884 526 1152 580 Quamquam
1188 527 1320 568 habet
1358 541 1499 568 secum

162 584 342 626 Lucium
356 585 545 639 fratrem,
560 585 827 627 carissimum
842 585 1000 639 populo
1014 585 1209 626 Romano
1222 585 1369 639 civem,
1381 586 1499 627 cuius

164 644 421 686 desiderium
451 643 560 685 ferre
593 644 754 684 diutius
788 644 937 685 civitas
969 658 1056 686 non
1080 646 1235 699 potest.
1288 643 1398 693 Quid
1423 644 1500 685 illa
1513 645 1556 676 22³

113 714 144 739 ιο
164 703 345 744 taetrius
382 703 526 757 belua,
565 702 665 757 quid
703 702 961 744 immanius?
1001 702 1072 757 qui
1113 703 1166 744 ob
1202 717 1296 744 eam
1329 717 1501 744 causam

162 763 289 803 natus
315 761 494 815 videtur,
518 775 571 802 ne
599 761 788 802 onmium
814 761 1062 802 mortalium
1089 761 1366 815 turpissimus
1387 764 1501 803 esset

161 818 218 861 M.
244 819 471 861 Antonius.
526 819 608 861 Est
638 833 725 860 una
750 819 1004 874 Trebellius,
1035 820 1107 874 qui
1139 820 1225 861 iam
1258 835 1353 862 cum
1380 820 1501 862 tabu—

160 878 215 919 lis
256 879 378 920 novis
415 878 542 920 rediit
580 879 623 919 in
662 878 863 933 gratiam,
902 878 1084 919 Plancus
1123 881 1166 920 et
1204 879 1334 920 ceteri
1365 893 1501 933 pares,

162 937 235 991 qui
273 937 315 978 id
347 940 559 992 pugnant,
600 937 658 988 [id
693 939 860 992 agunt,]
901 940 949 978 ut
982 940 1131 978 contra
1163 952 1252 978 rem
1284 937 1500 991 publicam

109 1006 141 1032 15
162 995 354 1037 restituti
393 1009 484 1037 esse
523 995 757 1036 videantur.
819 995 877 1037 Et
916 996 1153 1037 sollicitant
1189 996 1385 1037 homines
1426 996 1501 1037 im—

161 1054 324 1108 peritos
361 1053 472 1095 Saxa
505 1056 547 1095 et
580 1053 702 1107 Cafo,
734 1054 816 1108 ipsi
849 1054 997 1096 rustici
1031 1057 1159 1108 atque
1193 1057 1396 1110 agrestes,
1429 1055 1500 1108 qui

161 1112 271 1154 hanc
309 1127 399 1153 rem
430 1113 647 1167 publicam
678 1127 755 1154 nec
787 1113 985 1154 viderunt
1015 1127 1217 1167 umquam
1249 1127 1327 1154 nec
1358 1113 1500 1154 videre

162 1171 446 1212 constitutam
472 1171 634 1224 volunt,
667 1172 738 1225 qui
763 1186 851 1212 non
877 1170 1083 1225 Caesaris,
1115 1171 1187 1213 sed
1213 1171 1378 1213 Antoni
1405 1174 1502 1213 acta

163 1229 414 1282 defendunt,
447 1244 553 1284 quos
585 1230 742 1271 avertit
774 1230 866 1285 agri
899 1229 1105 1284 Campani
1137 1230 1306 1271 infinita
1336 1244 1501 1284 posses-

109 1301 142 1326 20
162 1288 244 1343 sio3
282 1288 401 1330 cuius
440 1302 511 1329 eos
549 1303 633 1330 non
672 1288 828 1342 pudere
867 1289 1074 1342 demiror,
1113 1303 1208 1330 cum
1245 1288 1418 1329 videant
1457 1303 1500 1330 se

162 1347 316 1388 mimos
355 1350 398 1388 et
437 1347 589 1388 mimas
621 1347 778 1388 habere
810 1347 985 1389 vicinos.
1045 1346 1114 1388 Ad
1144 1347 1222 1388 has
1253 1350 1397 1402 pestes
1430 1324 1565 1415 op-{31

161 1405 405 1459 primendas
432 1420 506 1447 cur
528 1406 708 1447 moleste
734 1405 921 1447 feramus
947 1406 1058 1460 quod
1084 1405 1140 1446 M.
1167 1405 1294 1447 Bruti
1321 1406 1501 1448 accessit

163 1464 403 1505 exercitus‘.>
448 1464 720 1517 inmoderati,
759 1465 903 1518 credo,
939 1464 1127 1505 hominis
1170 1467 1212 1505 et
1243 1464 1501 1519 turbulenti3

163 1521 303 1563 videte
333 1536 386 1564 ne
418 1523 598 1563 nimium
630 1537 762 1576 paene
795 1523 1010 1576 patientis.
1067 1523 1164 1563 Etsi
1195 1522 1241 1563 in
1271 1523 1387 1564 illius
1419 1523 1501 1564 viri

110 1594 143 1619 25
164 1580 354 1621 consiliis
405 1584 532 1634 atque
575 1580 701 1622 factis
744 1581 852 1621 nihil
896 1595 973 1622 nec
1009 1581 1190 1622 nimium
1229 1595 1306 1622 nec
1349 1596 1501 1635 parum

163 1653 366 1692 umquam
398 1638 491 1679 fuit.
554 1638 703 1680 Omnis
735 1639 933 1680 voluntas
966 1639 1022 1679 M.
1054 1639 1197 1693 Bruti,
1229 1642 1374 1693 patres
1406 1654 1502 1682 con·

97 1731 103 1737 .
165 1696 327 1751 scripti,
359 1697 497 1738 omm's
531 1697 750 1752 cogitatio,
782 1700 875 1738 tota
907 1711 1025 1738 mens
1053 1698 1358 1738 auctoritatem
1384 1712 1502 1739 sena·
1551 1749 1556 1754 ι

164 1759 252 1809 tus,
290 1755 537 1796 libertatem
573 1755 721 1808 populi
759 1754 943 1796 Romani
982 1755 1191 1809 intuetur3
1227 1755 1332 1797 haec
1369 1756 1502 1798 habet

163 1814 398 1868 proposita,
429 1813 532 1854 haec
565 1813 676 1854 tueri
706 1813 810 1853 vult.
866 1813 1136 1867 Temptavit,
1155 1814 1255 1867 quid
1287 1814 1502 1868 patientia

112 1886 146 1912 so
164 1872 368 1926 perficere
406 1874 570 1925 posset3
606 1871 714 1912 nihil
753 1886 847 1912 cum
879 1872 1122 1925 proficeret,
1160 1873 1201 1912 vi
1234 1875 1383 1914 contra
1413 1873 1502 1915 vim

166 1930 471 1984 experiundum
502 1930 683 1984 putavit.
745 1929 824 1971 Cui
857 1930 1043 1983 quidem,
1080 1933 1224 1985 patres
1257 1932 1501 1986 conscripti,

164 2002 242 2029 vos
285 1988 397 2029 idem
439 1988 520 2029 hoc
558 1991 749 2041 tempore
789 1988 977 2029 tribuere
1016 1989 1197 2042 debetis,
1239 1990 1351 2043 quod
1389 2004 1424 2031 a.
1462 1990 1500 2032 d.

166 2045 273 2087 XIII
306 2046 400 2087 Kal.
432 2045 520 2087 Ian.
552 2045 602 2087 D.
634 2046 789 2099 Bruto,
828 2045 871 2088 C.
905 2046 1077 2088 Caesari
1116 2062 1183 2088 me
1223 2050 1396 2089 auctore
1427 2049 1500 2090 tri-

165 2105 339 2157 buistis,
378 2119 559 2159 quorum
589 2104 805 2158 privatum
837 2105 886 2145 de
919 2120 963 2146 re
995 2106 1167 2159 publica
1198 2106 1424 2148 consilium
1456 2110 1500 2149 et

114 2173 146 2198 35
166 2163 329 2204 factum
379 2164 636 2204 auctoritate
687 2166 829 2203 vestra
878 2165 944 2204 est
994 2164 1321 2218 comprobatum
1371 2167 1499 2219 atque

166 2222 399 2262 laudatum.
459 2220 581 2269 Quod
612 2221 724 2262 idem
755 2222 799 2261 in
829 2220 885 2261 M.
917 2220 1054 2263 Bruto
1086 2222 1223 2263 facere
1256 2223 1437 2277 debetis,
1475 2232 1557 2264 a24

167 2294 251 2333 quo
277 2280 543 2334 insperatum
569 2283 612 2320 et
638 2280 906 2332 repentinum
931 2280 992 2321 rei
1018 2281 1213 2334 publicae
1238 2282 1499 2335 praesidium
