1671 2543
191 86 279 127 410
374 85 426 121 IN
453 85 501 120 M.
527 84 785 120 ANTONIUM
811 82 987 118 ORATIO
1013 81 1281 117 PHILIPPICA
1307 81 1352 117 11.

193 194 365 249 quidem
403 193 651 237 Casinatem
695 192 876 233 fimdum
920 191 1014 246 quis
1060 191 1228 232 venisse
1272 189 1394 243 dicit,
1438 189 1534 244 quis

190 253 363 295 hastam
395 253 522 294 istius
555 251 814 293 venditionis
845 250 970 304 vidit,
1004 250 1098 304 quis
1130 264 1280 291 vocem
1311 248 1534 303 praeconis

191 312 384 354 audivit?
440 311 612 353 Misisse
642 311 720 363 [te]
749 310 854 352 dicis
880 308 1199 363 Alexandriam,
1226 307 1300 362 qui
1325 309 1487 349 emeret
1511 321 1536 348 a

124 370 399 425 104Caesare3
436 371 581 424 ipsum
618 369 733 411 enim
770 371 995 423 expectare
1034 381 1240 423 magnum
1270 366 1367 408 fuit.
1429 364 1534 415 Quis

190 444 291 471 vero
319 429 483 471 audivit
509 442 715 483 umquam
742 426 918 483 (nullius
946 429 1089 468 autem
1117 426 1232 468 salus
1260 439 1385 468 curae
1404 424 1535 479 pluri-

190 489 271 530 bus
303 487 404 543 fuit)
438 488 488 529 de
520 487 708 529 fortunis
734 486 944 528 Varronis
976 500 1068 527 rem
1093 485 1228 526 ullam
1253 498 1346 526 esse
1373 484 1536 525 detrac-

191 547 311 588 tam‘?
364 546 505 596 Quid?
538 546 575 588 si
607 546 739 588 etiam
769 545 943 600 scripsit
970 544 1022 585 ad
1048 547 1091 585 te
1118 543 1288 598 Caesar,
1317 545 1368 584 ut
1392 542 1536 584 redde-

190 620 277 660 res,
331 606 433 660 quid
483 604 590 646 satis
639 607 785 659 potest
808 642 810 646 ,
834 604 918 646 dici
967 603 1017 645 de
1067 606 1191 644 tanta
1239 601 1535 657 impudentia?

191 664 381 706 Remove
419 664 587 720 gladios
624 677 856 718 parumper
891 662 1009 717 illos,
1054 676 1162 716 quos
1199 661 1412 715 videmus3
1449 660 1536 701 iam

190 723 419 779 intelleges
458 723 589 765 aliam
627 736 801 764 causam
838 736 930 763 esse
966 721 1118 762 hastae
1152 719 1367 773 Caesaris,
1404 718 1535 760 aliam
1556 735 1591 760 ιο

192 782 475 824 confidentiae
508 784 552 823 et
583 780 845 823 temeritatis
877 783 989 822 tuae.
1050 778 1152 821 Non
1184 779 1299 820 enim
1329 780 1373 820 te
1405 777 1538 819 domi-

190 855 271 882 nus
313 841 440 882 modo
479 840 568 882 illis
607 840 798 894 sedibus,
841 838 915 881 sed
953 838 1093 893 quivis
1132 838 1314 891 amicus,
1357 836 1538 890 vicinus,

120 900 173 940 41
191 900 367 954 hospes,
398 902 655 954 procurator
687 898 861 948 arcebit.
923 897 985 939 At
1017 911 1145 952 quam
1177 897 1339 938 multos
1372 895 1461 937 dies
1492 895 1539 936 in

192 973 242 1000 ea
273 958 377 1000 villa
408 958 658 1013 turpissime
691 960 758 999 est
788 956 1118 1012 perbacchatus!
1169 955 1238 996 Ab
1270 955 1379 996 hora
1406 953 1538 996 tertia

192 1017 435 1071 bibebatur,
466 1017 707 1069 ludebatur,
736 1015 1003 1057 vomebatur.
1055 1014 1089 1056 Ο
1118 1017 1236 1056 tecta
1259 1014 1355 1068 ipsa
1381 1013 1539 1054 misera
1558 1028 1592 1056 1⁵

193 1076 363 1130 ‘quam
395 1075 595 1130 dispari
627 1074 853 1129 domino?
879 1072 1162 1130 (quamquam
1189 1087 1272 1127 quo
1300 1071 1427 1113 modo
1453 1071 1538 1112 iste

193 1132 439 1190 dominus?)
467 1158 523 1164 —-—
551 1134 625 1176 sed
657 1137 804 1175 tamen
836 1147 966 1188 quam
992 1133 1045 1174 ab
1072 1131 1234 1186 dispari
1261 1130 1537 1172 tenebantur!

195 1192 446 1235 Studiorum
473 1193 586 1234 enim
607 1207 783 1234 suorum
802 1191 859 1233 M.
880 1191 1020 1233 Varro
1041 1191 1180 1232 voluit
1199 1190 1318 1244 illud,
1336 1204 1425 1231 non
1443 1188 1539 1230 libi-

125 1253 347 1293 105dinum
379 1251 682 1293 deversorium.
729 1250 846 1300 Quae
878 1251 923 1291 in
954 1250 1030 1291 illa
1060 1249 1164 1291 villa
1190 1251 1323 1290 antea·
1343 1247 1538 1289 diceban-

193 1315 282 1364 tur,
327 1325 436 1364 quae
482 1309 805 1365 cogitabantur,
850 1322 956 1362 quae
999 1308 1161 1349 litteris
1202 1306 1537 1348 mandabantur!
1558 1322 1593 1348 20

192 1369 295 1410 Iura
325 1368 475 1423 populi
506 1368 711 1422 Romani,
743 1367 1009 1409 monimenta
1040 1366 1270 1419 maiorum,
1304 1364 1442 1406 omnis
1476 1378 1537 1406 sa-

193 1427 381 1482 pientiae
413 1426 525 1468 ratio
560 1426 784 1479 omnisque
817 1425 1047 1467 doctrinae.
1101 1424 1162 1465 At
1193 1437 1294 1464 vero
1327 1426 1370 1464 te
1401 1422 1540 1477 inqui-

193 1486 281 1527 lino
326 1483 431 1541 (non
466 1485 581 1526 enim
619 1481 810 1539 domino)
848 1483 1141 1538 personabant
1179 1481 1324 1524 omnia
1360 1481 1538 1523 vocibus

195 1545 426 1599 ebriorum,
450 1544 662 1585 natabant
683 1543 931 1597 pavimenta
949 1542 1061 1596 vino,
1088 1541 1320 1582 madebant
1339 1540 1540 1595 parietes,

194 1603 370 1659 ingenui
418 1603 540 1657 pueri
590 1617 687 1644 cum
730 1601 983 1656 meritoriis,
1033 1603 1177 1642 scorta
1219 1599 1334 1640 inter
1376 1601 1538 1640 matres
1559 1615 1593 1641 25

193 1662 384 1703 familias
434 1661 728 1703 versabantur.
804 1658 960 1702 Casino
1011 1659 1250 1700 salutatum
1298 1657 1540 1711 veniebant,

195 1721 387 1775 Aquino,
437 1719 705 1774 Interamna3
760 1718 971 1760 admissus
1022 1720 1088 1759 est
1136 1731 1275 1759 nemo.
1349 1715 1447 1758 Iure
1496 1715 1541 1757 id

198 1779 388 1834 quidem3
440 1779 486 1820 in
532 1778 708 1820 homine
758 1778 873 1819 enim
922 1776 1175 1831 turpissimo
1226 1774 1540 1817 obsolefiebant

128 1847 193 1877 106
204 1838 429 1894 dignitatis
461 1837 661 1893 insignia.
713 1836 822 1879 Cum
846 1835 944 1877 inde
970 1834 1155 1877 Romam
1182 1833 1460 1888 proficiscens
1486 1831 1539 1874 ad

1659 1797 1663 1862 ¹,

196 1897 419 1951 Aquinum
451 1896 687 1949 accederet,
724 1895 778 1937 ob
811 1895 926 1936 viam
957 1894 995 1935 ei
1020 1892 1250 1948 processit,
1281 1894 1331 1933 ut
1363 1894 1430 1933 est
1459 1890 1539 1933 fre-
1558 1907 1594 1934 ³0
1656 1876 1664 1926 l

198 1970 332 2010 quens
371 1954 671 2009 municipium,
709 1967 868 2008 magna
905 1967 1006 1994 sane
1044 1951 1290 1992 multitudo.
1357 1950 1419 1992 At
1455 1950 1540 1991 iste

198 2017 350 2068 opcrta
397 2013 552 2055 lectica
598 2012 714 2054 latus
760 2026 836 2066 per
880 2010 1085 2076 oppidum
1129 2013 1196 2051 est
1237 2013 1287 2051 ut
1329 2010 1538 2050 mortuus.

200 2072 342 2114 Stulte
368 2071 628 2126 Aquinates,
660 2071 733 2111 sed
765 2074 911 2111 tamen
941 2084 988 2110 in
1014 2069 1084 2110 via
1108 2068 1378 2109 habitabant.
1428 2065 1537 2115 Quid
1576 2095 1579 2097 Α

198 2130 449 2186 Anagnini?
517 2129 600 2179 Qui
639 2143 737 2171 cum
774 2130 918 2170 essent
955 2127 1084 2181 devii,
1126 2126 1452 2178 descenderunt,
1489 2126 1539 2166 ut

1654 2107 1663 2156 ἓ

198 2190 343 2243 istum,
374 2192 594 2243 tamquam
629 2188 666 2229 si
694 2189 819 2240 esset,
852 2186 1072 2228 consulem
1097 2185 1347 2226 salutarent.
1397 2182 1537 2224 Incre-
1555 2199 1591 2226 ³6
1655 2191 1659 2193 ’

198 2247 328 2288 dibile
370 2247 487 2289 dictu
522 2247 553 2300 †
584 2245 658 2287 sed
695 2258 793 2287 cum
834 2244 961 2285 uinus
995 2242 1109 2283 inter
1141 2240 1280 2282 omnis
1312 2239 1543 2281 constabat

199 2305 413 2345 neminem
470 2318 562 2344 esse
618 2302 920 2354 resalutatum,
975 2298 1231 2354 praesertim
1284 2311 1381 2338 cum
1434 2297 1541 2340 duos
