1671 2543
597 90 698 125 cAP.
726 94 756 135 1,
782 94 803 125 2
831 94 849 133 5
877 94 978 159 1-4'.
1370 93 1459 134 495

118 194 293 239 Calenus,
326 194 390 240 qui
422 195 562 240 primus
598 197 821 231 sententiam
846 197 998 241 rogatus
1025 197 1120 240 erat,
1155 197 1384 232 existimavit
1410 198 1457 233 M.

121 242 269 276 Brutum
302 244 433 277 contra
463 242 584 287 legem
616 243 746 278 fecisse
781 245 820 278 et
851 242 888 279 C.
921 244 1082 278 Antonio
1115 254 1198 278 eam
1227 243 1458 288 provinciam

118 289 387 324 restituendam
414 289 568 325 censuit.
612 289 728 332 Quem
753 292 882 325 eontra
901 290 949 326 M.
971 289 1098 325 Cicero
1125 301 1218 334 eam,
1245 302 1340 335 quae
1360 291 1458 325 infra

119 336 259 381 scripta
283 336 403 371 oratio
430 338 497 381 est,
522 336 663 381 habuit,
691 349 764 382 qua
781 337 844 372 ille
866 337 902 372 C.
924 337 1068 372 Pansae
1088 338 1211 382 potius
1232 338 1458 373 sententiam

118 383 345 428 sequendam
371 395 451 419 esse
477 383 630 419 censuit.

206 607 417 651 Maximas
449 609 549 664 tibi,
582 608 741 663 Pansa,
773 609 937 664 gratias
970 624 1117 651 omnes
1149 612 1192 652 et
1222 609 1380 652 habere
1413 591 1491 652 et1

118 681 244 723 agere
289 668 509 723 debemus,
554 668 647 722 qui,
691 683 787 710 cum
827 668 1033 710 hodierno
1072 669 1138 710 die
1177 672 1372 710 senatum
1411 651 1489 710 tel

117 727 368 768 habiturum
404 742 491 768 non
523 727 851 780 arbitraremur,
887 729 937 768 ut
967 726 1024 768 M.
1055 726 1200 781 Bruti,
1238 730 1456 781 praestan-

118 785 278 826 tissimi
316 786 439 839 civis,
475 786 645 827 litteras
685 785 907 840 accepisti,
944 800 996 827 ne
1028 786 1252 827 minimam
1284 786 1455 840 quidem

80 862 98 886 5
118 858 283 886 moram
331 845 650 899 interposuisti,
701 844 804 898 quin
855 859 982 898 quam
1031 845 1218 898 primum
1267 845 1454 886 maximo

117 903 273 958 gaudio
307 907 350 944 et
382 904 673 958 gratulatione
704 903 953 945 frueremur.
1005 902 1112 945 Cum
1143 903 1307 945 factum
1333 906 1456 945 tuum

117 964 288 1017 gratum
333 962 531 1003 omnibus
575 962 702 1003 debet
745 976 855 1016 esse,
899 964 992 1003 turn
1032 976 1132 1003 vero
1171 963 1327 1016 oratio,
1372 977 1456 1017 qua

116 1021 308 1062 recitatis
341 1021 500 1062 litteris
532 1035 634 1062 usus
668 1035 724 1061 es.
773 1020 1015 1062 Deelarasti
1048 1021 1160 1062 enim
1188 1035 1337 1062 verum
1362 1036 1454 1063 esse

116 1079 171 1132 id,
204 1079 315 1133 quod
344 1093 422 1135 ego
450 1093 617 1133 semper
643 1079 768 1133 sensi,
796 1080 1011 1120 neminem
1037 1080 1228 1133 alterius,
1254 1080 1328 1134 qui
1355 1095 1454 1121 suae

65 1155 98 1179 ιο
118 1138 361 1191 confideret,
393 1138 545 1179 virtuti
576 1138 775 1179 invidere.
825 1138 977 1192 Itaque
1007 1138 1125 1192 mihi,
1158 1138 1230 1192 qui
1255 1139 1452 1192 plurimis
1470 1151 1489 1180 2

118 1196 272 1238 officiis
313 1211 407 1238 sum
443 1211 539 1238 cum
570 1196 707 1238 Bruto
741 1200 783 1238 et
814 1197 1001 1238 maxima
1031 1196 1328 1238 familiaritate
1362 1212 1456 1238 con-

117 1255 300 1308 iunctus,
326 1256 467 1297 minus
494 1256 631 1297 multa
657 1256 707 1296 de
733 1256 808 1297 illo
836 1256 1012 1297 dicenda
1037 1258 1148 1296 sunt.
1200 1255 1316 1304 Quas
1343 1257 1456 1297 em'm

116 1314 208 1368 ipse
240 1314 346 1355 mihi
377 1314 515 1368 partis
547 1328 825 1368 sumpseram,
857 1329 927 1355 eas
958 1314 1176 1368 praecepit
1203 1314 1342 1356 oratio
1368 1317 1455 1355 tua.

119 1371 200 1414 Sed
227 1373 346 1427 mihi,
375 1376 522 1427 patres
548 1373 792 1427 conscripti,
822 1373 1124 1414 necessitatem
1151 1373 1301 1414 attulit
1325 1374 1454 1427 paulo

66 1447 98 1473 15
117 1432 242 1485 plura
273 1432 438 1473 dicendi
470 1432 684 1473 sententia
712 1432 814 1486 eius,
847 1432 919 1486 qui
945 1434 1124 1487 rogatus
1150 1434 1216 1472 est
1243 1434 1342 1473 ante
1369 1447 1453 1486 me3

118 1504 144 1530 a
175 1504 258 1544 quo
289 1490 353 1530 ita
385 1505 509 1544 saepe
543 1491 762 1545 dissentio,
793 1493 842 1532 ut
873 1491 959 1531 iam
987 1505 1145 1544 verear,
1175 1505 1241 1544 ne,
1272 1491 1316 1531 id
1342 1491 1456 1544 quod

117 1548 211 1589 fieri
231 1548 405 1589 minime
425 1549 563 1603 debet,
583 1550 772 1591 minuere
794 1549 1029 1591 amicitiam
1048 1551 1243 1590 nostram
1259 1548 1456 1590 videatur

118 1610 325 1661 perpetua
356 1607 577 1648 dissensio.

209 1665 325 1714 Quae
358 1667 423 1706 est
455 1666 567 1706 enim
598 1665 685 1706 ista
714 1668 790 1706 tua
821 1665 945 1719 ratio,
981 1664 1149 1718 Calene,
1182 1679 1289 1718 quae
1322 1680 1487 1720 mens,3

65 1741 99 1767 20
118 1728 167 1778 ut
203 1738 438 1778 numquam
475 1726 575 1777 post
606 1723 820 1765 Kalendas
852 1723 1074 1764 Ianuarias
1112 1723 1226 1764 idem
1259 1725 1455 1778 senseris,

119 1783 232 1837 quod
264 1783 318 1836 is,
356 1783 428 1836 qui
460 1785 504 1823 te
536 1783 794 1823 sententiam
824 1782 1011 1835 primum
1042 1784 1187 1837 rogat,
1220 1796 1456 1836 numquam

119 1844 208 1882 tarn
234 1841 434 1895 frequens
462 1843 635 1881 senatus
657 1840 798 1893 fuerit,
823 1843 872 1881 ut
890 1855 999 1881 unus
1020 1840 1175 1894 aliquis
1197 1841 1457 1881 sententiam

119 1902 239 1940 tuam
269 1902 438 1940 secutus
466 1899 552 1940 sit?
603 1898 688 1940 Cur
715 1913 882 1952 semper
907 1899 970 1940 tui
997 1899 1226 1940 dissimiles
1253 1899 1455 1953 defendis,

121 1973 205 2011 cur,
238 1972 334 1999 cum
363 1961 405 1998 te
433 1960 475 1998 et
500 1959 589 1998 vita
614 1960 657 1998 et
682 1957 855 1998 fortuna
880 1960 956 1998 tua
983 1958 1035 1998 ad
1061 1958 1209 2011 otium,
1242 1958 1295 1998 ad
1320 1957 1455 2012 digni-

67 2034 100 2059 25
119 2019 255 2057 tatem
287 2016 460 2070 invitet,
492 2030 541 2057 ea
571 2016 740 2070 probas,
773 2030 822 2056 ea
853 2016 1054 2070 decernis,
1087 2031 1136 2057 ea
1167 2017 1315 2070 sentiS,
1347 2031 1479 2076 quae·

121 2076 208 2116 sint
240 2074 412 2115 inimica
441 2077 483 2115 et
510 2074 598 2115 otio
626 2074 840 2116 communi
866 2077 909 2115 et
935 2074 1135 2129 dignitati
1161 2075 1290 2116 tuae?
1340 2073 1454 2116 Nam

119 2136 168 2175 ut
197 2134 418 2187 superiora
445 2133 655 2187 omittam,
685 2133 767 2174 hoc
793 2135 920 2187 certe,
953 2133 1066 2187 quod
1092 2133 1197 2174 mihi
1223 2117 1489 2174 maximam4

121 2192 448 2233 admirationem
480 2194 635 2245 movet,
665 2206 752 2232 non
782 2192 947 2233 tacebo.
999 2192 1121 2240 Quod
1152 2194 1218 2232 est
1250 2192 1332 2233 tibi
1359 2206 1454 2233 cum
1474 2198 1523 2240 (4)

121 2250 267 2292 Brutis
305 2250 495 2292 bellum?
534 2264 608 2291 cur
645 2264 735 2303 eos,
774 2264 879 2304 quos
919 2265 1064 2291 omnes
1096 2265 1230 2304 paene
1262 2251 1454 2292 venerari

68 2327 102 2352 30
121 2309 335 2362 debemus,
368 2309 483 2350 solus
516 2308 768 2364 oppugnas?
817 2308 1015 2350 Alterum
1045 2309 1342 2351 circumsederi
1368 2324 1455 2351 non
