1671 2543
543 85 643 121 CAP.
673 90 810 122 10—13
837 91 855 129 ξ
882 91 1032 122 26—31.
1382 86 1467 127 145

120 194 171 235 de
199 193 388 236 civitatis
416 194 529 236 enim
554 194 658 249 iure,
688 209 776 236 non
802 195 851 236 de
876 194 1121 236 foederibus
1148 193 1470 250 disceptamus),

122 253 224 307 quid
250 255 327 307 est,
355 268 483 307 quam
510 253 564 294 ob
591 268 682 295 rem
708 253 791 295 civi
812 253 1025 295 Gaditano
1051 254 1097 295 in
1115 254 1226 296 hanc
1248 254 1468 295 civitatem

121 311 265 353 venire
290 326 378 353 non
403 312 561 353 liceat?
610 311 823 366 Equidem
848 313 976 368 longe
1003 327 1124 354 secus
1152 313 1304 354 sentio.
1354 311 1465 354 Nam

122 385 218 411 cum
251 385 302 412 ex
334 371 532 412 omnibus
566 370 816 412 civitatibus
848 372 918 412 via
949 372 1007 413 sit
1037 371 1084 413 in
1113 374 1320 425 nostram,
1356 386 1468 412 cum-

83 440 101 465 5
122 444 202 483 que
245 430 407 470 nostris
452 429 616 471 civibus
656 432 805 484 pateat
843 431 895 471 ad
934 432 1098 472 ceteras
1135 431 1218 472 iter
1257 430 1468 484 civitates,

121 491 214 529 tum
258 503 376 542 vero,
422 490 472 529 ut
516 503 707 543 quaeque
750 489 976 531 nobiscum
1019 489 1202 531 maxime
1248 489 1468 543 societate,

121 546 328 601 amicitia,
374 547 620 601 sponsione,
658 548 875 602 pactione,
913 548 1082 589 foedere
1122 551 1188 589 est
1227 548 1468 602 coniuncta,

119 606 183 646 ita
197 605 302 646 mihi
316 606 500 647 maxime
516 606 814 648 communione
828 607 1146 661 beneficiorum,
1166 607 1466 661 praemiorum,

121 664 310 705 civitatis
363 665 574 706 contineri
622 665 803 706 videtur.
870 665 1008 719 Atqui
1053 669 1219 707 ceterae
1269 666 1467 708 civitates

68 734 102 758 10
122 737 267 764 omnes
310 738 398 764 non
441 724 690 765 dubitarent
732 727 906 765 nostros
950 724 1146 766 homines
1190 725 1378 779 recipere
1422 725 1469 765 in

120 796 218 823 suas
246 782 455 837 civitates,
482 782 518 823 si
544 783 656 824 idem
681 797 760 824 nos
786 784 892 824 iuris
912 783 1168 824 haberemus
1191 784 1305 837 quod
1325 783 1467 825 ceteri.

122 841 203 883 Sed
235 855 314 882 nos
339 856 427 882 non
451 855 679 895 possumus
707 844 749 882 et
773 841 901 883 huius
928 856 1019 883 esse
1047 842 1236 884 civitatis
1263 845 1306 883 et
1332 842 1468 883 cuius-

119 901 184 942 vis
209 903 449 954 praeterea3
476 901 629 941 ceteris
656 915 905 942 concessum
932 904 1008 942 est.
1046 900 1198 955 Itaque
1223 901 1269 942 in
1293 899 1468 942 Graecis
1483 904 1528 936 30

121 959 371 1001 civitatibus
419 959 609 1000 videmus
653 958 950 1013 Atheniensis,
1000 959 1211 1014 Rhodios,
1261 959 1468 1001 Lacedae-

72 1027 102 1054 15
121 1018 306 1072 monios,
352 1020 516 1059 ceteros
560 1018 747 1072 undique
791 1018 977 1059 adscribi
1014 1019 1336 1073 multarumque
1375 1032 1466 1059 esse

120 1077 291 1118 eosdem
333 1076 530 1117 homines
569 1077 806 1118 civitatum.
876 1077 970 1126 Quo
1010 1091 1152 1118 errore
1191 1078 1342 1118 ductos
1380 1077 1467 1118 vidi

121 1138 293 1191 egomet
335 1150 422 1176 non
464 1135 607 1176 nullos
650 1135 874 1189 imperitos
915 1136 1111 1177 homines
1148 1139 1322 1177 nostros
1362 1136 1467 1177 civis

120 1194 305 1236 Athenis
360 1194 406 1234 in
459 1208 636 1235 numero
686 1194 874 1235 iudicum
924 1197 1053 1248 atque
1103 1194 1467 1250 Areopagitarum

121 1256 239 1295 certa
276 1252 412 1306 tribu,
450 1256 567 1294 certo
604 1267 801 1307 numero,
840 1267 936 1295 cum
970 1253 1241 1308 ignorarent,
1279 1254 1315 1294 si
1346 1254 1467 1294 illam

66 1320 101 1345 20
121 1312 341 1353 civitatem
373 1314 516 1352 essent
549 1311 704 1366 adepti,
738 1311 849 1353 hanc
881 1326 925 1353 se
957 1312 1205 1366 perdidisse,
1236 1312 1320 1354 nisi
1351 1315 1467 1366 post-

120 1371 287 1412 liminio
328 1370 651 1424 reciperassent.
720 1370 891 1412 Peritus
930 1385 1030 1412 vero
1067 1371 1208 1412 nostri
1246 1371 1379 1413 moris
1418 1386 1467 1412 ac

119 1430 225 1471 iuris
249 1443 375 1470 nemo
401 1444 618 1483 umquam,
645 1429 717 1483 qui
742 1429 853 1470 hanc
880 1429 1100 1471 civitatem
1120 1429 1304 1471 retinere
1324 1430 1467 1484 vellet,

120 1488 165 1529 in
197 1488 325 1528 aliam
356 1502 400 1529 se
433 1488 653 1529 civitatem
684 1488 853 1530 dicavit.

212 1545 294 1587 Sed
330 1546 400 1588 hic
437 1549 557 1588 totus
594 1547 714 1589 locus
752 1547 1058 1601 disputationis
1095 1550 1223 1601 atque
1257 1547 1466 1589 orationis
1485 1540 1536 1581 13

68 1613 101 1638 25
122 1619 258 1658 meae,
293 1605 472 1659 iudices,
503 1606 691 1659 pertinet
723 1606 776 1646 ad
808 1620 1031 1647 commune
1064 1606 1130 1647 ius
1162 1606 1466 1648 mutandarum

122 1664 367 1716 civitatum3
403 1663 512 1704 nihil
549 1664 698 1718 habet,
737 1665 849 1718 quod
887 1665 945 1704 sit
981 1665 1204 1718 proprium
1242 1665 1465 1720 religionis

122 1737 170 1763 ac
207 1721 437 1763 foederum.
498 1721 691 1763 Defendo
731 1723 844 1763 enim
882 1737 972 1763 rem
1003 1723 1264 1777 universam,
1300 1723 1465 1764 nullam

122 1795 214 1822 esse
259 1783 433 1835 gentem
477 1795 527 1821 ex
571 1781 686 1822 omni
729 1781 903 1835 regione
948 1784 1162 1821 terrarum
1198 1795 1335 1834 neque
1374 1784 1465 1822 tam

123 1839 400 1880 dissidentem
444 1853 468 1878 a
517 1839 676 1892 populo
723 1838 918 1880 Romano
965 1839 1061 1880 odio
1107 1840 1291 1893 quodam
1336 1843 1464 1893 atque

68 1906 102 1932 30
122 1898 299 1938 discidio
342 1911 479 1950 neque
520 1900 611 1938 tam
647 1897 728 1938 fide
767 1897 1139 1951 benivolentiaque
1178 1898 1463 1952 coniunctam,

122 1971 173 1997 ex
199 1970 283 2010 qua
307 1956 432 1996 nobis
458 1955 736 1996 interdictum
762 1956 819 1996 sit
843 1970 896 1996 ne
924 1970 1050 2009 quem
1074 1956 1307 1997 adsciscere
1329 1956 1463 1998 civem

122 2017 196 2055 aut
229 2014 402 2056 civitate
435 2014 590 2055 donare
622 2014 847 2079 possimus.
899 2013 932 2055 O
966 2014 1061 2055 iura
1088 2015 1308 2080 praeclara
1334 2017 1462 2069 atque
1478 2021 1520 2052 31

122 2073 327 2114 divinitus
353 2073 439 2113 iam
464 2073 561 2113 inde
588 2087 613 2113 a
636 2073 847 2126 principio
874 2071 1058 2113 Romani
1083 2073 1269 2114 nominis
1291 2088 1315 2113 a
1334 2074 1463 2115 maio-

121 2132 241 2173 ribus
272 2132 433 2173 nostris
467 2133 731 2185 comparata,
765 2145 817 2172 ne
850 2131 945 2185 quis
976 2134 1173 2172 nostrum
1204 2132 1301 2186 plus
1335 2146 1463 2186 quam

69 2198 102 2224 35
121 2191 247 2232 unius
274 2190 462 2231 civitatis
490 2204 580 2232 esse
599 2189 738 2243 possit
760 2188 1081 2244 (dissimilitudo
1104 2190 1217 2231 enim
1238 2190 1459 2232 civitatum

121 2249 375 2290 varietatem
413 2249 517 2290 iuris
554 2249 713 2290 habeat
745 2262 916 2289 necesse
950 2247 1051 2303 est),
1087 2263 1139 2289 ne
1174 2249 1269 2302 quis
1300 2249 1461 2291 invitus

122 2307 297 2349 civitate
350 2310 541 2348 mutetur
589 2321 695 2348 neve
743 2306 790 2347 in
838 2306 1012 2348 civitate
1062 2310 1234 2348 maneat
1281 2307 1460 2349 invitus!

192 2381 263 2407 crc.
281 2383 323 2408 11.
342 2382 358 2408 3
1204 2379 1247 2410 10
