1671 2543
222 116 306 157 194
602 117 653 151 IN
680 116 719 150 L.
746 115 962 151 PISONEM
987 115 1179 150 ORATIO.

219 224 276 277 ei,
315 238 411 265 cum
448 227 594 265 tantas
632 237 700 264 res
739 223 947 282 gessisset
966 225 1232 288 gereretque
1265 222 1439 288 cotidie,
1475 236 1563 263 non

220 282 384 324 amicus
423 297 514 324 esse
551 296 639 323 non
675 296 866 336 possem,
910 281 1029 323 cuius
1068 295 1148 336 ego
1186 281 1432 335 imperium,
1474 295 1564 322 non

220 341 398 395 Alpium
428 341 607 394 vallum,
645 343 797 381 contra
835 354 1059 381 ascensum
1089 339 1562 395 transgressionemque

221 398 463 453 Gallorum,
500 414 587 440 non
623 398 764 440 Rheni
801 398 964 440 fossam
1003 398 1250 464 gurgitibus
1288 398 1375 440 illis
1413 398 1563 439 redun-

220 459 393 499 dantem
444 457 758 499 Germanorum
801 457 1126 499 immanissimis
1171 457 1374 512 gentibus
1419 456 1560 498 obicio
1599 473 1616 498 5

161 524 205 555 82
221 520 265 558 et
308 531 496 571 oppon03
539 515 720 570 perfecit
761 516 853 570 ille,
896 519 963 570 ut,
1007 516 1044 557 si
1084 519 1253 557 montes
1291 515 1562 569 resedissent,

220 590 365 616 amnes
393 575 673 627 exaruissent,
706 589 793 616 11011
818 577 997 616 naturae
1022 574 1249 628 praesidio,
1281 574 1355 615 sed
1380 574 1562 616 victoria

220 649 296 675 sua
322 636 532 687 rebusque
559 633 695 688 gestis
720 633 895 674 Italiam
920 634 1133 674 munitam
1157 633 1425 674 haberemus.
1479 631 1563 674 Sed

220 707 316 734 cum
343 707 409 733 me
436 695 621 746 expetat,
653 692 818 747 diligat,
850 692 966 748 qnini
992 692 1115 733 laude
1142 692 1320 747 dignum
1344 694 1481 747 putet,
1512 694 1563 732 tu

221 766 286 792 me
325 766 349 792 a
373 751 474 792 tuis
512 750 753 792 inimicitiis
791 751 844 792 ad
882 751 1148 792 simultatem
1185 751 1406 792 revocabis
1438 751 1468 805 †
1500 750 1617 791 81010

221 810 307 851 tuis
341 810 573 851 sceleribus
606 810 668 850 rei
699 809 896 864 publicae
928 809 1163 863 praeterita
1187 809 1280 850 fata
1304 808 1561 850 refricabis‘?

219 869 249 923 †
288 868 409 917 Quod
456 868 627 922 quidem
665 870 731 922 tu,
775 868 848 922 qui
885 868 993 909 bene
1029 882 1179 909 nosses
1218 868 1562 909 coniunctionem

219 942 358 968 meam
396 929 439 969 et
477 926 690 980 Caesaris,
730 927 948 980 eludebas,
988 941 1084 968 cum
1118 940 1144 967 a
1174 941 1242 967 me
1275 926 1560 967 trementibus

220 986 393 1027 omnino
429 985 576 1039 labris,
608 985 682 1027 sed
714 988 871 1039 tamen,
904 1000 978 1027 cur
1009 985 1092 1026 tibi
1121 999 1280 1026 nomen
1308 1000 1397 1026 non
1428 984 1561 1026 defer-

219 1059 326 1098 rem,
358 1044 618 1098 requiiebas.
683 1044 970 1109 Quamquam,
1003 1044 1116 1098 quod
1149 1044 1201 1085 ad
1232 1058 1300 1085 me
1333 1044 1508 1098 attinet,
1580 1060 1614 1086 15

337 1102 622 1157 Numquam
660 1102 817 1144 istam
855 1103 1150 1144 imminuam
1188 1105 1356 1144 curam
1393 1102 1561 1144 infiti-

1285 1161 1410 1202 and6
1443 1161 1561 1215 tibi,

219 1223 365 1261 tamen
409 1222 475 1260 est
518 1219 625 1260 mihi
669 1219 1041 1271 considerandum,
1080 1222 1288 1273 quantum
1324 1220 1389 1260 illi
1425 1220 1560 1261 tantis

219 1279 280 1320 rei
306 1278 504 1332 publicae
528 1278 717 1333 negotiis
737 1280 946 1331 tantoque
966 1277 1080 1319 bello
1102 1278 1308 1332 impedito
1329 1292 1409 1333 ego
1428 1278 1559 1320 homo

221 1336 507 1378 amicissimus
535 1336 838 1377 sollicitudinis
866 1338 994 1389 atque
1022 1336 1162 1377 oneris
1188 1336 1419 1390 imponam.
1467 1336 1560 1378 Neo
1580 1354 1614 1379 20

220 1396 398 1449 despero
419 1398 575 1448 tamen,
597 1409 857 1449 quamquam
875 1395 1054 1449 languet
1072 1395 1269 1436 iuventus
1283 1410 1361 1437 nec
1374 1395 1561 1450 perinde,

221 1458 349 1508 atque
376 1453 570 1507 debebat,
603 1453 644 1494 in
668 1453 806 1494 laudis
834 1456 877 1494 et
902 1453 1065 1508 gloriae
1093 1453 1328 1507 cupiditate
1354 1457 1560 1508 versatur,

219 1513 389 1553 futuros
416 1512 596 1566 aliquos,
622 1512 695 1566 qui
722 1512 938 1553 abiectum
962 1511 1044 1553 1100
1065 1512 1243 1553 cadaver
1264 1513 1560 1554 consularibus

222 1571 372 1625 spoliis
397 1571 558 1611 nudare
584 1585 673 1612 non
695 1571 848 1624 nolint,
873 1570 1128 1624 praesertim
1153 1573 1242 1611 tam
1269 1570 1444 1626 afflicto,
1469 1574 1561 1613 tam

220 1629 356 1695 inopi,
388 1632 478 1670 tam
510 1629 693 1682 infirmo,
723 1631 813 1670 tam
846 1632 1045 1670 enervato
1078 1644 1163 1683 r,eo
1196 1629 1269 1683 qui
1300 1632 1343 1670 te
1374 1630 1438 1671 ita
1468 1644 1560 1696 ges-
1580 1647 1614 1673 25

221 1689 341 1742 seris,
376 1691 424 1728 ut
455 1688 643 1741 timeres,
672 1702 725 1729 ne
757 1687 958 1743 indignus
990 1663 1196 1729 beneficio
1228 1688 1444 1743 videreris,
1475 1689 1560 1730 nisi

222 1747 330 1800 eius,
363 1761 387 1787 a
420 1760 502 1800 quo
535 1747 692 1787 missus
726 1761 838 1800 eras,
870 1746 1116 1787 simillimus
1149 1747 1400 1788 exstitisses.

310 1805 381 1846 An
411 1819 511 1846 vero
544 1808 592 1846 tu
623 1820 776 1859 parum
801 1807 928 1859 putas
953 1805 1238 1860 investigatas
1265 1819 1356 1846 esse
1383 1820 1408 1846 a
1431 1806 1558 1847 nobis

222 1864 340 1906 labes
373 1858 543 1918 imperii
574 1864 638 1904 tui
671 1867 921 1920 stragesque
948 1863 1222 1918 provinciae?
1255 1878 1360 1918 quas
1388 1864 1559 1917 quidem

220 1937 300 1964 nos
331 1937 418 1963 non
457 1922 651 1978 vestigiis
685 1923 912 1963 odorantes
944 1922 1163 1977 ingressus
1194 1925 1311 1975 tuos,
1348 1923 1422 1963 sed
1452 1923 1559 1964 totis
1579 1940 1613 1965 30

221 1981 562 2022 volutationibus
598 1981 789 2034 corporis
829 1984 872 2021 et
910 1981 1123 2022 cubilibus
1154 1981 1368 2035 persecuti
1400 1995 1558 2022 sumus.

221 2038 388 2080 Notata
419 2054 444 2079 a
473 2039 599 2080 nobis
631 2042 732 2080 sunt
764 2042 806 2080 et
837 2039 977 2093 prima
1007 2039 1083 2080 illa
1108 2039 1267 2081 scelera
1291 2039 1337 2080 in
1363 2039 1557 2093 adventu,

224 2112 320 2139 cum
351 2100 527 2151 accepta
551 2097 733 2152 pecunia
759 2112 783 2138 a
808 2097 1089 2152 Dyrrachinis
1120 2098 1175 2139 ob
1199 2112 1347 2139 necem
1371 2097 1556 2150 hospitis

223 2156 287 2196 tui
313 2155 501 2197 Platoris
541 2156 630 2197 eius
662 2156 797 2210 ipsius
830 2156 1004 2197 domum
1035 2156 1276 2208 devertisti,
1314 2155 1433 2196 cuius
1465 2169 1558 2196 san-

223 2214 397 2268 guinem
424 2210 657 2268 addixeras,
683 2228 863 2268 eumque
889 2214 1022 2256 servis
1049 2213 1365 2268 symphoniacis
1391 2216 1434 2254 et
1460 2214 1555 2255 aliis
1576 2230 1612 2256 35

226 2273 471 2313 muneribus
513 2272 700 2326 acceptis
732 2273 957 2314 timentem
988 2273 1256 2326 multumque
1287 2271 1558 2313 dubitantem

224 2330 488 2370 confirmasti
527 2334 571 2372 et
601 2331 951 2372 Thessalonicam
987 2331 1068 2372 fide
1101 2334 1176 2371 tua
1206 2330 1348 2371 venire
1379 2330 1557 2372 iussisti.
