1671 2543
185 105 272 147 452
358 105 410 140 IN
437 104 485 140 M.
512 104 770 139 ANTONIUM
796 103 974 139 ORATIO
1000 103 1270 140 PHILIPPICA
1297 105 1340 141 V.

185 213 454 255 humanitate
499 215 541 254 et
586 212 796 266 sapientia
840 226 917 253 sua
957 211 1013 253 M.
1051 211 1237 267 Lepidus
1283 213 1335 254 ad
1378 227 1527 268 pacem

186 272 541 326 concordiamque
569 271 792 323 convertit,
819 272 992 312 senatus
1020 271 1263 313 consultum
1289 271 1358 313 his
1383 272 1526 314 verbis

186 345 337 373 censeo
369 329 736 386 perscribendum:
770 330 881 371 ‘cum
913 344 938 370 a
969 329 1025 371 M.
1059 329 1219 385 Lepido
1255 330 1526 385 imperatore,

185 390 387 443 pontifice
425 389 630 442 maximo,
669 403 795 443 saepe
832 403 1008 430 numero
1042 403 1108 430 res
1140 388 1314 443 publica
1344 392 1388 431 et
1419 389 1526 432 bene

185 451 228 489 et
258 448 440 490 feliciter
471 451 596 503 gesta
627 447 685 488 sit
715 447 984 502 populusque
1017 447 1237 489 Romanus
1263 448 1526 490 intellexerit
1561 460 1580 488 ε

185 507 224 548 ei
256 507 524 548 dominatum
553 506 720 562 regium
747 506 929 547 maxime
956 506 1194 561 displicere,
1226 521 1406 562 cumque
1433 507 1525 549 eius

185 580 325 620 opera,
358 566 530 614 virtute⁷
563 565 742 607 consilio
770 565 1062 620 singularique
1089 565 1317 607 clementia
1343 568 1386 607 et
1411 580 1526 608 man-

185 624 408 666 suetudine
446 624 609 672 bellum
647 624 972 665 acerbissimum
1011 624 1134 666 civile
1167 624 1226 665 sit
1256 625 1525 679 restinctum,

125 691 165 720 41
185 682 424 737 Sextusque
473 682 706 737 Pompeius
757 681 830 724 Cn.
880 682 906 723 f.
957 682 1141 738 Magnus
1191 683 1318 725 huius
1363 683 1525 725 ordinis

185 742 442 783 auctoritate
482 741 534 782 ab
574 742 703 782 armis
743 741 989 783 discesserit
1027 744 1070 782 et
1104 756 1129 782 a
1166 741 1222 783 M.
1255 741 1418 796 Lepido
1450 742 1525 784 im·
1547 755 1580 780 lt·

183 803 392 855 perator,e
424 800 627 855 pontifice
663 801 862 854 maximo,
895 814 1063 841 summa
1091 803 1266 842 senatus
1292 801 1526 855 populique

184 858 368 900 Romani
393 859 617 901 voluntate
645 859 813 901 civitati
833 859 1060 901 restitutus
1087 860 1157 914 sit,
1177 862 1375 901 senatum
1393 873 1526 914 popu·

184 918 356 972 lumque
394 917 638 960 Romanum
681 932 758 972 pro
800 918 1001 959 maximis
1038 917 1322 973 plurimisque
1359 919 1404 960 in
1434 932 1527 960 rem

182 977 399 1031 publicam
439 976 496 1018 M.
535 976 687 1031 Lepidi
730 977 897 1018 meritis
942 990 1144 1032 magnam
1188 991 1308 1032 spem
1350 977 1396 1019 in
1433 977 1525 1020 eius

184 1036 363 1090 virtute,
415 1036 692 1090 auctoritate,
738 1035 946 1077 felicitate
993 1050 1198 1090 reponere
1249 1036 1345 1089 otii,
1394 1036 1526 1091 pacis,
1546 1048 1578 1074 ιε

184 1095 453 1149 concordiae,
485 1094 726 1149 libertatis,
757 1095 932 1148 eiusque
964 1095 1010 1136 in
1040 1109 1131 1136 rem
1161 1094 1379 1149 publicam
1404 1095 1526 1136 meri-

183 1156 328 1194 torum
354 1156 552 1195 senatum
577 1154 869 1207 populumque
895 1153 1138 1195 Romanum
1164 1167 1397 1195 memorem
1423 1153 1526 1208 fore,

183 1212 306 1266 eique
350 1215 540 1253 statuam
585 1215 827 1266 equestrem
870 1212 1113 1254 inauratam
1156 1212 1201 1253 in
1242 1212 1412 1266 rostris,
1450 1214 1526 1254 aut

184 1285 267 1324 quo
294 1271 378 1312 alio
405 1271 500 1312 loco
527 1271 572 1311 in
597 1270 691 1312 foro
718 1271 859 1324 vellet,
891 1285 941 1312 ex
967 1271 1094 1312 huius
1122 1271 1284 1312 ordinis
1310 1270 1526 1312 sententia

183 1329 317 1370 statui
354 1329 550 1383 placere.⁹
621 1329 703 1378 Qui
740 1329 896 1382 honos,
940 1332 1083 1383 patres
1123 1329 1375 1383 conscripti,
1417 1329 1578 1370 mjhi2o

182 1387 393 1429 maximus
432 1388 617 1442 videtur,
648 1388 837 1441 primum
875 1388 976 1441 quia
1006 1388 1145 1428 iustus
1178 1390 1262 1442 est,
1291 1401 1379 1429 non
1410 1388 1525 1429 enim

184 1446 323 1488 solum
354 1446 480 1487 datur
510 1449 689 1500 propter
721 1461 839 1500 spem
871 1449 1115 1500 temporum
1146 1445 1422 1500 reliquorum,
1452 1446 1525 1488 sed

181 1519 259 1560 pro
298 1504 576 1559 amplissimis
614 1506 779 1545 meritis
819 1505 1028 1558 redditur,
1070 1519 1148 1546 nec
1186 1519 1286 1546 vero
1325 1505 1526 1559 cuiquam

182 1578 411 1618 possumus
470 1577 804 1605 commemorare
859 1564 972 1604 hunc
1027 1563 1236 1604 honorem
1291 1577 1317 1604 a
1372 1566 1525 1606 senatu

182 1623 396 1664 tributum
426 1622 584 1664 iudicio
618 1625 791 1663 senatus
824 1622 965 1663 soluto
999 1625 1042 1663 et
1074 1622 1223 1664 libero.
1544 1634 1576 1661 2⁵

116 1676 167 1717 16
272 1680 410 1723 Venio
444 1681 497 1722 ad
529 1680 574 1723 C.
606 1680 850 1734 Caesarem,
881 1683 1026 1734 patres
1060 1680 1304 1735 conscripti,
1336 1681 1410 1734 qui
1440 1680 1525 1722 nisi

123 1736 166 1766 42
182 1739 355 1795 fuisset,
394 1740 489 1794 quis
526 1743 724 1781 nostrum
761 1753 854 1780 esse
886 1739 1131 1793 potuisset?
1194 1738 1440 1780 Advolabat
1472 1739 1525 1781 ad

182 1799 333 1840 urbem
365 1813 390 1840 a
420 1798 651 1840 Brundisio
678 1799 807 1840 homo
833 1798 1208 1852 inpotentissimus
1235 1797 1386 1839 ardens
1413 1797 1523 1849 odio,

183 1858 325 1899 animo
357 1857 507 1899 hostili
539 1857 585 1899 in
610 1858 749 1899 omnis
774 1858 911 1898 bonos
938 1871 1034 1898 cum
1060 1857 1260 1910 exercitu,
1292 1855 1522 1898 Antonius.

184 1916 296 1965 Quid
314 1916 442 1958 huius
464 1916 664 1958 audaciae
680 1919 722 1957 et
735 1915 885 1957 sceleri
899 1918 1072 1970 poterat
1087 1915 1276 1969 opponi?
1320 1913 1523 1956 Nondum
1543 1927 1578 1952 so

182 1975 294 2016 ullos
326 1975 452 2016 duces
483 1975 761 2024 habebamus,
793 1989 879 2015 non
911 1974 1075 2028 copias3
1105 1973 1273 2014 nullum
1303 1976 1397 2014 erat
1428 1987 1524 2016 con·

184 2033 328 2074 silium
359 2034 593 2088 publicum,
623 2033 742 2074 nulla
773 2033 970 2086 libertas3
1002 2032 1163 2073 dandae
1189 2032 1373 2074 cervices
1401 2034 1524 2074 erant

183 2092 428 2133 crudelitati
460 2092 666 2145 nefariae3
703 2091 850 2146 fugam
884 2091 1192 2145 quaerebamus
1225 2104 1384 2144 omnes,
1415 2103 1523 2144 quae

125 2164 168 2193 43
184 2151 277 2204 ipsa
303 2151 466 2192 exitum
490 2166 577 2192 non
595 2151 796 2192 habebat.
847 2149 951 2198 Quis
973 2153 1065 2190 tum
1084 2149 1222 2203 nobis,
1248 2149 1343 2203 quis
1363 2148 1521 2203 populo

185 2209 378 2251 Romano
429 2209 589 2264 optulit
637 2209 750 2250 hunc
794 2208 985 2249 divinum
1030 2208 1346 2250 adulescentem
1389 2206 1521 2248 deus?
1541 2217 1576 2244 ⁸⁶

187 2268 275 2319 qui,
313 2282 409 2309 cum
447 2269 592 2309 omnia
629 2267 681 2309 ad
718 2267 950 2321 perniciem
987 2269 1183 2308 nostram
1220 2264 1424 2320 pestifero
1457 2265 1525 2306 illi

186 2325 265 2365 civi
310 2330 525 2379 paterent,
570 2327 714 2368 subito
753 2329 923 2380 praeter
961 2339 1080 2379 spem
1120 2324 1309 2366 omnium
1347 2327 1521 2365 exortus
