1671 2543
525 94 626 130 CAP.
653 98 792 130 51—53
818 98 837 137 ξ
865 98 1060 130 110-114.
1405 96 1462 137 49

119 203 352 257 inimicior,
383 203 545 257 nescio,
576 203 702 257 plura
733 203 838 257 dixi,
871 218 998 257 quam
1030 203 1257 245 dicendum
1287 203 1388 258 fuit,
1420 204 1465 246 in

120 262 456 303 furiosissimum
499 264 628 315 atque
673 262 999 317 egentissimum
1037 276 1286 318 ganeonem.
1353 262 1545 304 Illuc112

121 324 330 362 revertor:
364 323 514 362 contra
544 335 612 362 me
645 335 740 362 cum
773 321 831 362 sit
864 324 1007 362 actum
1039 323 1166 375 capta
1195 321 1301 363 urbe
1334 325 1464 376 atque

122 394 345 434 oppressa,
378 378 583 433 Gellium,
614 378 887 433 Firmidium,
919 380 1094 434 Titium,
1126 380 1317 422 eiusdem
1348 380 1465 422 modi

85 449 101 474 5
121 438 255 480 furias
298 438 385 479 illis
429 438 731 479 mercennariis
776 439 981 494 gregibus
1019 439 1145 480 duces
1184 441 1228 480 et
1265 442 1464 480 auctores

120 497 272 550 fuisse,
317 511 413 538 cum
456 497 547 551 ipse
590 497 705 538 lator
747 497 854 539 nihil
900 497 953 538 ab
990 497 1145 539 horum
1183 498 1463 552 turpitudine,

121 556 315 609 audacia,
359 556 557 597 sordibus
595 555 858 597 abhorreret.
926 556 988 597 At
1026 571 1122 598 cum
1160 556 1211 597 de
1250 556 1463 611 dignitate

121 629 216 655 mea
240 614 470 668 ferebatur,
494 629 621 656 nemo
649 614 731 655 sibi
756 629 835 656 nec
860 615 1118 656 valetudinis
1144 615 1465 657 excusationem

120 687 197 714 nec
224 673 458 714 senectutis
485 673 590 714 satis
616 673 777 714 iustam
805 673 972 725 [ullam]
999 674 1187 728 putavit3
1217 688 1343 716 nemo
1369 673 1465 727 fuit,

70 742 101 766 10
123 731 196 786 qui
234 746 278 773 se
316 746 404 773 non
439 746 531 772 rem
567 732 786 786 publicam
824 747 991 773 mecum
1029 732 1156 774 simul
1188 747 1389 775 revocare
1420 732 1467 774 in

120 804 219 831 suas
251 790 372 832 sedes
405 791 699 831 arbitraretur.

207 848 440 890 Videamus
471 864 584 890 nunc
616 849 791 890 comitia
822 850 1167 904 magistratuum.
1233 849 1337 891 Fuit
1369 864 1466 891 con-

119 908 282 963 legium
312 922 449 962 nuper
480 907 778 962 tribunjcium,
810 908 855 949 in
887 923 970 962 quo
1003 911 1092 949 tres
1125 908 1312 962 minime,
1343 908 1466 950 vehe-

120 969 287 1008 menter
331 967 413 1008 duo
458 966 686 1020 populares
732 967 1103 1008 existimabantur.
1171 967 1238 1008 Ex
1275 967 1348 1022 iis,
1392 967 1466 1021 qui

69 1035 101 1060 15
120 1025 350 1079 populares
381 1039 469 1066 non
499 1024 782 1078 habebantur,
816 1025 970 1079 quibus
1003 1025 1047 1065 in
1079 1025 1155 1066 illo
1188 1040 1343 1080 genere
1370 1040 1467 1067 con-

121 1084 347 1125 ductarum
392 1083 641 1125 contionum
686 1083 947 1125 consistendi
990 1086 1185 1137 potestas
1228 1098 1317 1125 non
1360 1086 1466 1137 erat,

121 1143 204 1184 duo
249 1156 274 1183 a
316 1142 476 1196 populo
515 1141 710 1183 Romano
754 1145 974 1196 praetores
1013 1142 1136 1183 video
1176 1156 1267 1183 esse
1306 1142 1466 1196 factos,

121 1203 176 1255 et,
209 1203 418 1255 quantum
450 1201 719 1241 sermonibus
752 1200 871 1255 vulgi
898 1203 942 1241 et
967 1200 1185 1255 suffragiis
1212 1200 1464 1255 intellegere

120 1259 255 1313 potui,
287 1274 389 1313 prae
422 1273 466 1300 se
497 1259 682 1313 populus
708 1259 929 1300 Romanus
961 1259 1130 1300 ferebat
1163 1259 1246 1300 sibi
1272 1259 1396 1300 illum
1420 1259 1466 1300 in

67 1330 102 1354 κο
121 1318 346 1359 tribunatu
372 1317 447 1359 Cn.
466 1316 634 1359 Domiti
660 1318 850 1359 animum
876 1320 1146 1359 constantem
1173 1321 1216 1359 et
1243 1318 1466 1373 egregium

121 1379 165 1418 et
203 1376 251 1426 Q.
288 1376 479 1418 Anchari
522 1377 650 1417 fidem
693 1391 742 1418 ac
786 1376 1104 1431 fortitudinem,
1149 1377 1319 1418 etiamsi
1356 1377 1464 1418 nihil

121 1449 246 1490 agere
278 1435 534 1489 potuissent,
567 1438 712 1476 tamen
742 1435 964 1477 voluntate
995 1435 1091 1489 ipsa
1122 1438 1296 1490 gratum
1321 1435 1466 1477 fuisse.

120 1493 214 1534 Iam
246 1494 295 1535 de
323 1493 367 1536 C.
394 1493 560 1535 Fannio
589 1508 696 1547 quae
723 1494 780 1535 sit
807 1494 1083 1548 existimatio,
1114 1495 1326 1548 videmus,
1353 1494 1466 1548 quod

121 1552 325 1593 iudicium
367 1552 516 1606 populi
553 1551 737 1593 Romani
781 1552 826 1594 in
869 1552 1106 1594 honoribus
1145 1553 1235 1594 eius
1273 1552 1463 1594 futurum

68 1622 102 1648 25
123 1611 198 1664 sit,
234 1610 395 1651 nemini
427 1611 604 1652 dubium
636 1625 727 1652 esse
759 1611 896 1653 debet.
960 1610 1101 1660 Quid?
1138 1611 1368 1666 populares
1399 1611 1548 1652 1111114

123 1670 205 1710 duo
240 1669 341 1723 quid
374 1669 583 1723 egerunt?
645 1669 787 1723 Alter,
821 1670 895 1723 qui
927 1672 1073 1710 tamen
1103 1684 1147 1711 se
1182 1670 1466 1723 continuerat,

123 1728 283 1768 tulerat
325 1727 452 1780 nihil,
497 1730 688 1768 senserat
732 1731 903 1769 tantum
945 1728 995 1768 de
1040 1742 1084 1768 re
1127 1728 1303 1782 publica
1340 1728 1467 1781 aliud,

124 1788 252 1840 atque
283 1785 478 1826 homines
512 1786 830 1839 exspectabant,
861 1786 927 1826 vir
960 1789 1003 1826 et
1028 1786 1167 1827 bonus
1194 1789 1237 1827 et
1262 1787 1466 1827 innocens

124 1847 167 1885 et
198 1844 324 1886 bonis
357 1843 460 1885 viris
493 1857 660 1897 semper
689 1845 911 1898 probatus,
945 1844 1057 1897 quod
1088 1859 1240 1898 parum
1267 1845 1467 1885 videlicet

70 1915 105 1940 30
123 1903 338 1944 intellexit
376 1902 421 1942 in
459 1902 700 1956 tribunatu,
740 1903 841 1956 quid
873 1917 972 1943 vero
1004 1903 1164 1956 populo
1197 1903 1466 1967 pr··,oba1etui

125 1963 168 2002 et
194 1961 307 2015 quod
331 1961 456 2002 illum
482 1975 573 2001 esse
598 1961 806 2015 populum
825 1960 1078 2013 Romanum,
1106 1961 1179 2014 qui
1201 1961 1247 2001 in
1267 1961 1466 2002 contione

125 2022 235 2074 erat,
273 2019 585 2072 arbitrabatur,
622 2034 709 2060 non
747 2019 887 2060 tenuit
926 2034 1022 2060 eum
1054 2019 1214 2073 locum,
1251 2019 1297 2060 in
1329 2034 1467 2074 quem,

124 2078 208 2119 nisi
256 2078 476 2132 popularis
521 2091 611 2119 esse
655 2077 881 2131 voluisset,
930 2077 1146 2119 facillume
1189 2079 1467 2132 pervenisset.

126 2136 270 2191 Alter,
320 2137 393 2190 qui
436 2137 500 2177 ita
543 2151 586 2177 se
630 2136 676 2177 in
717 2136 915 2190 populari
958 2137 1124 2178 ratione
1168 2136 1369 2191 iactarat,
1417 2140 1467 2178 ut

73 2208 107 2234 35
128 2195 334 2249 auspicia,
377 2195 517 2250 legem
558 2194 744 2248 Aeliam,
788 2197 961 2236 senatus
1006 2195 1327 2249 auctoritatem,
1372 2210 1468 2237 con-

128 2253 282 2307 sulem,
339 2254 543 2308 collegas,
592 2253 804 2294 bonorum
851 2253 1058 2294 iudicium
1105 2253 1232 2294 nihili
1280 2255 1466 2308 putaret,

129 2312 393 2353 aedilitatem
412 2312 567 2366 petivit
588 2326 684 2353 cum
703 2311 828 2353 bonis
848 2312 952 2353 viris
974 2315 1016 2352 et
1035 2312 1283 2353 hominibus
1303 2313 1465 2367 primis.

199 2386 374 2413 010113.
1231 2384 1253 2414 4

1479 824 1535 866 53

1481 884 1547 915 113
