1671 2543
463 414 526 463 M.
566 414 756 462 TULLI
794 414 1123 462 CICERONIS

125 548 204 603 IN
247 549 317 602 M.
363 521 727 603 ANTONIUM
770 546 1020 602 ORATIO
1064 545 1463 602 PHILIPPICA

653 652 925 720 QUINTA.

600 920 986 960 ARGUMENTUM.

222 1032 312 1068 cum
330 1033 373 1068 D.
393 1032 509 1067 Bruto
530 1032 674 1067 consuli
695 1031 890 1076 designato
911 1031 1033 1066 Gallia
1052 1030 1202 1065 citerior
1222 1042 1244 1064 a
1259 1030 1293 1066 C.
1309 1029 1463 1065 Caesare

124 1080 216 1114 data
248 1082 346 1115 esset
376 1080 568 1125 provincia
599 1090 715 1123 eaque
747 1090 805 1113 res
832 1090 853 1112 a
878 1080 1008 1112 senatu
1034 1080 1119 1122 post
1146 1077 1311 1112 Caesaris
1337 1089 1464 1113 necem

125 1127 342 1162 confirmata
373 1128 488 1169 esset,
520 1128 646 1161 tamen
676 1126 724 1161 M.
756 1125 956 1169 Antonius,
989 1126 1031 1159 ut
1063 1136 1146 1159 suas
1179 1136 1267 1169 opes
1299 1126 1463 1168 augeret,

124 1174 159 1208 ei
185 1174 385 1209 concedere
411 1173 532 1208 noluit
557 1184 713 1217 eumque
740 1184 781 1207 eo
807 1175 989 1217 tempore,
1021 1183 1093 1215 quo
1119 1172 1206 1206 novi
1230 1172 1398 1206 consules
1426 1171 1463 1207 C.

124 1220 248 1255 Pansa
266 1221 309 1255 A.
330 1220 474 1254 Hirtius
493 1220 672 1254 Kalendis
692 1219 874 1254 Ianuariis
901 1230 996 1253 anno
1021 1231 1055 1263 p.
1082 1230 1116 1253 n.
1144 1230 1174 1254 c.
1202 1223 1267 1253 711
1296 1220 1464 1253 senatum

123 1268 164 1302 in
182 1268 364 1312 templum
386 1267 610 1302 Concordiae
630 1267 936 1309 convocaverunt,
962 1265 1130 1300 Mutinae
1148 1265 1332 1299 inclusum
1352 1266 1463 1309 atque

125 1315 318 1349 obsessum
348 1314 512 1349 tenebat.
564 1314 651 1349 Cum
677 1313 793 1358 igitur
818 1313 987 1348 consules
1013 1323 1055 1348 eo
1083 1312 1142 1347 die
1168 1313 1212 1347 de
1239 1313 1339 1347 omni
1364 1313 1464 1346 statu

123 1363 179 1396 rei
208 1361 382 1406 publicae
414 1361 610 1404 referrent,
642 1372 793 1395 necesse
819 1362 899 1394 erat
922 1359 1148 1394 mentionem
1173 1359 1253 1393 fieri
1279 1359 1392 1393 etiam
1418 1358 1462 1393 de

123 1408 291 1443 Mutinae
326 1407 518 1443 obsidione
552 1410 590 1442 et
620 1408 762 1452 rogari,
795 1407 884 1451 quid
909 1407 1078 1451 patribus
1104 1405 1322 1450 conscriptis
1348 1406 1394 1440 de
1420 1416 1465 1439 ea

122 1465 164 1489 re
200 1455 375 1499 placeret.
431 1454 480 1489 Et
519 1466 602 1489 cum
635 1455 673 1497 Q.
706 1454 830 1488 Fufius
864 1454 1038 1497 Calenus,
1076 1453 1140 1497 qui
1175 1453 1299 1487 fuerat
1335 1453 1464 1487 consul

126 1512 222 1536 anno
274 1506 360 1544 707,
409 1501 550 1546 primus
595 1502 817 1536 sententiam
860 1502 1029 1545 rogatus,
1080 1500 1179 1543 quod
1216 1499 1263 1533 M.
1301 1499 1463 1534 Antonio

124 1548 294 1591 favebat,
331 1548 477 1592 legatos
510 1549 557 1582 ad
587 1548 790 1583 Antonium
822 1548 867 1582 de
898 1559 989 1592 pace
1020 1546 1223 1580 mittendos
1248 1545 1462 1589 censuisset,

124 1594 173 1629 M.
195 1594 333 1636 Cicero,
360 1605 443 1629 cum
468 1597 554 1638 post
573 1606 656 1629 eum
676 1595 900 1629 sententiam
918 1596 1072 1638 rogatus
1093 1594 1201 1635 esset,
1226 1592 1465 1627 vehementer

126 1641 173 1675 ab
205 1641 283 1675 eius
315 1640 501 1675 sententia
532 1641 709 1675 dissensit
739 1652 781 1675 ac
813 1641 934 1675 nullos
960 1641 1105 1683 legatos
1130 1639 1349 1681 mittendos,
1381 1641 1465 1673 acta

125 1688 175 1723 M.
200 1686 340 1722 Antoni
364 1686 620 1729 rescindenda,
644 1687 819 1732 praemiis
845 1697 919 1728 eos,
946 1686 1010 1731 qui
1035 1687 1165 1720 contra
1190 1696 1272 1719 eum
1296 1696 1375 1719 rem
1397 1697 1464 1729 pu-

125 1734 265 1769 blicam
291 1733 556 1775 defendissent,
583 1734 798 1768 afficiendos
824 1733 968 1767 censuit
993 1743 1145 1775 eamque
1166 1731 1389 1765 sententiam
1410 1742 1464 1774 ea,

126 1792 223 1826 quae
248 1781 346 1815 infra
372 1780 510 1825 scripta
533 1782 600 1823 est,
621 1780 787 1815 oratione
807 1779 1014 1814 accuratius
1035 1777 1206 1823 exposuit
1223 1789 1266 1813 ac
1286 1777 1463 1813 defendit.

215 2015 338 2057 Nihil
364 2030 569 2069 umquam
593 2015 766 2069 longius
791 2014 859 2054 his
886 2013 1091 2054 Kalendis
1116 2012 1328 2054 Ianuariis
1355 2012 1462 2052 mihi

1482 1996 1500 2035 l

128 2075 269 2116 visum
300 2077 382 2126 est,
414 2076 559 2127 patres
592 2072 841 2126 conscripti3
873 2072 985 2126 quod
1017 2072 1127 2112 idem
1158 2055 1496 2124 intellegebam1

127 2148 204 2187 per
246 2133 326 2173 hos
365 2132 453 2173 dies
490 2131 565 2172 uni
603 2131 754 2184 cuique
791 2133 982 2171 vestrum
1018 2129 1162 2170 videri.
1231 2128 1314 2177 Qui
1350 2128 1463 2169 em‘m

128 2191 291 2232 bellum
317 2205 413 2231 cum
437 2204 482 2230 re
506 2189 680 2243 publica
706 2191 873 2243 gerunt,
904 2189 1016 2228 hunc
1048 2187 1160 2227 diem
1184 2200 1272 2228 non
1296 2201 1464 2240 exspec-

91 2267 109 2292 5
128 2250 298 2303 tabant3
332 2263 412 2290 nos
444 2251 588 2288 autem
618 2250 728 2298 tum,
761 2261 857 2288 cum
888 2245 1071 2286 maxime
1104 2245 1282 2286 consilio
1312 2247 1462 2286 nostro

128 2307 353 2349 subvenire
391 2305 606 2348 communi
643 2305 772 2346 saluti
811 2306 1044 2358 oporteret,
1074 2303 1121 2344 in
1151 2305 1347 2344 senatum
1377 2317 1464 2344 non
