1671 2543
528 55 628 91 cAP.
659 61 793 91 15-17
821 61 840 99 ξ
866 61 1015 92 34—40.
1359 56 1440 97 177

104 164 372 206 exhauseras.
435 163 550 213 Quas
582 178 649 205 res
682 163 857 219 gessisti
887 164 1082 219 imperio,
1116 164 1317 218 exercitu,
1347 179 1443 218 pro·
1456 167 1501 198 38

104 223 245 264 vincia
273 223 516 265 consulari?
574 222 688 272 Quas
715 237 782 263 res
810 223 1004 278 gesserit,
1037 224 1214 278 quaero!
1279 222 1362 272 Qui
1392 225 1442 264 ut

104 282 239 336 venit,
278 282 427 323 statim
464 279 551 306 *ἓξ*
584 282 775 323 nondum
807 296 1094 324 commemoro
1127 282 1317 337 rapinas,
1354 296 1443 323 non

106 343 276 382 exactas
301 340 515 395 pecunias,
540 355 627 381 non
650 342 810 394 captaS,
835 355 921 382 non
940 341 1185 395 imperatas,
1210 355 1298 382 non
1315 354 1442 382 neces

68 412 86 437 5
107 399 337 453 sociorum,
374 413 461 440 non
499 399 646 440 caedes
681 398 922 453 hospitum,
958 414 1046 441 non
1076 399 1318 454 perfidiam,
1354 413 1443 440 non

104 458 431 511 immanitatem,
461 472 549 499 non
574 457 735 499 scelera
759 458 978 512 praedico,
1009 472 1120 513 mOX,
1154 458 1189 499 si
1215 457 1442 512 videbitur,

104 519 154 557 ut
185 531 281 558 cum
311 516 417 570 fure,
448 518 497 557 ut
529 531 626 558 cum
658 516 880 571 sacrilego,
911 520 960 557 ut
993 531 1089 558 cum
1121 516 1274 558 sicario
1301 516 1442 570 dispu-

104 575 226 629 tab03
262 589 375 616 nunc
409 589 549 616 meam
581 575 811 629 spoliatam
843 575 1060 616 fortunam
1092 575 1310 617 conferam
1342 589 1439 616 011111

104 634 283 675 florente
323 633 498 675 fortuna
533 634 820 688 imperatoris.
889 633 993 683 Quis
1030 649 1236 688 umquam
1272 633 1439 688 provin·

52 706 86 731 10
106 692 216 733 ciam
254 707 352 734 cum
390 692 579 734 exercitu
619 692 825 747 optinuit,
866 693 939 746 qui
975 693 1115 734 nullas
1154 693 1206 734 ad
1245 695 1442 734 senatum

104 751 272 792 litteras
311 750 507 792 miserit?
546 754 714 792 tantam
751 765 851 792 vero
888 751 1154 805 provinciam
1190 766 1285 793 cum
1317 754 1440 792 tanto

106 809 305 864 exercitu,
337 809 633 851 Macedoniam
663 809 930 864 praesertim,
963 824 1091 864 quam
1119 813 1265 851 tantae
1290 810 1442 851 barba-

105 882 252 910 rorum
284 871 433 923 gentes
466 868 700 924 attingunt,
731 870 781 909 ut
807 883 974 923 semper
999 868 1285 910 Macedonicis
1311 869 1442 923 impe-

106 927 322 968 ratoribus
354 926 467 968 idem
498 927 605 968 fines
636 927 885 981 provinciae
911 927 1072 968 fuerint
1101 928 1174 981 qui
1200 927 1442 982 gladiorum

54 999 87 1026 15
107 988 236 1040 atque
264 985 470 1040 pilorum,
502 1000 554 1027 ex
579 1000 663 1040 qua
689 986 855 1040 aliquot
878 986 1095 1040 praetorio
1122 986 1314 1041 imperio,
1346 1000 1443 1027 con-

107 1044 238 1085 sulari
271 1044 441 1098 quidem
471 1059 597 1085 nemo
630 1044 768 1098 rediit,
801 1044 874 1098 qui
905 1044 1132 1086 incolumis
1163 1044 1307 1099 fuerit,
1339 1045 1444 1098 quin

105 1102 401 1157 triumpharit!
474 1102 557 1144 Est
604 1103 687 1145 1100
733 1117 911 1157 novum,
960 1103 1097 1144 multo
1140 1103 1247 1144 illud
1291 1104 1442 1158 magis.

104 1161 363 1215 Appellatus
402 1163 468 1203 est
504 1161 575 1202 1110
611 1161 824 1202 vulturius
860 1162 976 1203 illius
1008 1162 1269 1216 provinciae,
1308 1162 1345 1203 si
1376 1162 1441 1203 dis

104 1220 264 1274 placet,
312 1220 557 1274 imperator.
631 1219 697 1261 Ne
740 1222 834 1261 tum
876 1221 1064 1274 quidem,
1108 1219 1240 1262 Paule
1281 1204 1476 1274 noster,1

52 1293 86 1320 20
105 1278 288 1320 tabellas
321 1293 417 1320 cum
447 1278 594 1319 laurea
618 1278 803 1320 Romam
828 1279 1000 1320 mittere
1026 1279 1243 1321 audebas?
1299 1264 1500 1334 ‘Misi’,3⁹

104 1337 258 1391 inquit.
349 1336 454 1386 Quis
514 1352 719 1391 umquam
779 1338 995 1392 recitavit,
1058 1337 1171 1392 quis,
1231 1340 1281 1379 ut
1340 1338 1443 1380 reci-

105 1398 317 1446 tarentur,
361 1395 626 1450 postulavit?
699 1395 821 1437 Nihil
871 1396 985 1437 enim
1032 1411 1127 1437 mea
1168 1396 1251 1437 iam
1298 1396 1443 1451 refert,

105 1456 251 1495 utrum
306 1456 354 1495 tu
410 1454 671 1496 conscientia
724 1469 952 1509 oppressus
1009 1455 1218 1497 scelerum
1268 1458 1443 1496 tuorum

105 1512 215 1553 nihil
257 1527 462 1566 umquam
506 1528 634 1554 ausus
679 1514 737 1555 sis
782 1514 968 1555 scribere
1012 1515 1064 1555 ad
1103 1529 1199 1554 eum
1238 1514 1443 1568 ordinem,

53 1585 87 1613 25
108 1585 234 1624 quem
277 1571 544 1624 despexeras,
597 1586 724 1625 quem
768 1572 998 1627 afflixeras,
1043 1587 1170 1626 quem
1214 1572 1442 1626 deleveras,

107 1644 161 1670 an
211 1629 337 1670 amici
387 1630 451 1670 tui
499 1630 682 1671 tabellas
733 1631 974 1671 abdiderint
1022 1631 1219 1685 idemque
1270 1631 1441 1672 silentio

107 1702 183 1729 suo
237 1687 525 1728 temeritatem
576 1691 704 1742 atque
754 1689 974 1730 audaciam
1024 1691 1144 1729 tuam
1194 1690 1444 1730 condemna-

106 1747 211 1800 rint,
268 1748 395 1799 atque
444 1746 557 1787 haud
607 1747 695 1788 scio
747 1762 801 1787 an
850 1747 997 1788 malim
1046 1750 1089 1788 te
1139 1747 1273 1788 videri
1321 1747 1441 1788 nullo

106 1804 266 1858 pudore
298 1803 429 1845 fuisse
466 1804 511 1845 in
552 1804 710 1846 litteris
749 1805 989 1859 mittendis,
1028 1806 1116 1857 [an]
1150 1806 1310 1847 amicos
1343 1808 1442 1847 tuos

53 1880 88 1905 30
106 1863 203 1917 plus
228 1862 429 1904 habuisse
457 1863 535 1915 [et]
556 1863 730 1916 pudoris
751 1866 793 1904 et
814 1863 981 1904 consilii
1002 1877 1130 1917 quam
1150 1866 1224 1904 aut
1243 1866 1286 1905 te
1308 1864 1444 1905 videri

106 1921 404 1975 pudentiorem
434 1920 578 1975 fuisse,
611 1936 739 1975 quam
765 1922 888 1975 soles,
920 1924 995 1963 aut
1020 1925 1143 1963 tuum
1167 1922 1331 1963 factum
1355 1937 1443 1964 non

107 1993 198 2020 esse
226 1979 554 2021 condemnatum
578 1979 735 2021 iudicio
763 1980 1009 2021 amicorum.
1060 1980 1222 2029 Quodsi
1246 1996 1334 2022 non
1352 1981 1439 2023 tuis
1453 1989 1499 2021 40

105 2037 282 2079 nefariis
325 2038 370 2079 in
412 2038 525 2079 hunc
567 2038 757 2080 ordinem
796 2039 1066 2080 contumeliis
1104 2039 1149 2080 in
1185 2043 1441 2094 perpetuum

107 2096 189 2137 tibi
216 2096 378 2138 curiam
402 2096 719 2151 praeclusisses,
752 2097 853 2151 quid
878 2097 1052 2138 tandem
1078 2100 1170 2139 erat
1196 2101 1340 2139 actum
1365 2101 1441 2140 aut

55 2171 89 2198 35
109 2157 280 2210 gestum
322 2155 367 2196 in
410 2158 486 2196 tua
528 2155 764 2210 provincia,
808 2156 858 2197 de
898 2170 980 2210 quo
1020 2156 1072 2197 ad
1110 2159 1306 2197 senatum
1344 2171 1441 2198 cum

110 2213 398 2268 gratulatione
437 2214 581 2268 aliqua
619 2214 749 2256 scribi
787 2215 863 2255 abs
901 2218 943 2255 te
982 2215 1228 2268 oporteret?
1269 2216 1439 2257 vexatio

108 2270 381 2313 Macedoniae
413 2287 467 2314 an
500 2272 754 2327 oppidorum
779 2273 918 2327 turpis
945 2273 1118 2315 amissio
1145 2289 1200 2315 an
1225 2274 1442 2316 sociorum

136 2345 206 2373 010,
224 2346 265 2372 11.
285 2348 310 2374 3.
1193 2346 1235 2376 12
