1671 2543
578 95 677 131 CAP.
705 100 795 130 4-—6
823 99 842 138 ξ
871 100 1018 132 14-19,
1387 97 1470 138 481

128 203 356 246 dissentire
388 218 577 258 possum,
609 203 699 244 sine
732 204 864 244 animi
896 218 1063 245 summo
1096 203 1242 246 dolore
1268 218 1353 245 non
1379 219 1475 258 pos-

129 278 233 304 sum.
302 262 443 304 Parva
480 265 546 303 est
584 262 697 303 enim
737 262 842 303 mihi
881 265 1022 304 tecum
1061 265 1134 304 aut
1171 277 1303 317 parva
1340 263 1390 304 de
1429 278 1473 305 re

129 322 368 363 dissensio?
407 335 486 376 ego
523 320 623 362 huic
661 320 802 374 faveo,
841 324 888 362 tu
927 322 1021 362 illi?
1082 321 1220 363 Immo
1259 336 1358 362 vero
1391 335 1472 377 ego

127 379 180 421 D.
212 380 349 422 Bruto
383 380 523 434 faveo,
554 382 601 420 tu
633 378 690 421 M.
722 380 933 434 Antonio,
971 394 1050 435 ego
1084 381 1326 422 conservari
1359 381 1470 422 0010-

92 455 108 480 5
127 439 243 480 niam
274 438 423 493 populi
455 438 639 480 Romani
673 439 809 493 cupio,
842 442 889 479 tu
922 439 1158 494 expugnari
1189 439 1345 480 studes.
1402 433 1510 480 An6

126 497 208 539 hoc
233 511 390 553 negare
416 500 552 551 potes,
585 496 658 551 qui
685 512 831 538 omnes
859 512 1000 539 moras
1027 499 1288 552 interponas,
1315 498 1470 552 quibus

126 556 367 597 infirmetur
403 556 584 606 Brutus,
622 556 775 597 melior
812 556 888 597 fiat
927 556 1172 598 Antonius?
1239 556 1469 611 Quousque

127 615 240 656 enim
273 615 387 657 dices
418 629 567 669 pacem
598 615 706 656 velle
738 615 811 656 te‘?
862 614 946 656 Res
979 616 1155 670 geritur,
1186 615 1216 669 ’ζ-
1237 615 1469 657 conductae

125 673 255 714 liniae
300 676 417 728 sunt,
460 676 678 728 pugnatur
716 674 932 715 acerrime.
1002 673 1083 723 Qui
1125 674 1470 728 intercurrerent,

0 753 7 793 β
74 749 108 773 10
127 732 323 773 misimus
374 736 461 773 tres
511 732 726 786 principes
777 733 975 774 civitatis.
1055 732 1148 774 Hos
1198 733 1470 787 contempsit,

126 791 288 845 reiecit,
318 791 560 845 repudiavit
590 790 825 846 Antonius3
863 794 910 832 tu
942 794 1087 833 tamen
1116 806 1341 846 permanes
1374 806 1469 833 con—

127 850 420 891 stantissimus
452 849 650 891 defensor
675 850 850 892 Antoni.
906 850 965 891 Et
992 851 1174 905 quidem,
1207 865 1290 904 quo
1317 851 1469 892 melior
1486 857 1526 888 18

126 911 301 950 senator
337 908 549 963 videatur,
588 911 719 964 negat
758 923 802 950 se
841 909 904 949 illi
944 909 1129 950 amicum
1166 923 1257 951 esse
1297 910 1470 964 debere3

126 982 222 1009 cum
261 982 337 1009 suo
376 981 533 1022 magno
573 971 686 1008 esset
724 967 949 1021 beneficio,
987 968 1152 1009 venisse
1191 983 1286 1009 eum
1319 971 1470 1009 contra

74 1042 106 1068 15
127 1040 182 1067 se.
246 1025 366 1079 Vide,
400 1025 561 1080 quanta
592 1026 748 1067 caritas
782 1026 839 1067 sit
869 1026 1053 1080 patriae,
1088 1041 1183 1068 cum
1212 1026 1378 1068 homini
1411 1027 1469 1068 sit

125 1084 280 1138 iratus,
319 1087 465 1125 tamen
502 1084 564 1125 rei
600 1084 797 1138 publicae
838 1099 964 1126 causa
996 1084 1184 1126 defendit
1216 1085 1467 1126 Antonium.

124 1143 221 1198 Ego
255 1146 309 1195 te,
343 1158 439 1184 cum
471 1143 515 1183 in
546 1142 830 1184 Massiliensis
863 1147 952 1185 tam
985 1158 1029 1185 es
1062 1144 1252 1197 acerbus,
1285 1144 1333 1193 Q.
1359 1143 1468 1198 Fufi,

124 1216 211 1243 non
249 1202 392 1243 animo
432 1216 567 1255 aequo
607 1202 744 1244 audio.
807 1202 1037 1256 Quousque
1077 1203 1189 1244 enim
1227 1202 1468 1243 Massiliam

126 1260 425 1316 oppugnabis?
463 1274 514 1301 ne
552 1260 796 1315 triumphus
836 1262 1008 1327 quidem
1043 1261 1172 1302 finem
1210 1261 1315 1302 facit
1352 1262 1468 1315 belli,

71 1336 106 1361 20
124 1333 200 1373 per
245 1333 371 1373 quem
414 1319 503 1360 lata
541 1322 607 1360 est
645 1320 748 1360 urbs
787 1334 853 1373 ea,
896 1320 986 1361 sine
1025 1334 1109 1374 qua
1145 1334 1378 1374 numquam
1417 1335 1468 1361 ex

124 1377 420 1432 Transalpinis
454 1378 655 1433 gentibus
688 1378 871 1419 maiores
897 1379 1036 1420 nostri
1062 1379 1467 1433 triumphaverunt?

126 1435 220 1484 Quo
277 1436 447 1490 quidem
497 1439 690 1502 tempore
740 1438 923 1491 populus
966 1437 1187 1478 Romanus
1236 1438 1467 1493 ingemuit3

125 1508 386 1548 quamquam
433 1495 631 1549 proprios
681 1495 850 1537 dolores
899 1510 1073 1537 suarum
1127 1510 1271 1537 rerum
1320 1511 1468 1538 omnes

123 1552 361 1606 habebant,
398 1556 542 1594 tamen
581 1554 708 1595 huius
744 1555 932 1596 civitatis
965 1555 1238 1596 fidelissimae
1271 1555 1466 1596 miserias

72 1628 105 1654 25
123 1625 249 1653 nemo
319 1614 412 1652 erat
476 1612 579 1653 civis
648 1612 720 1665 qui
776 1627 801 1653 a
856 1626 900 1654 se
957 1613 1117 1653 alienas
1173 1613 1467 1655 arbitraretur.

124 1669 282 1712 Caesar
306 1670 410 1724 ipse,
443 1670 515 1723 qui
541 1670 628 1710 illis
657 1670 797 1711 fuerat
822 1670 1094 1724 iratissimus,
1119 1674 1266 1712 tamen
1290 1675 1467 1725 propter
1484 1679 1525 1709 19

119 1729 387 1784 singularem
426 1728 516 1769 eius
555 1728 743 1770 civitatis
782 1729 1041 1783 gravitatem
1076 1732 1118 1770 et
1152 1729 1279 1770 fidem
1312 1730 1467 1770 cotidie

125 1787 286 1841 aliquid
317 1787 561 1828 iracundiae
593 1787 860 1840 remittebat3
890 1789 933 1828 te
965 1787 1083 1828 nulla
1115 1801 1191 1828 sua
1223 1788 1467 1829 calamitate

126 1845 278 1886 civitas
320 1845 477 1887 satiare
521 1848 610 1886 tam
654 1845 790 1886 fidelis
828 1846 1002 1899 potest?
1072 1845 1238 1887 Rursus
1278 1846 1363 1887 iam
1402 1861 1469 1888 me

74 1921 107 1946 30
125 1903 252 1945 irasci
290 1903 474 1945 fortasse
507 1904 632 1945 dices.
693 1903 789 1958 Ego
823 1906 966 1945 autem
998 1904 1088 1946 sine
1121 1904 1341 1946 iracundia
1373 1905 1468 1947 dico

127 1962 270 2003 omnia
312 1977 390 2004 nec
433 1965 579 2003 tamen
626 1962 716 2003 sine
757 1962 902 2003 dolore
949 1963 1099 2017 animi3
1141 1963 1357 2004 neminem
1403 1963 1469 2004 illi

126 2019 293 2062 civitati
330 2020 553 2061 inimicum
591 2034 682 2062 esse
716 2020 920 2075 arbitror,
959 2021 1030 2076 qui
1064 2022 1224 2063 amicus
1268 2022 1367 2063 huic
1412 2021 1470 2062 sit

127 2079 302 2120 civitati.
381 2078 658 2134 Excogitare,
718 2093 825 2133 quae
883 2082 959 2121 tua
1008 2081 1118 2122 ratio
1170 2080 1243 2133 sit,
1300 2079 1469 2134 Calene,

125 2151 213 2178 non
273 2151 460 2191 possum.
551 2137 693 2179 Antea
747 2138 960 2180 deterrere
1016 2140 1076 2193 te,
1139 2153 1191 2179 ne
1247 2139 1468 2192 popularis

73 2211 106 2238 35
127 2210 253 2250 esses,
284 2210 370 2237 non
402 2198 667 2249 poteramus3
702 2210 876 2238 exorare
907 2211 1031 2249 nunc,
1062 2200 1112 2238 ut
1144 2197 1202 2238 sis
1234 2197 1469 2251 popularis,

125 2268 213 2295 non
267 2268 506 2308 possumus.
594 2253 709 2296 Satis
764 2255 901 2296 multa
959 2269 1055 2297 cum
1104 2254 1226 2296 Fufio
1278 2269 1327 2297 ac
1376 2255 1468 2297 sine

127 2311 224 2354 odio
269 2313 430 2366 omnia,
478 2312 586 2354 nihil
631 2313 721 2354 sine
764 2313 922 2355 dolore.
1001 2312 1136 2356 Credo
1183 2316 1344 2369 autem,
1396 2315 1470 2369 qui

197 2385 372 2414 010.11.3.
1213 2386 1255 2416 31
