1671 2543
570 542 632 589 Μ,
674 542 863 588 TULLI
901 541 1230 589 CICERONIS

230 663 304 718 IN
347 664 405 718 L.
451 662 906 717 CALPURNIUM
947 661 1252 717 PISONEM
1294 661 1565 717 ORATIO.

427 869 805 908 ARGUMENTUM
837 869 880 916 Q.
912 869 1107 909 ASCONI
1136 870 1370 909 PEDIANI.

326 958 428 993 Haec
454 959 573 993 oratio
600 957 701 992 dicta
726 959 783 993 est
808 957 870 993 Cn.
888 957 1064 1003 Pompeio
1084 958 1221 1001 Magno
1247 958 1281 992 II
1306 958 1354 993 M.
1376 958 1508 994 Crasso
1533 958 1569 993 ΙΙ

233 1017 326 1040 0055.
356 1006 405 1051 [3.
425 1017 459 1040 11.
482 1017 510 1040 c.
533 1006 616 1050 699]
645 1007 731 1039 ante
751 1016 888 1050 paucos
909 1004 998 1048 dies,
1025 1015 1137 1049 quam
1158 1004 1220 1039 Cn.
1242 1004 1440 1050 Pompeius
1459 1005 1566 1041 ludos

233 1053 383 1095 faceret,
410 1052 544 1096 quibus
570 1053 758 1086 theatrum
784 1063 806 1090 a
831 1063 870 1086 se
895 1052 1039 1086 factum
1058 1051 1255 1088 dedicavit.
1298 1052 1378 1087 Hoc
1395 1051 1568 1097 intellegi

234 1111 278 1133 ex
302 1099 419 1143 ipsius
447 1098 634 1134 Ciceronis
660 1098 782 1133 verbis
808 1100 942 1144 potest,
970 1109 1064 1142 quae
1088 1098 1128 1132 in
1153 1098 1223 1133 hac
1243 1098 1412 1134 oratione
1432 1099 1566 1144 posuit.

233 1146 336 1180 Dixit
355 1146 453 1180 enim
473 1145 526 1179 sic
548 1146 619 1191 [27.
637 1146 716 1191 65]:
739 1145 934 1180 ‘Instant
952 1147 1055 1190 post
1072 1145 1295 1180 hominum
1311 1146 1568 1180 memoriam

236 1192 579 1237 apparatissimi
605 1192 1151 1236 magnificentissimique
1177 1192 1305 1227 ludi?
1357 1193 1568 1227 Fenestella

235 1239 384 1283 quidem
414 1240 541 1283 posuit
571 1239 666 1273 hanc
692 1239 790 1273 inter
814 1249 877 1273 eas
904 1240 1106 1281 orationes,
1139 1250 1229 1282 quas
1256 1239 1352 1274 dixit
1377 1238 1503 1274 Cicero
1527 1239 1565 1274 L.

233 1286 399 1320 Domitio
431 1285 553 1330 Appio
587 1286 742 1320 Claudio
781 1285 1108 1327 0053.,111111113111.
1167 1285 1239 1320 Sed
1269 1288 1313 1320 ut
1343 1297 1412 1330 ego
1444 1286 1491 1320 ab
1523 1296 1567 1320 eo

235 1332 464 1375 dissentiam,
490 1331 583 1365 facit
605 1332 777 1376 primum,
805 1313 903 1376 quod
922 1332 1006 1366 Piso
1032 1342 1199 1367 reversus
1225 1334 1282 1366 est
1308 1344 1351 1367 ex
1375 1332 1569 1377 provincia

233 1379 409 1423 Pompeio
443 1381 480 1412 et
511 1378 641 1413 Crasso
674 1390 784 1422 coss,
826 1378 1005 1413 Gabinius
1035 1378 1199 1413 Domitio
1232 1380 1270 1413 et
1299 1379 1439 1424 Appio,
1471 1380 1568 1414 113110

236 1427 361 1460 autem
393 1426 598 1459 orationem
631 1425 768 1459 dictam
803 1427 888 1460 ante
916 1425 1051 1460 Gabini
1081 1425 1242 1459 reditum
1274 1437 1318 1460 ex
1343 1425 1426 1470 ipsa
1449 1426 1566 1460 mani-

234 1473 372 1507 festum
397 1474 465 1506 est.
508 1472 651 1507 Deinde
677 1472 798 1525 magis
818 1483 963 1516 quoque
980 1472 1151 1506 naturale
1172 1473 1238 1515 est,
1264 1475 1305 1507 ut
1323 1472 1408 1507 Piso
1427 1473 1568 1507 recenti

234 1519 359 1553 reditu
394 1519 561 1553 invectus
599 1519 650 1553 sit
679 1518 719 1553 in
751 1519 964 1554 Ciceronem
994 1519 1298 1564 responderitque
1329 1519 1569 1555 insectationi

236 1565 331 1608 eius,
366 1577 440 1609 qua
463 1567 657 1600 revocatus
683 1567 765 1600 erat
789 1578 831 1600 ex
857 1566 1062 1610 provincia,
1093 1566 1208 1610 'quam
1232 1567 1320 1610 post
1344 1565 1433 1600 anni
1456 1566 1568 1601 inter-

234 1612 384 1646 vallum.
448 1614 615 1657 Apparet
652 1615 775 1647 autem
813 1612 1025 1647 Ciceronem
1063 1612 1297 1657 respondisse
1335 1612 1471 1649 Pisoni.
1527 1614 1569 1648 In

237 1670 389 1701 summa,
416 1670 499 1693 cum
524 1659 627 1693 dicat
650 1659 690 1693 in
713 1659 798 1704 ipsa
823 1659 991 1694 oratione
1017 1659 1142 1695 Cicero
1170 1660 1308 1694 instare
1332 1660 1568 1704 magnificen-

235 1705 397 1740 tissimos
429 1705 810 1750 apparatissimosque
843 1706 967 1748 ludos,
999 1718 1073 1741 non
1105 1707 1231 1750 video,
1265 1717 1338 1750 quo
1362 1707 1472 1742 modo
1497 1707 1569 1741 hoc

234 1752 355 1796 magis
381 1752 544 1787 Domitio
580 1754 616 1787 et
641 1753 763 1797 Appio
795 1764 886 1787 coss.
920 1753 1059 1787 dictum
1091 1753 1157 1796 sit,
1190 1753 1324 1798 quibus
1356 1753 1568 1788 consulibus

235 1799 331 1833 nulli
353 1799 596 1834 notabiliores
621 1799 701 1833 ludi
725 1799 891 1843 fuerunt,
918 1812 1029 1844 quam
1054 1800 1230 1845 Pompeio
1256 1802 1294 1835 et
1319 1800 1469 1843 Crasso,
1495 1811 1568 1844 quo

237 1857 333 1880 anno
375 1846 572 1890 Pompeius
621 1846 919 1890 exquisitissimis
961 1846 1413 1892 magnificentissimisque
1451 1847 1569 1881 omnis

236 1892 382 1938 generis
401 1893 499 1927 ludis
518 1894 707 1927 theatrum
733 1893 930 1934 dedicavit.

329 1941 597 1984 Argumentum
630 1939 738 1974 huius
771 1940 948 1975 orationis
978 1940 1090 1975 breve
1122 1940 1321 1975 admodum
1354 1941 1421 1975 est.
1473 1940 1569 1976 Nam

238 1997 320 2020 cum
351 1986 518 2021 revocati
549 1989 674 2021 essent
706 1998 749 2021 ex
774 1987 974 2031 provinciis
1000 1987 1084 2021 Piso
1110 1989 1148 2021 et
1174 1986 1356 2022 Gabinius
1382 1987 1568 2021 sententia

238 2032 436 2076 Ciceronis,
462 2045 573 2077 quam
599 2033 743 2067 dixerat
768 2034 813 2068 de
837 2033 1040 2078 provinciis
1065 2033 1321 2068 consularibus
1346 2033 1503 2068 Lentulo
1530 2035 1569 2068 et

236 2079 410 2124 Philippo
454 2091 562 2123 coss„
607 2090 774 2114 reversus
813 2080 852 2114 in
890 2080 1079 2115 civitatem
1117 2080 1202 2114 Piso
1241 2080 1286 2114 de
1320 2079 1566 2114 insectatione

237 2125 423 2160 Ciceronis
456 2127 496 2161 in
521 2128 652 2161 senatu
678 2129 899 2170 conquestus
925 2128 982 2161 est
1006 2128 1044 2162 et
1068 2126 1108 2160 in
1133 2138 1217 2161 eum
1241 2127 1406 2160 invectus
1431 2126 1568 2160 fiducia

236 2172 395 2207 maxime
426 2173 593 2208 Caesaris
626 2173 768 2217 generi,
801 2173 866 2217 qui
895 2176 975 2208 tum
1007 2173 1147 2208 Gallias
1180 2172 1384 2208 obtinebat
1440 2172 1569 2207 Pisoni

238 2219 364 2254 Cicero
390 2220 584 2265 respondit
607 2220 678 2256 1130
701 2219 879 2256 013110110.
