1671 2543
147 62 234 104 312
437 62 531 98 PRO
557 61 597 99 Τ.
623 61 777 96 ANNIO
802 61 986 97 MILONE
1012 61 1201 98 ORATIO.

146 171 232 212 nisi
277 171 351 225 qui
394 170 560 212 nullam
603 170 691 211 vim
734 184 827 211 esse
871 170 990 212 ducit
1031 185 1242 212 numenve
1286 171 1490 223 divinum,

148 243 277 284 quem
313 243 452 283 neque
490 229 660 283 imperii
696 228 835 270 nostri
867 229 1119 284 magnitudo
1150 243 1288 283 neque
1320 230 1385 272 sol
1417 230 1490 272 ille

145 302 226 330 nec
258 288 364 329 caeli
396 288 704 342 signorumque
731 290 875 329 motus
899 302 977 329 nec
1003 288 1321 330 vicissitudines
1347 302 1490 330 rerum

147 349 278 400 atque
317 346 487 387 ordines
526 348 700 389 movent
733 360 887 411 neque,
925 346 968 387 id
1000 347 1113 411 quod
1146 347 1380 388 maximum
1412 349 1490 400 est,

147 405 360 446 maiorum
398 404 628 470 sapientia,
674 404 747 458 qui
785 419 923 459 sacra,
968 405 1041 458 qui
1080 405 1379 459 caerimonias,
1417 405 1491 470 qui
1526 415 1544 443 5

149 464 340 518 auspicia
380 465 424 504 et
461 463 545 517 ipsi
584 462 854 504 sanctissime
894 463 1119 504 coluerunt
1157 466 1201 505 et
1236 464 1362 505 nobis
1401 463 1490 505 suis

114 522 335 589 4poste1is
360 521 653 576 prodiderunt.
702 521 798 575 Est,
832 524 898 563 est
923 521 1117 576 profecto
1143 522 1220 563 illa
1244 522 1321 577 vis,
1351 536 1492 576 neque

148 580 305 622 inhis
350 580 603 634 corporibus
648 583 777 634 atque
819 579 865 621 in
900 580 981 622 hac
1018 580 1302 622 inbecillitate
1340 583 1492 622 nostra

147 640 262 681 inest
301 639 520 693 quiddam,
559 639 672 693 quod
709 639 855 694 vigeat
892 641 936 679 et
971 639 1147 693 sentiat,
1183 654 1271 681 non
1301 639 1415 680 inest
1446 639 1491 680 in

146 698 231 739 hoc
274 700 398 739 tanto
438 700 619 739 naturae
657 700 747 739 tam
784 697 1005 757 praeclaro
1042 700 1175 739 motu.
1242 697 1341 739 Nisi
1378 697 1489 739 forte
1512 713 1546 739 10

148 756 308 797 idcirco
348 771 437 798 non
472 758 646 822 putant,
691 755 792 810 quia
827 770 914 797 non
952 759 1131 810 apparet
1166 770 1245 798 nec
1284 756 1490 810 cernitur3

149 815 326 869 proinde
365 815 489 869 quasi
526 817 721 856 nostiam
758 815 898 880 ipsam
928 817 1135 868 mentem,
1174 829 1258 868 qua
1289 815 1492 869 sapimus,

77 499 130 541 31

149 888 234 927 qua
273 873 566 928 providemus,
611 888 694 932 qua
730 873 836 915 haec
873 873 969 927 ipsa
1005 873 1173 928 agimus
1212 887 1261 915 ac
1298 873 1492 927 dicimus,

148 932 292 973 videre
325 934 399 973 aut
430 932 569 998 plane,
603 931 742 986 qualis
775 934 849 973 aut
876 932 952 973 ubi
977 931 1047 986 sit,
1079 931 1237 973 sentire
1262 932 1491 986 possimus.

148 989 214 1031 Ea
246 990 310 1031 vis
343 990 479 1046 igitur
510 991 622 1044 ipsa,
660 1004 767 1044 quae
801 1005 926 1044 saepe
958 990 1231 1032 incredibiles
1262 990 1363 1031 huic
1393 990 1491 1031 urbi
1511 1006 1545 1033 ιο

148 1048 380 1090 felicitates
414 1052 542 1103 atque
575 1063 678 1103 opes
710 1049 872 1103 attulit,
899 1049 1019 1090 illam
1050 1049 1283 1103 perniciem
1308 1048 1492 1090 extinxit

149 1122 199 1149 ao
231 1108 422 1161 sustulit,
455 1107 523 1149 cui
553 1107 742 1161 primum
771 1109 959 1148 mentem
984 1107 1143 1161 iniecit,
1174 1110 1223 1148 ut
1253 1107 1296 1148 vi
1321 1107 1492 1148 irritare

147 1165 347 1220 ferroque
391 1166 603 1207 lacessere
639 1165 928 1207 fortissimum
965 1166 1106 1207 virum
1143 1166 1319 1207 auderet
1355 1165 1492 1207 vince-

147 1227 352 1278 returque
385 1225 438 1265 ab
472 1239 534 1278 eo,
569 1239 697 1278 quem
730 1224 765 1265 si
797 1224 984 1278 vicisset,
1013 1224 1240 1265 habiturus
1272 1226 1386 1265 esset
1416 1224 1492 1265 im-

89 1295 134 1327 85
148 1283 390 1337 punitatem
417 1285 461 1323 et
485 1282 706 1324 licentiam
732 1282 1048 1336 sempiternam.
1086 1282 1187 1323 Non
1212 1285 1278 1323 est
1302 1282 1490 1323 humano
1511 1300 1544 1326 20

148 1341 342 1394 consilio,
372 1354 425 1381 ne
458 1340 663 1381 mediocri
695 1340 879 1394 quidem,
910 1341 1083 1394 iudices,
1115 1340 1291 1381 deorum
1320 1340 1491 1382 immor-

148 1399 303 1440 talium
341 1412 443 1439 cura
480 1413 547 1439 res
585 1399 661 1438 illa
697 1398 898 1451 perfecta.
966 1398 1215 1453 Religiones
1250 1399 1491 1440 mehercule

147 1458 285 1512 ipsae,
319 1471 426 1510 quae
459 1456 580 1497 illam
611 1457 783 1497 beluam
815 1457 963 1498 cadere
996 1457 1212 1511 viderunt,
1251 1472 1490 1499 commosse

148 1530 193 1557 se
226 1515 424 1556 videntur
457 1517 500 1556 et
530 1515 596 1555 ius
629 1515 673 1555 in
704 1515 779 1556 illo
813 1530 937 1556 suum
970 1515 1208 1557 retinuisse.
1259 1515 1351 1557 Vos
1377 1516 1492 1557 enim

149 1574 253 1627 iam,
285 1573 446 1614 Albani
478 1573 634 1614 tumuli
666 1575 794 1627 atque
826 1574 930 1627 luci,
961 1588 1055 1628 vos,
1086 1574 1275 1628 inquam,
1306 1574 1491 1629 imploro
1511 1591 1546 1618 2⁶

149 1635 279 1686 atque
319 1632 533 1686 obtestor,
570 1646 750 1686 vosque,
788 1632 1058 1673 Albanorum
1089 1633 1268 1674 obrutae
1300 1647 1398 1674 arae
1429 1647 1492 1674 sa-

150 1705 322 1733 crorum
359 1690 511 1745 populi
548 1689 735 1731 Romani
775 1690 913 1732 sociae
953 1694 996 1732 et
1027 1691 1243 1745 aequales,
1282 1705 1387 1745 quas
1418 1691 1492 1733 ille

148 1762 354 1804 praeceps
378 1749 567 1790 amentia
587 1749 722 1790 caesis
742 1749 1057 1803 prostratisque
1079 1749 1363 1791 sanctissimis
1384 1749 1492 1791 lucis

150 1807 523 1849 substructionum
564 1807 726 1848 insanis
765 1807 952 1849 molibus
991 1810 1281 1862 oppresserat3
1323 1810 1491 1849 vestrae

149 1869 244 1907 tum
294 1866 400 1920 irae,
450 1868 618 1907 vestrae
668 1865 899 1921 religiones
942 1866 1190 1921 viguerunt,
1240 1869 1384 1907 vestra
1427 1866 1490 1908 vis
1511 1884 1545 1910 so

149 1924 299 1978 valuit,
332 1938 462 1978 quam
487 1924 560 1965 ille
589 1924 706 1965 omni
733 1924 890 1965 scelere
917 1924 1150 1978 polluerat3
1181 1927 1313 1978 tuque
1340 1939 1391 1966 ex
1416 1927 1492 1966 tuo

150 1983 266 2024 edito
297 1985 457 2036 monte,
488 1981 676 2023 Latiaris
704 1985 850 2023 sancte
877 1981 1084 2037 Iuppiter,
1116 1982 1236 2024 cuius
1262 1983 1335 2024 ille
1361 1983 1493 2036 lacus,

149 2055 328 2082 nemora
358 2041 551 2095 finesque
585 2055 710 2095 saepe
744 2040 859 2082 omni
892 2040 1058 2082 nefario
1085 2043 1236 2095 stupro
1263 2043 1306 2082 et
1332 2041 1490 2082 scelere

150 2099 400 2153 macularat,
432 2099 662 2153 aliquando
695 2099 746 2139 ad
779 2113 876 2139 eum
907 2099 1192 2152 poeniendum
1224 2099 1369 2140 oculos
1396 2112 1491 2152 ape-

150 2157 296 2211 ruisti3
339 2157 462 2198 vobis
501 2157 620 2211 illae,
664 2156 787 2198 vobis
826 2160 970 2198 vestro
1008 2157 1054 2198 in
1091 2159 1323 2211 conspectu
1360 2170 1543 2209 serae,3⁵

91 2221 136 2251 86
151 2215 224 2254 sed
251 2215 390 2256 iustae
416 2218 562 2256 tamen
588 2218 632 2256 et
657 2215 826 2256 debitae
852 2229 1014 2269 poenae
1041 2215 1207 2256 solutae
1233 2216 1345 2255 sunt.
1393 2213 1492 2255 Nisi

150 2271 262 2313 forte
300 2273 383 2314 hoc
421 2274 554 2314 etiam
592 2287 694 2315 casu
730 2272 893 2314 factum
930 2287 1023 2314 esse
1062 2273 1269 2322 dicemus,
1305 2274 1354 2312 ut
1392 2275 1491 2314 ante
