1671 2543
242 109 325 150 192
622 110 672 144 IN
698 109 737 144 L.
763 109 975 144 PISONEM
1000 109 1191 144 ORATIO.

241 218 369 271 atque
402 217 539 258 amori
571 231 738 270 semper
770 216 935 271 dilexit,
967 231 1134 271 semper
1166 231 1243 258 sua
1274 216 1574 259 coniunctione

238 276 541 331 dignissimum
572 275 794 328 iudicavit,
830 278 996 329 semper
1026 290 1114 317 non
1145 276 1271 317 modo
1303 275 1574 329 incolumem,

241 335 314 375 sed
364 335 495 375 etiam
542 333 855 387 amplissimum
899 336 1027 387 atque
1072 334 1396 375 ornatissimum
1438 334 1575 376 voluit

241 407 344 434 6886.
395 393 576 434 Vestrae
607 392 796 446 fraudes,
827 395 1018 433 vestrum
1051 393 1206 447 scelus,
1238 396 1404 434 vestrae
1437 392 1575 434 crimi-

239 451 437 492 nationes
464 451 716 492 insidiarum
741 465 944 505 mearum,
969 451 1084 492 illius
1105 451 1391 505 periculorum
1412 451 1574 492 nefarie
1610 468 1627 494 5

240 510 378 564 fictae,
411 510 538 550 simul
571 524 729 563 eorum,
762 509 835 563 qui
863 509 1174 551 familiaritatis
1201 510 1376 551 licentia
1400 524 1575 551 suorum

240 568 661 622 improbissimorum
682 582 926 609 sermonum
946 568 1210 610 domicilium
1230 569 1275 610 in
1294 568 1468 610 auribus
1484 568 1574 609 eius

240 627 429 679 impulsu
455 629 599 667 vestro
627 626 891 668 collocarant
917 628 1101 679 [vestrae
1128 627 1385 682 cupiditates
1406 627 1576 681 provin-

241 686 404 727 ciarum
441 685 706 738 effecerunt],
739 688 789 726 ut
820 699 900 740 ego
933 686 1177 728 excluderer
1215 700 1464 740 omnesque,
1502 685 1575 739 qui

241 759 320 797 me,
354 743 425 798 qui
457 744 574 785 illius
604 744 802 798 gloriam,
835 744 908 798 qui
933 759 1024 785 rein
1049 745 1267 799 publicam
1294 745 1456 786 salvam
1482 758 1574 785 esse
1595 763 1628 787 ιο

183 806 225 836 ’77
243 802 484 857 cupiebant,
516 817 710 843 sermone
741 805 868 857 atque
896 803 1011 844 aditu
1037 804 1387 857 prohiberentur3
1420 803 1575 857 quibus

242 862 368 902 rebus
408 864 474 902 est
510 860 764 915 perfectum,
800 864 850 902 ut
892 861 956 902 illi
993 862 1118 915 plane
1156 876 1232 903 suo
1271 868 1383 903 stare
1418 861 1575 903 iudicio

242 934 329 961 non
366 920 533 973 liceret,
572 935 669 961 cum
707 921 813 961 certi
850 920 1044 961 homines
1082 935 1168 962 non
1205 921 1395 961 studium
1430 920 1519 960 eius
1552 934 1577 960 a

154 974 227 1017 (77)
244 993 310 1019 me
343 978 614 1032 alienassent,
646 979 720 1020 sed
752 978 957 1020 auxilium
988 979 1290 1020 retardassent.
1344 978 1497 1020 Nonne
1524 978 1576 1019 ad

242 1040 284 1078 te
316 1036 363 1078 L.
395 1036 617 1091 Lentulus,
650 1037 723 1091 qui
755 1040 848 1079 tum
880 1040 972 1078 erat
1002 1040 1186 1092 praetor,
1220 1052 1308 1079 non
1340 1037 1388 1086 Q.
1421 1035 1575 1092 Sanga,
1596 1055 1628 1081 15

241 1110 326 1137 non
358 1095 405 1137 L.
437 1096 681 1149 Torquatus
713 1099 847 1150 pater,
878 1111 964 1137 non
996 1095 1052 1137 M.
1084 1096 1288 1137 Lucullus
1319 1095 1467 1137 venit?
1503 1095 1576 1149 qui

243 1169 390 1195 omnes
423 1155 474 1195 ad
504 1169 601 1195 eum
627 1155 836 1208 multique
864 1156 1067 1196 mortales
1095 1158 1264 1196 oratum
1289 1155 1334 1195 in
1359 1154 1577 1195 Albanum

243 1214 598 1266 obsecratumque
624 1216 841 1267 venerant,
866 1216 916 1254 ut
940 1228 992 1254 ne
1013 1228 1128 1254 meas
1147 1213 1343 1255 fortunas
1363 1213 1577 1254 desereret

243 1286 340 1313 cum
378 1271 439 1312 rei
473 1271 669 1324 publicae
702 1272 840 1312 salute
874 1272 1134 1313 coniunctas.
1198 1271 1314 1320 Quos
1345 1271 1417 1312 ille
1449 1271 1501 1311 ad
1532 1273 1575 1311 te

243 1333 286 1370 et
330 1330 382 1370 ad
425 1332 548 1370 tuum
587 1330 798 1384 collegam
835 1330 1019 1383 remisit,
1061 1333 1110 1370 ut
1148 1344 1320 1371 causam
1357 1329 1575 1383 publicam
1595 1349 1629 1374 20

243 1388 551 1442 susciperetis[,
575 1391 625 1428 ut
645 1388 696 1429 ad
718 1391 913 1429 senatum
933 1388 1186 1443 referretis];
1207 1403 1251 1429 se
1272 1391 1421 1429 contra
1442 1403 1577 1429 arma-

244 1449 337 1487 tum
363 1447 585 1487 tribunum
611 1447 667 1500 pl.
696 1447 785 1487 sine
810 1446 983 1501 publico
1005 1447 1184 1488 consilio
1209 1447 1425 1488 decertare
1444 1446 1578 1500 nolle3

245 1505 491 1546 consulibus
531 1520 582 1546 ex
617 1508 791 1546 senatus
830 1505 1026 1547 consulto
1066 1520 1156 1546 rem
1188 1505 1406 1559 publicam
1438 1505 1577 1546 defen-

187 1571 230 1602 '78
245 1564 444 1604 dentibus
479 1578 522 1604 se
556 1578 674 1604 arma
706 1566 989 1618 sumpturum.
1038 1563 1218 1618 Ecquid,
1250 1563 1410 1617 infelix,
1441 1578 1578 1605 recor-

245 1622 376 1676 daris,
421 1622 522 1676 quid
559 1623 858 1676 responderis?
902 1622 947 1663 in
985 1637 1067 1676 quo
1105 1623 1171 1663 illi
1209 1637 1355 1664 omnes
1395 1623 1577 1676 quidem,
1597 1639 1630 1666 25

246 1681 318 1722 sed
362 1681 607 1735 Torquatus
656 1683 828 1735 praeter
877 1683 1041 1722 ceteros
1091 1680 1262 1722 furebat
1308 1681 1579 1722 contumacia

245 1739 439 1793 responsi
465 1739 548 1780 tui:
581 1739 638 1780 ete
664 1754 751 1781 non
777 1754 868 1780 esse
895 1742 985 1780 tam
1010 1739 1180 1794 fortem,
1208 1754 1335 1794 quam
1360 1739 1452 1794 ipse
1478 1739 1579 1780 Tor-

246 1801 401 1852 quatus
440 1798 485 1839 in
523 1798 749 1839 consulatu
780 1797 934 1839 fuisset
966 1801 1041 1839 aut
1073 1812 1171 1854 ego3
1208 1798 1317 1839 nihil
1349 1813 1455 1852 opus
1487 1812 1578 1839 esse

246 1857 389 1911 armis,
408 1856 517 1898 nihil
538 1857 830 1911 contentione3
849 1872 916 1898 me
935 1871 1062 1911 posse
1082 1872 1173 1898 rem
1191 1857 1409 1911 publicam
1422 1857 1579 1898 iterum

247 1929 427 1970 servare,
460 1916 497 1956 si
530 1916 782 1969 cessissem,
806 1915 1020 1956 infinitam
1054 1916 1225 1957 caedem
1256 1915 1358 1969 fore,
1391 1915 1427 1957 si
1458 1915 1579 1956 resti·
1597 1933 1632 1958 30

246 1974 407 2015 tissem.
451 1973 616 2015 Deinde
643 1974 695 2015 ad
722 1976 960 2015 extremum
984 1989 1121 2028 neque
1148 1988 1192 2015 se
1217 1988 1354 2028 neque
1375 1987 1579 2028 generum

245 2047 381 2086 neque
415 2032 627 2088 collegam
660 2048 784 2074 suum
810 2033 985 2074 tribuno
1014 2033 1070 2087 pl.
1097 2031 1370 2073 defuturum.⁹
1421 2031 1504 2073 Hic
1530 2034 1579 2072 tu

245 2091 385 2132 hostis
434 2105 482 2132 ac
524 2091 720 2145 proditor
771 2091 866 2132 aliis
906 2105 973 2133 me
1011 2091 1293 2133 inimiciorem
1332 2105 1459 2144 quam
1496 2089 1579 2131 tibi

248 2149 399 2190 debere
438 2164 530 2191 esse
568 2150 703 2191 dicis?
764 2149 860 2204 Ego
895 2149 939 2191 C.
972 2148 1199 2191 Caesarem
1232 2162 1319 2190 non
1350 2148 1496 2189 eadem
1527 2148 1577 2189 de

247 2221 291 2247 re
328 2208 502 2261 publica
540 2208 724 2250 sensisse
763 2222 870 2262 quae
908 2222 975 2249 me
1014 2208 1120 2263 sci03
1158 2207 1231 2248 sed
1268 2210 1428 2259 tamen,
1466 2207 1578 2260 quod
1597 2223 1632 2250 35

247 2265 333 2305 iam
378 2266 427 2307 de
472 2281 520 2307 eo
564 2266 632 2308 his
678 2266 950 2308 audientibus
989 2280 1113 2320 saepe
1151 2265 1255 2318 dixi,
1299 2279 1366 2306 me
1403 2265 1475 2306 ille
1513 2265 1580 2307 sui

247 2323 381 2364 totius
416 2324 663 2366 consulatus
697 2339 927 2378 eorumque
959 2325 1183 2378 honorum,
1219 2337 1326 2377 quos
1357 2338 1454 2366 cum
1482 2338 1580 2378 pro-

176 2131 231 2172 32
