1671 2543
197 89 283 131 484
354 89 402 124 IN
430 90 478 125 M.
504 88 763 124 ANTONIUM
790 88 966 124 ORATIO
994 89 1263 125 PHILIPPICA
1289 89 1384 125 VIII.

197 198 266 239 sit
315 198 664 253 septemviris,
721 197 851 251 quod
904 197 1147 253 egissent.
1228 196 1398 239 Nucula
1443 197 1540 251 hoc,

197 257 340 310 credo,
391 257 631 310 admonuit,
686 256 912 297 verebatur
961 256 1166 309 fortasse,
1215 270 1268 297 ne
1318 257 1539 298 amitteret

195 319 340 357 tantas
371 316 603 358 clientelas.
659 313 838 357 Caveri
871 315 1000 356 etiam
1027 315 1118 356 volt
1144 315 1226 367 iis,
1259 315 1344 369 qui
1371 329 1538 357 secum

195 374 317 429 sint,
356 374 598 429 quicquid
638 377 819 415 contra
850 373 990 429 leges
1023 373 1386 415 commiserint.
1448 373 1538 415 Mu·

137 444 181 476 27
196 434 329 475 stelae
368 437 412 475 et
443 432 590 474 Tironi
628 432 855 486 prospicit,
893 432 943 473 de
982 447 1026 473 se
1063 432 1171 473 nihil
1210 432 1398 487 laborat,
1436 433 1538 486 quid
1575 449 1592 475 5

195 492 307 534 enim
335 492 553 533 commisit
577 492 811 545 umquam?
843 505 944 532 num
972 494 1046 532 aut
1072 491 1296 545 pecuniam
1321 491 1539 546 publicam

196 551 345 606 attigit
384 554 459 592 aut
496 551 714 591 hominem
748 549 905 591 occidit
937 553 1011 591 aut
1044 565 1186 591 secum
1220 550 1373 591 habuit
1405 565 1539 591 arma-

194 610 293 651 tos?
357 608 439 651 Sed
477 609 579 672 quid
618 612 701 662 est,
742 609 853 663 quod
891 609 942 650 de
979 609 1031 650 iis
1073 609 1270 650 laboret?
1337 608 1539 650 Postulat

194 669 325 722 enim,
374 682 433 709 ne
484 682 573 709 sua
622 667 897 708 iudiciaria
945 667 1025 709 lex
1076 668 1367 723 abrogetur.
1443 667 1537 717 Quo

192 727 426 782 impetrato
455 727 555 781 quid
582 730 648 768 est
675 726 787 780 quod
814 726 1006 767 metuat?
1033 741 1086 767 an
1111 741 1163 767 ne
1185 740 1360 768 suorum
1381 726 1538 780 aliquis
1559 743 1592 769 10

193 801 219 827 a
251 785 386 840 Cyda,
418 785 619 840 Lysiade,
652 784 781 827 Curio
814 785 1149 826 condemnetur?
1210 784 1362 840 Neque
1394 788 1540 827 tamen

192 859 271 886 nos
310 848 437 900 urget
476 845 689 885 mandatis
727 844 942 898 pluribus3
978 844 1163 885 remittit
1195 844 1464 898 aliquantum
1497 847 1540 885 et

192 903 368 944 relaxat.
449 901 734 957 ‘Galliam’,
793 903 950 956 inquit,
1006 901 1260 958 ‘togatam
1310 903 1539 956 remitto,

193 964 441 1004 comatam
484 960 709 1016 postulo’
760 960 944 1016 (otiosus
987 961 1185 1003 videlicet
1223 975 1315 1003 esse
1354 959 1537 1018 mavult)

192 1020 321 1062 ‘cum
364 1036 449 1062 sex
490 1019 827 1076 legionibus',
865 1020 1022 1075 inquit,
1060 1019 1247 1074 ‘iisque
1279 1021 1537 1074 suppletis
1560 1037 1592 1063 15

192 1094 249 1121 ex
286 1079 338 1121 D.
378 1079 527 1121 Bruti
566 1078 838 1132 exercitu',
875 1093 961 1120 non
999 1079 1125 1120 modo
1164 1093 1215 1120 ex
1252 1079 1410 1121 dilectu
1449 1093 1539 1133 suo,

193 1139 489 1192 tamdiuque
551 1141 606 1179 ut
662 1138 912 1192 optineat,
974 1138 1085 1179 dum
1142 1136 1197 1178 M.
1247 1137 1437 1180 Brutus
1494 1136 1539 1180 C.

193 1196 403 1240 Cassius
442 1197 680 1238 consules
716 1210 869 1251 prove
903 1196 1203 1238 consulibus
1241 1197 1538 1250 provincias

194 1256 515 1310 optinebunt.
547 1256 687 1296 Huius
702 1255 889 1296 comitiis
906 1254 1037 1296 Gaius
1056 1255 1190 1296 frater
1208 1253 1316 1310 (eius
1337 1258 1403 1296 est
1424 1255 1537 1296 enim

135 1326 179 1357 28
195 1313 346 1368 annus)
386 1314 472 1354 iam
503 1314 719 1367 repulsam
751 1314 865 1354 tulit.
929 1313 1063 1367 ‘Ipse
1103 1316 1269 1354 autem
1307 1317 1363 1354 ut
1395 1313 1537 1367 quin·
1557 1330 1591 1354 90

194 1371 510 1427 quennium',
541 1372 694 1426 inquit,
728 1372 1036 1425 ‘optineam’
1093 1372 1153 1412 At
1185 1372 1299 1413 istud
1327 1374 1443 1413 vetat
1469 1372 1535 1413 lex

195 1431 409 1485 Caesaris,
441 1434 484 1472 et
515 1433 564 1471 tu
596 1433 691 1472 acta
724 1430 918 1472 Caesaris
951 1429 1152 1471 defendis.

127 1489 180 1531 10
282 1489 400 1531 Haec
443 1492 491 1531 tu
535 1489 754 1543 mandata,
797 1488 843 1530 L.
882 1488 1000 1542 Piso,
1045 1492 1087 1529 et
1131 1492 1195 1542 tu,
1240 1487 1285 1529 L.
1325 1488 1538 1544 Philippe,

194 1548 409 1602 principes
430 1548 631 1601 civitatis,
655 1562 741 1589 non
765 1547 858 1589 dico
880 1548 1023 1588 animo
1044 1547 1166 1601 ferre,
1192 1561 1340 1588 verum
1361 1548 1536 1589 auribus

195 1608 386 1661 accipere
435 1606 671 1661 potuistis?
752 1605 852 1659 Sed,
900 1609 949 1646 ut
1000 1606 1211 1660 suspicor,
1261 1609 1400 1648 terror
1444 1609 1536 1648 erat
1556 1622 1591 1648 25

195 1666 386 1720 quidam,
423 1680 501 1707 nec
538 1679 615 1707 vos
653 1668 701 1706 ut
738 1664 871 1720 legati
904 1665 1014 1719 apud
1047 1665 1169 1706 illum
1201 1664 1346 1706 fuistis
1378 1679 1456 1706 nec
1487 1668 1537 1706 ut

195 1725 462 1779 consulares,
499 1739 578 1766 nec
614 1738 691 1765 vos
729 1727 916 1765 vestram
953 1737 1031 1765 nec
1068 1723 1129 1765 rei
1167 1724 1362 1777 publicae
1401 1723 1537 1779 digm‘·

195 1787 331 1825 tatem
369 1786 514 1825 tenere
551 1782 769 1837 potuistis.
836 1782 896 1823 Et
933 1784 1078 1823 tamen
1115 1782 1258 1824 nescio
1292 1796 1376 1836 quo
1406 1785 1534 1837 pacto

196 1842 408 1896 sapientia
443 1841 644 1896 quadam,
681 1841 823 1895 credo,
856 1840 967 1895 quod
1001 1854 1079 1896 ego
1111 1855 1197 1882 non
1228 1854 1417 1894 possem,
1448 1855 1536 1882 non

194 1901 323 1942 nimis
379 1901 479 1942 irati
535 1899 786 1941 revertistis.
865 1899 1003 1940 Vobis
1053 1898 1109 1940 M.
1159 1899 1376 1941 Antonius
1425 1899 1533 1940 nihil
1555 1914 1589 1940 30

195 1960 350 2001 tribuit
394 1959 644 2001 clarissimis
682 1958 786 2000 viris
829 1957 984 2013 legatis
1022 1958 1171 2012 populi
1208 1957 1412 2012 Romani3
1455 1972 1534 2000 nos

196 2019 297 2072 quid
322 2032 410 2060 non
434 2018 579 2073 legato
606 2016 663 2058 M.
689 2016 853 2058 Antoni
879 2016 1058 2071 Cotylae
1086 2016 1405 2058 concessimus?
1454 2015 1534 2059 Cui

195 2079 344 2130 portas
392 2077 520 2118 huius
563 2076 682 2117 urbis
724 2078 869 2129 patere
913 2075 979 2116 ius
1022 2089 1123 2127 non·
1153 2077 1261 2128 erat,
1309 2075 1410 2117 huic
1452 2074 1534 2116 hoc

196 2136 406 2189 templum
455 2135 614 2189 patuit,
662 2134 761 2176 huic
806 2134 946 2175 aditus
987 2133 1032 2175 in
1075 2137 1271 2175 senatum
1314 2133 1415 2186 fuit,
1463 2132 1533 2174 hic

196 2193 398 2235 hesterno
431 2194 498 2235 die
531 2193 765 2235 sententias
797 2195 961 2234 vestras
992 2192 1038 2233 in
1069 2192 1288 2234 codicillos
1321 2193 1364 2232 et
1389 2191 1533 2232 omnia
1552 2207 1586 2233 35

197 2252 327 2293 verba
358 2252 589 2305 referebat,
621 2252 719 2293 huic
751 2265 794 2293 se
827 2251 957 2292 etiam
988 2251 1166 2293 summis
1197 2249 1432 2292 honoribus
1464 2250 1532 2291 usi

140 2321 184 2352 29
200 2314 348 2351 contra
375 2325 496 2352 suam
516 2310 771 2365 dignitatem
791 2310 1079 2351 venditabant.
1136 2308 1171 2351 Ο
1193 2309 1235 2350 di
1255 2307 1532 2360 immortales,
