1671 2543
86 700 121 724 10

84 994 118 1019 15

83 1288 118 1313 20

565 50 666 86 CAP.
693 55 831 85 26-‘28
858 55 876 93 ς
903 55 1052 86 57—61.
1418 52 1472 92 27

138 160 378 213 societatis,
417 159 529 213 quod
569 159 698 200 armis
736 159 937 212 violarat,
975 159 1019 201 id
1050 159 1249 214 precibus
1282 162 1348 200 est
1381 174 1477 201 con-

139 221 331 271 seeutus3
365 218 437 259 ille
469 217 652 272 Cyprius
685 217 826 271 miser,
859 218 932 272 qui
965 233 1131 273 semper
1163 218 1338 272 amicus,
1371 232 1476 259 sem-

138 292 215 332 per
247 277 387 318 socius
418 276 513 330 fuit,
545 276 595 317 de
628 291 712 330 quo
741 277 860 317 nulla
885 291 1089 331 umquam
1115 276 1303 331 suspicio
1330 277 1477 317 durior

139 339 214 377 aut
246 336 299 377 ad
331 338 527 376 senatum
555 337 629 376 aut
656 335 708 376 ad
734 335 1014 389 imperatores
1042 335 1174 376 allata
1198 337 1371 377 nostros
1398 338 1477 388 est,

139 395 278 449 vivus,
315 396 365 435 ut
403 394 540 448 aiunt,
569 396 643 434 'est
680 396 723 434 et
760 394 906 435 videns
945 409 1041 435 cum
1078 394 1196 436 victu
1235 408 1283 434 ac
1314 393 1477 435 vestitu

139 467 216 494 suo
254 452 512 507 publicatus.
567 451 667 505 Em,
706 467 780 493 cur
822 453 951 494 ceteri
990 466 1112 508 reges
1151 453 1353 494 stabilem
1384 467 1475 493 esse

139 526 260 552 suam
303 510 521 552 fortunam
566 511 848 565 arbitrentur,
892 526 988 553 cum
1029 511 1112 553 hoc
1155 511 1272 552 illius
1314 511 1476 552 funesti

139 570 239 611 anni
276 569 448 624 prodito
488 569 681 624 exemplo
722 570 896 611 videant
926 585 1002 624 per
1033 570 1256 611 tribunum
1288 570 1476 624 aliquem

139 632 182 670 et
214 631 430 670 sescentas
465 642 616 682 operas
643 643 687 669 se
713 628 899 670 fortunis
928 628 1105 683 spoliari
1130 632 1173 670 et
1199 642 1331 683 regno
1359 628 1476 670 omni

139 702 266 742 posse
297 686 467 728 nudari!

225 746 286 787 At
315 745 446 786 etiam
472 760 521 787 eo
546 745 723 800 negotio
750 745 807 788 M.
834 745 1012 788 Catonis
1039 745 1311 801 splendorem
1336 760 1476 787 macu—

136 804 225 846 lare
263 804 491 846 voluerunt
522 804 681 859 ignari,
720 805 820 858 quid
853 805 1063 860 gravitas,
1102 805 1204 859 quid
1234 804 1476 860 integritas,

138 863 239 917 quid
279 863 532 918 magnitudo
572 862 720 916 animi,
767 863 870 917 quid
907 864 1087 918 denique
1125 864 1263 904 virtus
1302 863 1476 917 valeret,

138 936 247 975 quae
278 922 324 962 in
355 924 614 975 tempestate
647 935 774 962 saeva
806 922 952 976 quieta
984 924 1050 963 est
1082 924 1125 963 et
1150 922 1265 963 lucet
1289 921 1335 963 in
1359 924 1475 962 tene-

137 980 229 1021 bris
255 982 299 1021 et
323 980 449 1034 pulsa
473 980 568 1021 loeo
595 983 740 1021 manet
766 983 911 1021 tamen
936 983 1064 1035 atque
1090 979 1240 1021 haeret
1264 980 1310 1021 in
1334 980 1478 1035 patria

138 1039 417 1093 splendetque
460 1053 537 1092 per
574 1053 664 1079 sese
704 1053 871 1093 semper
906 1053 1044 1093 neque
1083 1039 1233 1080 alienis
1270 1053 1477 1093 umquam

138 1097 336 1138 sordibus
370 1097 614 1138 obsolescit.
670 1096 771 1138 Non
801 1097 866 1138 illi
898 1098 1135 1139 ornandum
1166 1096 1223 1139 M.
1254 1096 1476 1151 Catonem,

138 1156 212 1197 sed
237 1155 526 1210 relegandum,
551 1170 630 1197 nec
651 1155 716 1196 illi
737 1156 1094 1197 committendum
1113 1156 1220 1196 illud
1238 1156 1476 1211 negotium,

137 1215 210 1256 sed
250 1214 542 1268 inponendum
578 1217 856 1269 putaverimt,
901 1214 974 1268 qui
1011 1214 1057 1255 in
1094 1214 1293 1256 contione
1330 1214 1476 1268 palam

137 1273 321 1314 dixerint
351 1272 545 1327 linguam
578 1287 622 1314 se
654 1273 848 1314 evellisse
880 1272 936 1314 M.
967 1272 1135 1327 Catoni,
1168 1287 1275 1327 quae
1308 1287 1477 1327 semper

136 1334 288 1373 contra
322 1331 681 1372 extraordinarias
714 1334 954 1386 potestates
987 1332 1123 1373 libera
1152 1332 1318 1372 fuisset.
1376 1331 1476 1373 Sen-

136 1390 259 1444 tient,
283 1393 334 1431 ut
360 1404 496 1444 spero,
522 1390 641 1431 brevi
667 1393 860 1444 tempore
887 1405 1058 1431 manere
1084 1390 1332 1431 libertatem
1354 1390 1477 1431 illam

137 1451 266 1503 atque
293 1448 376 1490 hoc
402 1448 545 1503 etiam,
578 1449 614 1489 si
639 1449 733 1489 fieri
757 1449 962 1503 potuerit,
994 1463 1085 1490 esse
1112 1449 1330 1503 maiorem,
1363 1449 1477 1503 quod

138 1522 235 1549 cum
273 1507 519 1548 consulibus
552 1507 638 1548 illis
672 1506 728 1548 M.
756 1507 882 1562 Cato,
921 1508 1053 1548 etiam
1085 1522 1181 1548 cum
1213 1507 1301 1548 iam
1333 1508 1478 1561 despe-

106 1581 116 1585 ·
138 1568 278 1607 rasset
304 1565 466 1619 aliquid
492 1565 750 1607 auctoritate
778 1581 854 1607 sua
873 1566 1025 1621 profici
1044 1581 1182 1620 posse,
1208 1569 1353 1607 tamen
1373 1580 1477 1607 voce

137 1624 234 1678 ipsa
270 1638 319 1665 ac
356 1624 502 1665 dolore
534 1625 743 1679 pugnavit
775 1628 818 1665 et
848 1627 949 1679 post
980 1639 1123 1665 meum
1154 1624 1390 1666 discessum
1421 1624 1475 1665 iis

138 1682 340 1724 Pisonem
382 1682 525 1723 verbis
569 1682 676 1724 flens
720 1697 863 1724 meum
907 1686 950 1723 et
993 1683 1055 1723 rei
1092 1683 1289 1737 publicae
1328 1697 1476 1724 casum

138 1740 326 1793 vexavit,
368 1742 418 1781 ut
454 1740 578 1781 illum
613 1740 833 1782 hominem
870 1741 1210 1795 perditissimum
1249 1744 1378 1795 atque
1415 1741 1477 1782 in·

138 1798 499 1854 pudentissimum
530 1813 662 1852 paene
694 1799 779 1840 iam
811 1799 1055 1854 provinciae
1087 1800 1338 1853 paeniteret.
1390 1798 1476 1841 Cur
1490 1813 1534 1844 61

87 1872 122 1898 30
140 1858 275 1912 igitur
306 1856 525 1912 rogationi
555 1857 730 1911 paruit‘?
788 1857 920 1907 Quasi
951 1872 1051 1899 vero
1082 1858 1156 1898 ille
1186 1872 1275 1898 non
1298 1857 1345 1899 in
1370 1857 1476 1899 alias

142 1930 310 1970 quoque
341 1915 471 1970 leges,
507 1929 611 1968 quas
643 1915 802 1957 iniuste
833 1918 1008 1971 rogatas
1041 1918 1227 1970 putaret,
1257 1916 1345 1956 iam
1377 1918 1476 1957 ante

141 1974 311 2015 iurarit!
362 1972 463 2015 Non
489 1973 614 2014 offert
640 1988 684 2014 se
709 1974 781 2015 ille
808 1974 904 2015 istis
931 1974 1264 2027 temeritatibus,
1292 1976 1353 2029 ut,
1380 1989 1477 2016 cum

141 2032 203 2073 rei
233 2032 429 2087 publicae
460 2032 569 2073 nihil
600 2032 750 2086 prosit,
784 2047 827 2074 se
859 2032 942 2074 civi
967 2047 1057 2074 rem
1082 2032 1300 2086 publicam
1324 2033 1477 2087 privet.

143 2090 328 2133 Consule
371 2104 439 2132 me
477 2105 573 2132 cum
612 2093 725 2132 esset
764 2091 1012 2146 designatus
1051 2091 1249 2132 tribunus
1287 2091 1361 2146 pl.,
1405 2092 1478 2133 ob-

89 2164 123 2190 35
143 2149 245 2190 tulit
275 2150 317 2190 in
352 2149 581 2191 discrimen
612 2148 746 2190 vitam
779 2164 917 2204 suam3
950 2150 1058 2190 dixit
1087 2163 1180 2191 eam
1206 2150 1477 2204 sententiam,

143 2208 262 2249 cuius
294 2208 500 2249 invidiam
532 2207 686 2261 capitis
714 2208 903 2262 periculo
931 2208 1014 2249 sibi
1039 2208 1342 2262 praestandam
1367 2209 1478 2250 vide-

143 2266 238 2321 bat3
275 2266 384 2307 dixit
420 2265 710 2321 vehementer,
749 2266 840 2323 egit
877 2267 1050 2320 acriter,
1088 2281 1154 2321 ea,
1192 2281 1299 2321 quae
1331 2267 1478 2321 sensit,

1490 724 1546 766 28

1490 785 1535 815 60
