1671 2543
152 99 237 141 342
524 97 616 133 PRO
643 97 682 139 Q.
708 96 904 132 LIGARIO
931 95 1119 132 ORATIO.

152 206 406 261 Corfidium,
444 205 523 247 hos
563 220 709 246 omnes
749 205 914 259 equites
953 204 1189 259 Romanos,
1228 206 1302 260 qui
1342 205 1498 247 adsunt

152 268 270 308 veste
303 267 482 318 mutata,
514 279 601 306 non
627 264 767 305 solum
792 266 919 305 notos
946 264 1040 318 tibi,
1071 278 1219 305 verum
1246 264 1377 306 etiam
1402 278 1497 318 pro-

152 325 278 366 batos
318 324 450 378 viros,
493 323 564 377 qui
603 325 746 364 tecum
784 322 988 364 fuerunt?
1055 322 1200 376 Atque
1237 321 1305 364 his
1344 323 1497 365 irasce-

151 383 322 437 bamur,
359 383 439 423 hos
472 381 812 436 1·equirebamus,
844 381 911 422 his
943 395 1030 422 non
1060 381 1169 422 1111111
1201 381 1334 423 etiam
1365 381 1497 423 mina-

151 442 314 483 bamur.
354 440 571 483 Conserva
597 440 732 496 igitur
756 440 843 481 tuis
871 454 983 494 suos,
1009 442 1069 494 ut,
1096 454 1223 494 quem
1249 440 1301 482 ad
1320 440 1496 482 modum
1533 456 1550 482 ο

86 528 137 570 12
152 503 306 555 cetera,
333 514 440 554 quae
462 500 578 541 dicta
599 502 700 540 sunt
720 514 745 540 a
764 502 819 553 te,
840 499 900 540 sic
919 498 1002 540 hoc
1022 498 1294 540 verissimum
1314 499 1497 554 reperia-

93 588 137 620 34
151 562 233 600 tur.
310 558 471 607 Quodsi
520 558 693 612 penitus
742 557 984 612 perspicere
1028 571 1177 611 posses
1223 558 1496 599 concordiam

151 617 438 673 Ligariorum,
470 631 616 658 omnes
642 616 809 658 fratres
826 619 969 658 tecum
994 616 1206 658 iudicares
1232 616 1376 658 fuisse.
1425 616 1497 658 An

152 679 297 731 potest
342 676 570 730 quisquam
615 675 829 728 dubitare,
874 676 994 729 quin,
1038 675 1074 716 si
1120 675 1168 724 Q.
1205 674 1408 731 Ligarius
1451 675 1496 717 111

150 734 281 776 Italia
308 749 399 776 esse
425 734 653 788 potuisset,
678 735 723 775 in
750 734 896 775 eadem
924 734 1139 775 sententia
1159 733 1292 775 fuerit
1311 733 1496 788 futurus,
1516 750 1551 776 ιο

151 794 196 835 111
228 808 312 848 qua
343 793 500 835 fratres
532 792 736 834 fuerunt?
788 792 892 842 Quis
926 795 1003 846 est,
1036 792 1108 847 qui
1139 792 1294 834 horum
1324 806 1498 835 consen-

151 866 246 893 sum
286 853 606 906 conspirantem
645 854 687 893 et
724 866 858 906 paene
898 852 1132 893 conflatum
1168 851 1214 892 in
1250 851 1331 894 hac
1362 865 1496 906 prope

152 911 414 965 aequalitate
440 910 640 952 fraterna
658 910 839 965 noverit,
866 910 940 964 qui
965 910 1046 952 1100
1071 924 1159 951 11011
1180 910 1351 964 sentiat,
1379 910 1497 964 quid-

150 969 216 1011 vis
246 970 366 1024 prius
399 969 594 1011 futurum
626 969 771 1024 fuisse,
804 983 933 1023 quam
963 971 1013 1010 ut
1044 969 1089 1010 hi
1121 968 1277 1010 fratres
1305 969 1495 1010 diversas

151 1028 387 1070 sententias
419 1028 702 1082 fortunasque
736 1027 1045 1082 sequerentur?
1096 1026 1334 1069 Voluntate
1361 1027 1496 1083 igitur
1515 1044 1549 1070 ιο

151 1101 299 1129 omnes
332 1090 475 1129 tecum
510 1086 702 1140 fuerunt,
740 1088 1000 1141 tempestate
1033 1086 1237 1140 abreptus
1271 1089 1336 1128 est
1367 1100 1497 1141 unus3

152 1146 224 1199 qui
260 1146 297 1187 si
331 1146 509 1187 consilio
543 1146 586 1186 id
620 1145 810 1198 fecisset,
848 1148 963 1186 esset
995 1159 1142 1186 eorum
1175 1144 1348 1199 similis,
1388 1159 1494 1199 quos

92 1215 135 1247 35
151 1207 199 1245 tu
238 1208 384 1245 tamen
423 1204 565 1245 salvos
605 1218 697 1245 esse
735 1203 924 1245 voluisti.
989 1202 1071 1245 Sed
1105 1203 1205 1244 ierit
1237 1203 1289 1244 ad
1321 1203 1495 1257 bellum,

149 1263 401 1304 dissenserit
432 1277 519 1304 non
551 1277 575 1303 a
607 1265 649 1303 te
683 1263 834 1317 solum,
868 1276 1016 1303 verum
1049 1262 1180 1303 etiam
1212 1276 1237 1302 a
1268 1261 1494 1316 fratribus;

148 1321 194 1361 hi
226 1324 269 1362 te
302 1323 428 1362 orant
460 1321 535 1361 tui.
586 1320 800 1374 Equidem
833 1335 929 1362 cum
962 1320 1049 1361 tuis
1079 1320 1277 1361 omnibus
1303 1319 1491 1375 negotiis
1513 1337 1547 1363 πο

149 1380 421 1431 interessem,
461 1379 667 1420 memoria
703 1382 846 1432 teneo,
885 1378 1024 1432 qualis
1057 1377 1102 1418 T.
1135 1377 1336 1433 Ligarius
1369 1392 1494 1432 quae-

150 1440 241 1479 stor
271 1437 462 1478 urbanus
494 1437 625 1478 fuerit
658 1451 760 1492 erga
792 1439 834 1478 te
868 1440 911 1478 et
944 1436 1201 1492 dignitatem
1228 1440 1359 1478 tuam.
1411 1435 1493 1478 Sed

148 1510 302 1550 parum
343 1498 409 1537 est
447 1510 513 1536 me
552 1496 633 1537 hoc
671 1496 935 1549 meminisse,
980 1509 1105 1550 spero
1145 1495 1276 1536 etiam
1314 1498 1375 1549 te,
1419 1495 1494 1550 qui

150 1554 346 1596 oblivisci
391 1554 500 1595 nihil
545 1554 657 1595 soles
701 1554 783 1595 11181
822 1554 1020 1608 iniurias,
1065 1554 1269 1608 quoniam
1306 1554 1389 1596 hoc
1426 1556 1494 1596 est

149 1613 294 1667 animi,
327 1613 530 1667 quonjam
563 1613 693 1654 etiam
725 1613 887 1667 ingenii
920 1612 995 1665 tui,
1028 1615 1071 1654 te
1099 1612 1261 1666 aliquid
1287 1612 1337 1653 de
1363 1612 1491 1654 huius
1511 1629 1546 1656 25

148 1671 223 1713 illo
259 1671 506 1726 quaestorio
543 1671 686 1713 officio
726 1671 857 1712 etiam
884 1671 934 1712 de
962 1671 1058 1712 aliis
1086 1671 1342 1725 quibusdam
1369 1685 1493 1725 quae-

89 1740 133 1772 36
151 1730 341 1771 storibus
374 1730 721 1772 reminiscentem
749 1730 975 1771 recordari.
1025 1729 1109 1770 Hic
1134 1729 1270 1784 igitur
1295 1729 1340 1770 T.
1367 1728 1493 1784 Liga-

147 1790 249 1843 rius,
276 1789 349 1843 qui
376 1791 470 1831 tum
495 1789 605 1830 nihil
632 1789 723 1843 egit
750 1788 864 1829 aliud
892 1787 1047 1842 (neque
1074 1788 1188 1841 enim
1207 1787 1313 1829 haec
1332 1787 1492 1829 divina·

147 1847 260 1901 bat),
302 1848 387 1889 nisi
430 1849 480 1888 ut
523 1847 587 1888 tui
631 1861 729 1888 011111
774 1847 1014 1888 studiosum
1058 1849 1101 1888 01
1144 1846 1305 1887 bonum
1349 1846 1490 1888 virum

147 1906 375 1956 iudicares,
418 1920 531 1947 nunc
575 1920 600 1946 a
643 1908 686 1946 te
732 1905 911 1959 supplex
953 1904 1101 1946 fratris
1147 1904 1330 1945 salutem
1367 1904 1489 1958 petit.
1509 1921 1544 1947 30

149 1965 287 2013 Quam
312 1964 440 2006 huius
462 1964 707 2005 admonitus
729 1963 870 2005 officio
893 1978 989 2005 cum
1008 1963 1203 2017 utrisque
1223 1962 1291 2004 his
1312 1962 1490 2016 dederis,

148 2026 236 2064 tres
273 2023 430 2064 fratres
471 2023 659 2077 optimos
697 2025 741 2063 et
778 2022 1080 2077 integerrimos
1114 2035 1202 2063 non
1234 2021 1374 2062 solum
1406 2021 1490 2062 sibi

146 2082 263 2135 ipsos
294 2095 432 2136 neque
463 2081 531 2122 his
557 2084 624 2122 tot
650 2095 698 2122 ac
718 2080 879 2122 talibus
906 2080 1008 2121 viris
1033 2094 1172 2134 neque
1197 2079 1322 2121 nobis
1348 2092 1489 2120 neces-

89 2149 130 2178 37
147 2140 271 2181 sariis
303 2140 402 2194 tuis,
435 2140 508 2181 sed
541 2139 671 2180 etiam
703 2139 763 2180 rei
796 2139 992 2192 publicae
1025 2137 1344 2180 condonaveris.
1400 2135 1435 2177 F
1439 2151 1489 2178 ac

145 2198 290 2252 igitur,
318 2198 431 2252 quod
457 2198 507 2239 de
533 2198 706 2239 homine
729 2197 1000 2238 nobilissimo
1021 2199 1065 2238 et
1085 2195 1323 2238 clarissimo
1344 2193 1487 2235 fecisti
1506 2211 1540 2238 ³5

145 2270 280 2309 nuper
311 2256 357 2297 in
389 2256 520 2307 curia,
552 2270 665 2297 nunc
697 2256 809 2297 idem
840 2256 885 2296 in
915 2255 1009 2296 foro
1039 2255 1089 2295 de
1115 2253 1292 2308 optimis
1319 2255 1363 2293 et
1387 2252 1488 2294 111110

146 2313 262 2354 0111111
294 2313 559 2368 frequentiae
592 2313 912 2367 probatissimis
943 2312 1164 2353 fratribus.
1226 2310 1288 2352 Ut
1321 2325 1488 2352 conces-
