1671 2543
471 77 753 114 ADNOTATIO
781 77 981 113 CRITICA.
1279 76 1401 112 XXIX

57 187 287 231 temptissimo
305 189 409 231 atque
428 185 551 229 infimo
571 185 766 228 conferam,
785 185 828 220 de
846 188 879 219 te
891 183 1014 218 Madv.
1028 195 1063 228 p.
1079 188 1158 218 511.
1174 203 1217 208 —-
1232 183 1271 218 P.
1288 187 1343 218 69.
1358 187 1400 217 16

57 238 91 268 te
123 244 193 268 om.
226 232 318 268 dett.
350 231 473 275 codd,
512 232 647 273 Klotz.;
688 232 736 266 ad
766 244 801 276 p.
829 235 954 267 66.11.
984 251 1025 256 -—-
1058 230 1096 266 P.
1125 235 1178 266 69.
1198 234 1242 264 18
1272 230 1401 275 [tuae]

58 280 192 323 Halm„
219 279 342 324 Kays.,
369 279 469 323 quod
491 278 535 312 ‘P
555 290 634 324 sup.
655 278 719 313 lin.
742 290 764 313 a
782 291 829 314 m.
849 280 975 313 vetere
999 277 1143 313 habet’.
1165 299 1207 302 —
1228 277 1267 312 P.
1286 281 1340 312 69.
1358 281 1399 310 19

56 328 123 372 [in
147 327 415 372 adulescentia]
440 326 532 361 Bak.
558 338 592 370 p.
617 330 684 360 213
706 337 758 370 sq.
787 327 824 360 et
850 330 915 360 199
943 326 982 360 et
1006 329 1074 360 205
1101 325 1197 360 auct.
1218 324 1329 368 Kays.
1357 344 1400 348 —

58 374 98 408 Ρ.
126 379 180 410 69.
196 378 239 408 22
265 375 340 408 tuis
365 384 435 409 om.
461 372 594 416 schol„
620 372 743 408 Madv.
770 385 805 417 p.
828 377 910 416 512,
938 372 1024 408 secl.
1053 371 1182 416 Kays.‚
1208 373 1285 407 suis
1309 370 1401 406 Bak.

57 433 94 466 p.
115 425 183 456 213
210 422 248 455 et
275 425 340 455 198
363 432 415 464 sq.
437 441 480 445 —
506 420 544 455 P.
567 424 621 455 69.
638 424 682 455 26
709 420 920 466 [quaestor]
943 419 1035 455 Bak.
1062 431 1097 464 p.
1119 423 1198 462 214,
1224 418 1336 463 Kays
1358 439 1399 443 —-

59 469 112 504 Ib.
140 472 226 503 esset
250 467 335 503 Ern.
358 468 438 512 (aut
463 467 535 502 del.
562 470 672 510 tunc),
700 468 803 509 Bak„
830 467 938 511 Kays.
977 466 1080 501 Idem
1106 467 1164 500 est
1189 465 1283 500 coni.
1308 464 1401 510 perf.

58 515 125 559 qui
155 527 190 559 p.
218 519 272 550 49.
289 519 325 557 3,
360 525 585 558 quamquam
617 514 686 549 hoc
712 514 793 549 loco
825 513 915 558 poni
944 513 1070 558 potuit
1094 513 1330 558 plusquamp.
1358 533 1401 537 -

59 563 100 598 P.
128 566 217 597 70.9
257 562 476 597 Mauretan.
510 561 630 596 Klotz.
664 563 702 595 et
736 561 805 595 ‘sic
843 572 1002 605 semper,
1042 561 1198 596 BIaurit.
1237 571 1312 594 non
1348 559 1403 593 in·

59 609 222 644 venitur’
256 608 296 642 in
326 607 529 653 inscriptt.,
558 608 716 643 Maurit.
743 607 875 650 Halm„
907 608 1017 652 KayS.
1045 609 1317 649 (mauretiniam
1348 606 1402 642 P).

59 656 210 691 Nollem
236 655 447 700 scripsisem
468 655 558 690 Sull.
580 660 633 690 20.
650 659 705 691 56.
728 676 768 680 -
791 656 830 690 P.
852 660 906 690 70.
924 660 966 690 16
991 655 1031 689 in
1055 668 1088 690 v.
1109 656 1184 689 iam
1207 656 1292 689 inole
1316 654 1403 687 hae-

62 703 194 738 sitavit
219 702 343 738 Garat.
379 702 488 736 ‘Mihi
511 702 608 736 nihil
633 702 682 736 ad
707 702 967 746 explicandum
992 704 1066 737 iam
1091 703 1186 745 incle,
1216 701 1292 735 nisi
1319 711 1403 735 con-

60 751 232 793 tortum',
263 749 402 794 inquit,
439 749 549 783 ‘nihil
575 749 622 783 ad
648 749 936 792 emendandum,
968 748 1042 783 nisi
1067 749 1204 792 audax,
1232 747 1403 783 occurrit.

62 797 199 832 Omnes
232 796 279 831 ad
312 796 504 841 superiora
534 797 605 831 hoc
637 796 692 830 ita
722 796 895 830 retulisse
928 796 1104 830 arbitror:
1141 796 1217 830 iam
1242 795 1329 830 inde
1357 794 1403 828 ab

61 845 134 879 hac
158 855 243 878 mea
266 844 389 889 priore
416 844 461 878 de
487 845 552 878 tuo
581 844 776 878 tribunatu
801 842 1122 887 interrogatione',
1148 843 1263 886 idque
1282 842 1405 887 ipsum

66 891 156 926 ‘iam
183 891 230 925 ab
249 891 319 926 1130
340 891 520 926 orationis
545 901 651 925 meae
673 891 794 935 parte’
819 889 1030 925 Ciceronem
1052 889 1174 924 dicere
1195 889 1267 924 sibi
1285 888 1404 923 videri

66 939 119 974 ait
136 938 258 973 Halm.
281 938 337 972 ed.
355 942 454 973 1845.
490 938 605 972 Recte
626 937 781 972 offendit
795 936 931 980 Garat„
954 948 1039 971 nam
1059 948 1243 981 nusquam
1263 936 1316 970 sic
1331 936 1404 971 Cic.

66 985 215 1030 scripsit
236 987 273 1020 et
293 985 456 1019 debebat
476 985 635 1019 scribere
655 986 729 1019 iam
747 986 832 1019 hinc
851 985 939 1028 (quo
960 983 1018 1018 usi
1038 987 1126 1018 sunt
1144 983 1233 1026 Liv.,
1254 983 1403 1026 Colum,

66 1031 215 1075 Fronto,
247 1033 403 1076 Paneg.,
435 1031 646 1073 Ammian.).
690 1031 821 1066 Delevi
846 1042 1005 1074 comma,
1033 1031 1132 1075 quod
1158 1031 1239 1066 edd.
1266 1030 1405 1064 habent

65 1081 152 1126 post
177 1081 396 1124 praescribo,
429 1080 471 1113 ut
504 1081 702 1123 appareret
731 1080 807 1113 iam
832 1079 916 1113 inclc
946 1078 1135 1122 pertinere
1161 1078 1209 1112 ad
1232 1089 1267 1113 v.
1292 1089 1337 1112 ne
1363 1098 1405 1102 —

79 1128 294 1167 >ermiscea83
327 1127 401 1160 iam
433 1130 516 1160 ante
541 1126 654 1160 Koch.
683 1127 775 1161 Mus
801 1125 916 1159 Rhen.
948 1129 1035 1159 1858
1067 1137 1103 1169 p.
1131 1130 1199 1159 284
1233 1124 1277 1159 cf.
1303 1124 1406 1159 Verr.

117 1178 169 1209 17.
184 1178 228 1207 42
249 1185 283 1218 p.
299 1185 346 1208 m.
363 1194 404 1198 —
427 1173 465 1208 P.
483 1177 536 1208 70.
553 1176 596 1207 28
615 1184 764 1217 succep.
780 1183 798 1206 e
820 1173 846 1206 P
865 1183 958 1207 rece.
975 1171 1057 1207 edd.
1079 1193 1121 1196 —
1143 1171 1181 1207 P.
1199 1176 1253 1207 71.
1269 1175 1407 1205 21—23

66 1233 100 1256 v.
126 1221 213 1265 post
242 1221 340 1255 vides
369 1219 495 1264 posita
525 1224 557 1254 te
589 1220 731 1254 aedilic.
758 1240 802 1262 ÷
826 1220 1027 1254 vendidisse
1057 1220 1143 1263 post
1173 1220 1272 1254 vides
1301 1230 1336 1253 v.
1364 1223 1408 1252 30

65 1270 208 1312 transp.
229 1266 397 1302 Schuetz,
419 1267 620 1301 admodum
644 1266 760 1311 prob.,
786 1267 829 1301 cle
849 1268 978 1311 quibus
1003 1278 1053 1311 qu
1062 1278 1130 1300 um
1154 1267 1244 1300 cluos
1264 1287 1306 1291 —
1325 1277 1408 1300 ven-

66 1316 199 1350 didisse
218 1315 460 1349 meministi
474 1314 563 1349 Bak.
578 1326 613 1358 p.
626 1318 693 1347 215
710 1315 748 1348 et
763 1318 846 1353 1993
866 1325 899 1348 v.
915 1317 956 1347 21
974 1314 1178 1348 aediliciam
1196 1324 1266 1348 om.
1282 1312 1408 1354 schol.⁷

65 1361 170 1407 prob.
185 1361 306 1395 Madv.
322 1373 357 1405 p.
371 1365 436 1395 512
453 1372 518 1404 sq„
534 1361 619 1396 secl.
634 1360 752 1396 Klotz.
766 1381 808 1386 —
823 1361 862 1396 P.
875 1365 930 1395 72.
941 1365 1030 1395 6-9
1047 1372 1137 1405 quae
1151 1381 1195 1385 —-
1210 1361 1407 1405 conflagra-

66 1413 196 1445 verunt
215 1407 284 1443 del.
300 1408 390 1443 Bak.
405 1420 440 1453 p.
456 1413 524 1443 216
539 1419 591 1452 sq.
608 1409 645 1442 et
661 1412 725 1442 199
741 1419 794 1452 sq.
811 1428 853 1432 —
876 1408 914 1442 P.
931 1412 985 1442 72.
998 1411 1039 1441 16
1054 1407 1271 1453 [cogitaris]
1287 1406 1407 1440 Madv.

67 1468 103 1501 p.
125 1459 204 1497 513,
229 1454 398 1499 Kayser:
425 1466 511 1488 nam
537 1454 775 1489 scribendum
799 1454 914 1489 fuisse
940 1454 1075 1488 saltem
1097 1455 1322 1499 coyitarisne.
1356 1453 1408 1488 Cf.

69 1503 172 1538 Verr.
187 1503 219 1535 V
239 1506 294 1537 25.
311 1506 353 1537 62
382 1503 555 1537 Huncine
574 1523 617 1527 —
637 1503 791 1537 hancine
810 1522 854 1527 ——
873 1503 976 1545 hanc,
1004 1501 1088 1536 infr.
1115 1513 1150 1545 Ρ.
1172 1506 1226 1536 81.
1245 1505 1286 1535 15
1308 1502 1346 1534 et
1368 1505 1409 1535 17

69 1550 252 1584 ‹timeri-sne
272 1570 315 1574 —
335 1550 443 1584 etiam
467 1550 561 1584 illud
586 1550 733 1592 dioeeris,
760 1548 880 1583 Flacc.
901 1553 956 1583 32.
973 1553 1016 1583 80
1041 1550 1160 1583 sintne
1182 1569 1223 1572 —
1243 1549 1409 1582 habeant.

73 1596 182 1630 ‘Tum
207 1597 306 1630 certe
329 1598 416 1640 post
439 1596 682 1641 parenthesin
706 1607 781 1629 non
799 1597 878 1629 tam
896 1595 994 1629 nude
1014 1595 1114 1630 idem
1132 1595 1289 1629 verbum
1308 1605 1410 1639 repe-

70 1642 196 1685 tisset,
223 1642 289 1676 sed
314 1644 380 1677 aut
403 1645 464 1678 secl
489 1644 703 1689 coyitarisne
726 1645 793 1677 aut
813 1642 927 1676 simili
946 1642 1055 1676 modo
1076 1641 1258 1676 dixisset.’
1287 1641 1409 1676 Halm.

72 1701 203 1725 comm.
223 1701 258 1733 p.
277 1694 319 1724 70
340 1689 448 1724 affert
471 1702 506 1734 p.
523 1695 576 1725 73.
594 1695 613 1725 5
634 1702 712 1734 sqq.
734 1702 814 1725 cum
833 1690 887 1725 M.
907 1690 1067 1724 Bibulus
1085 1710 1131 1715 —
1151 1701 1231 1724 cum
1255 1701 1336 1724 eum
1360 1693 1410 1731 tu,

73 1735 156 1770 add.
178 1748 213 1781 p.
229 1740 283 1770 81.
300 1741 321 1770 4
342 1738 379 1770 et
398 1741 439 1770 11
461 1749 591 1782 quaero
613 1758 655 1762 —
677 1748 808 1782 quaero
829 1739 945 1781 (,175.
961 1741 981 1771 2
1004 1738 1110 1780 sqq.).
1127 1757 1169 1761 —
1190 1736 1229 1771 P.
1246 1740 1300 1771 72.
1315 1740 1359 1769 22
1381 1740 1413 1770 et

71 1784 264 1827 fortissimi
283 1781 323 1826 G,
345 1783 475 1825 Klotz.,
499 1795 569 1818 om.
591 1784 685 1826 PW,
710 1784 844 1826 Halm,
871 1795 913 1818 ac
937 1785 1020 1826 fort.
1044 1783 1186 1817 ‘Lamb
1207 1782 1247 1816 in
1266 1783 1411 1826 ma-1·g.’,

74 1830 160 1866 secl.
180 1829 310 1874 Kays.;
338 1829 386 1864 ad
410 1841 445 1874 p.
470 1834 546 1866 100.
564 1835 616 1866 19.
638 1851 682 1856 —
702 1830 740 1864 P.
764 1835 817 1865 72.
833 1835 875 1864 31
904 1831 1056 1864 deletum
1080 1831 1130 1864 iri
1155 1829 1252 1871 Em„
1280 1829 1412 1871 Halm„

73 1877 185 1921 Kays.
213 1898 253 1902 —
282 1876 321 1911 P.
344 1881 457 1911 73.10
489 1889 512 1911 a
536 1878 606 1912 tab.
636 1876 833 1921 ‘A(‘.>)SO’,
867 1878 911 1911 ab
937 1877 1063 1910 tabula
1088 1876 1182 1919 PW,
1217 1875 1316 1918 edd„
1349 1876 1412 1910 ad-

74 1925 202 1959 tabula
233 1923 264 1958 G
294 1926 331 1958 et
363 1923 457 1965 Erf..
489 1935 522 1958 v.
555 1923 707 1958 Meusel.
739 1923 919 1958 FleckeiS.
952 1934 1035 1957 ann.
1065 1926 1153 1957 1885
1185 1935 1221 1967 Ρ.
1247 1927 1333 1964 4033
1366 1922 1415 1956 ad

72 1983 110 2015 p.
137 1974 169 2005 3.
185 1974 240 2006 31.
268 1991 312 1996 —
337 1970 376 2006 P.
406 1975 459 2006 73.
475 1975 518 2005 22
546 1982 599 2014 sq.
633 1972 718 2005 loeis
744 1971 846 2014 publ.
873 1981 964 2005 omn.
993 1969 1063 2004 del.
1091 1969 1181 2004 Bak.
1212 1981 1249 2014 p.
1275 1973 1343 2004 218
1377 1971 1415 2003 et

74 2021 156 2052 205.
190 2038 231 2042 -ν
271 2018 310 2053 P.
338 2022 392 2053 73.
410 2022 454 2052 26
493 2018 547 2052 M.
585 2018 762 2052 Bibulum
799 2016 883 2052 Ern.
923 2018 1019 2051 auct.
1059 2015 1129 2052 del.
1169 2016 1336 2052 SchuetZ.
1371 2038 1412 2041 —

76 2064 115 2100 P.
139 2069 192 2099 73.
207 2069 252 2099 28
271 2065 312 2099 id
333 2065 433 2098 ‘cum
447 2063 649 2098 Garatonio
671 2065 708 2098 et
725 2063 919 2098 Schuetzio
940 2063 1062 2098 Madv,
1077 2075 1111 2108 p.
1128 2067 1196 2097 514
1216 2063 1415 2098 delendum

75 2111 230 2152 censet'3
263 2111 308 2146 cf.
336 2111 385 2145 ad
414 2111 491 2146 har.
518 2122 613 2155 resp.
639 2123 674 2156 p.
702 2115 780 2146 527.
798 2115 851 2146 11.
878 2132 921 2136 -
948 2111 986 2144 Ρ.
1016 2115 1070 2145 74.
1085 2115 1130 2144 20
1156 2122 1209 2154 sq.
1234 2112 1416 2155 spoliaras

80 2157 135 2191 ‘in
159 2157 187 2191 P
213 2169 234 2192 a
258 2169 306 2193 m.
333 2162 353 2192 2
381 2170 459 2203 sup.
487 2158 625 2192 lineam
651 2159 718 2193 est.
765 2157 916 2191 Falsum
942 2168 1022 2191 esse
1048 2157 1346 2191 additamentum
1372 2169 1416 2192 ex

78 2204 163 2249 ipsa
186 2204 384 2239 verborum
415 2204 660 2239 collocatione
694 2207 865 2250 apparet3
896 2203 1046 2239 videtur
1072 2204 1198 2248 potius
1223 2206 1309 2249 post
1333 2216 1415 2239 con-

77 2252 202 2286 sulatu
224 2251 475 2296 participium,
501 2252 606 2286 velut
629 2257 786 2294 exutum,
812 2253 984 2287 deiectum
1008 2250 1259 2286 intercidisse’
1281 2251 1415 2294 Halm.,

79 2309 147 2333 scr.
172 2300 353 2343 volueras,
377 2300 568 2335 consulatu
592 2300 640 2321 **
660 2300 805 2343 patria,
830 2298 1056 2345 [spoliaras]
1080 2298 1208 2343 Kays„
1239 2299 1418 2334 consulem
