<?xml version="1.0" encoding="UTF-8"?>
<!DOCTYPE html PUBLIC "-//W3C//DTD XHTML 1.0 Transitional//EN"
    "http://www.w3.org/TR/xhtml1/DTD/xhtml1-transitional.dtd">
<html xmlns="http://www.w3.org/1999/xhtml" xml:lang="en" lang="en">
 <head>
  <title>
</title>
<meta http-equiv="Content-Type" content="text/html;charset=utf-8" />
  <meta name='ocr-system' content='tesseract 3.04.00' />
  <meta name='ocr-capabilities' content='ocr_page ocr_carea ocr_par ocr_line ocrx_word'/>
</head>
<body>
  <div class='ocr_page' id='page_1' title='image "./p3scriptaquaemanse02ciceuoft_0644.png"; bbox 0 0 1671 2543; ppageno 0'>
   <div class='ocr_carea' id='block_1_1' title="bbox 189 85 1362 128">
    <p class='ocr_par' dir='ltr' id='par_1_1' title="bbox 189 85 1362 128">
     <span class='ocr_line' id='line_1_1' title="bbox 189 85 1362 128; baseline 0.001 -7"><span class='ocrx_word' id='word_1_1' title='bbox 189 86 276 128; x_wconf 88' lang='lat'>488</span> <span class='ocrx_word' id='word_1_2' title='bbox 362 86 415 122; x_wconf 85' lang='lat' dir='ltr'>IN</span> <span class='ocrx_word' id='word_1_3' title='bbox 439 86 489 121; x_wconf 87' lang='lat' dir='ltr'>M.</span> <span class='ocrx_word' id='word_1_4' title='bbox 517 85 775 121; x_wconf 73' lang='lat' dir='ltr'>ANTONIUM</span> <span class='ocrx_word' id='word_1_5' title='bbox 801 85 979 121; x_wconf 85' lang='lat' dir='ltr'><strong>ORATIO</strong></span> <span class='ocrx_word' id='word_1_6' title='bbox 1006 85 1275 122; x_wconf 88' lang='lat' dir='ltr'>PHILIPPICA</span> <span class='ocrx_word' id='word_1_7' title='bbox 1301 87 1362 123; x_wconf 90' lang='lat' dir='ltr'>IX.</span> 
     </span>
    </p>
   </div>
   <div class='ocr_carea' id='block_1_2' title="bbox 38 194 1590 2353">
    <p class='ocr_par' dir='ltr' id='par_1_2' title="bbox 191 194 1533 250">
     <span class='ocr_line' id='line_1_2' title="bbox 191 194 1533 250; baseline 0.001 -14"><span class='ocrx_word' id='word_1_8' title='bbox 191 194 349 249; x_wconf 89' lang='lat' dir='ltr'>omnis,</span> <span class='ocrx_word' id='word_1_9' title='bbox 404 194 548 236; x_wconf 87' lang='lat' dir='ltr'>subito</span> <span class='ocrx_word' id='word_1_10' title='bbox 606 197 778 248; x_wconf 88' lang='lat' dir='ltr'>ereptus</span> <span class='ocrx_word' id='word_1_11' title='bbox 837 209 858 236; x_wconf 92' lang='lat' dir='ltr'>e</span> <span class='ocrx_word' id='word_1_12' title='bbox 909 208 1036 236; x_wconf 86' lang='lat' dir='ltr'>causa</span> <span class='ocrx_word' id='word_1_13' title='bbox 1085 197 1224 236; x_wconf 91' lang='lat' dir='ltr'>totam</span> <span class='ocrx_word' id='word_1_14' title='bbox 1273 195 1533 250; x_wconf 80' lang='lat' dir='ltr'>legationem</span> 
     </span>
    </p>

    <p class='ocr_par' dir='ltr' id='par_1_3' title="bbox 155 252 1590 1177">
     <span class='ocr_line' id='line_1_3' title="bbox 155 252 1533 308; baseline 0 -12"><span class='ocrx_word' id='word_1_15' title='bbox 155 266 176 297; x_wconf 80' lang='lat'><strong>2</strong></span> <span class='ocrx_word' id='word_1_16' title='bbox 192 253 343 296; x_wconf 88' lang='lat' dir='ltr'>orbam</span> <span class='ocrx_word' id='word_1_17' title='bbox 369 256 412 294; x_wconf 89' lang='lat' dir='ltr'>et</span> <span class='ocrx_word' id='word_1_18' title='bbox 438 253 710 294; x_wconf 75' lang='lat' dir='ltr'>debilitatam</span> <span class='ocrx_word' id='word_1_19' title='bbox 735 252 923 307; x_wconf 90' lang='lat' dir='ltr'>reliquit.</span> <span class='ocrx_word' id='word_1_20' title='bbox 979 252 1142 302; x_wconf 83' lang='lat' dir='ltr'>Quodsi</span> <span class='ocrx_word' id='word_1_21' title='bbox 1169 253 1368 308; x_wconf 83' lang='lat' dir='ltr'>cuiquam</span> <span class='ocrx_word' id='word_1_22' title='bbox 1394 254 1533 296; x_wconf 90' lang='lat' dir='ltr'>iustus</span> 
     </span>
     <span class='ocr_line' id='line_1_4' title="bbox 190 311 1534 366; baseline 0 -12"><span class='ocrx_word' id='word_1_23' title='bbox 190 312 328 354; x_wconf 87' lang='lat' dir='ltr'>honos</span> <span class='ocrx_word' id='word_1_24' title='bbox 365 312 541 353; x_wconf 90' lang='lat' dir='ltr'>habitus</span> <span class='ocrx_word' id='word_1_25' title='bbox 581 314 646 353; x_wconf 87' lang='lat' dir='ltr'>est</span> <span class='ocrx_word' id='word_1_26' title='bbox 683 311 728 352; x_wconf 88' lang='lat' dir='ltr'>in</span> <span class='ocrx_word' id='word_1_27' title='bbox 765 314 903 353; x_wconf 88' lang='lat' dir='ltr'>morte</span> <span class='ocrx_word' id='word_1_28' title='bbox 942 312 1106 366; x_wconf 85' lang='lat' dir='ltr'>legato,</span> <span class='ocrx_word' id='word_1_29' title='bbox 1143 311 1189 353; x_wconf 91' lang='lat' dir='ltr'>in</span> <span class='ocrx_word' id='word_1_30' title='bbox 1224 312 1344 355; x_wconf 88' lang='lat' dir='ltr'>nullo</span> <span class='ocrx_word' id='word_1_31' title='bbox 1379 312 1534 354; x_wconf 87' lang='lat' dir='ltr'>iustior</span> 
     </span>
     <span class='ocr_line' id='line_1_5' title="bbox 193 368 1534 426; baseline 0.001 -14"><span class='ocrx_word' id='word_1_32' title='bbox 193 371 342 425; x_wconf 90' lang='lat' dir='ltr'>[quam</span> <span class='ocrx_word' id='word_1_33' title='bbox 385 371 428 411; x_wconf 88' lang='lat' dir='ltr'>in</span> <span class='ocrx_word' id='word_1_34' title='bbox 471 369 559 411; x_wconf 84' lang='lat' dir='ltr'>Ser.</span> <span class='ocrx_word' id='word_1_35' title='bbox 599 368 808 424; x_wconf 85' lang='lat' dir='ltr'>Sulpicio]</span> <span class='ocrx_word' id='word_1_36' title='bbox 853 371 1100 425; x_wconf 89' lang='lat' dir='ltr'>reperietur.</span> <span class='ocrx_word' id='word_1_37' title='bbox 1168 369 1329 424; x_wconf 85' lang='lat' dir='ltr'>Ceteri,</span> <span class='ocrx_word' id='word_1_38' title='bbox 1373 371 1445 426; x_wconf 90' lang='lat' dir='ltr'>qui</span> <span class='ocrx_word' id='word_1_39' title='bbox 1489 371 1534 413; x_wconf 91' lang='lat' dir='ltr'>in</span> 
     </span>
     <span class='ocr_line' id='line_1_6' title="bbox 191 429 1587 485; baseline 0.001 -15"><span class='ocrx_word' id='word_1_40' title='bbox 191 429 407 485; x_wconf 83' lang='lat' dir='ltr'>legatione</span> <span class='ocrx_word' id='word_1_41' title='bbox 439 431 622 470; x_wconf 88' lang='lat' dir='ltr'>mortem</span> <span class='ocrx_word' id='word_1_42' title='bbox 655 429 867 483; x_wconf 90' lang='lat' dir='ltr'>obierunt,</span> <span class='ocrx_word' id='word_1_43' title='bbox 902 429 953 470; x_wconf 87' lang='lat' dir='ltr'>ad</span> <span class='ocrx_word' id='word_1_44' title='bbox 985 429 1196 470; x_wconf 85' lang='lat' dir='ltr'>incertum</span> <span class='ocrx_word' id='word_1_45' title='bbox 1228 429 1341 471; x_wconf 89' lang='lat' dir='ltr'>vitae</span> <span class='ocrx_word' id='word_1_46' title='bbox 1372 430 1533 484; x_wconf 86' lang='lat' dir='ltr'>pericu·</span> <span class='ocrx_word' id='word_1_47' title='bbox 1569 441 1587 467; x_wconf 86' lang='lat'>⁵</span> 
     </span>
     <span class='ocr_line' id='line_1_7' title="bbox 191 487 1534 544; baseline 0.001 -15"><span class='ocrx_word' id='word_1_48' title='bbox 191 488 283 530; x_wconf 89' lang='lat' dir='ltr'>lum</span> <span class='ocrx_word' id='word_1_49' title='bbox 310 488 400 529; x_wconf 90' lang='lat' dir='ltr'>sine</span> <span class='ocrx_word' id='word_1_50' title='bbox 425 487 515 529; x_wconf 89' lang='lat' dir='ltr'>ullo</span> <span class='ocrx_word' id='word_1_51' title='bbox 542 487 695 529; x_wconf 91' lang='lat' dir='ltr'>mortis</span> <span class='ocrx_word' id='word_1_52' title='bbox 722 490 839 529; x_wconf 85' lang='lat' dir='ltr'>metu</span> <span class='ocrx_word' id='word_1_53' title='bbox 864 487 1047 542; x_wconf 89' lang='lat' dir='ltr'>profecti</span> <span class='ocrx_word' id='word_1_54' title='bbox 1072 490 1183 542; x_wconf 91' lang='lat' dir='ltr'>sunt,</span> <span class='ocrx_word' id='word_1_55' title='bbox 1211 487 1298 530; x_wconf 88' lang='lat' dir='ltr'>Ser.</span> <span class='ocrx_word' id='word_1_56' title='bbox 1321 487 1534 544; x_wconf 83' lang='lat' dir='ltr'>Sulpicius</span> 
     </span>
     <span class='ocr_line' id='line_1_8' title="bbox 193 545 1534 602; baseline 0 -13"><span class='ocrx_word' id='word_1_57' title='bbox 193 561 291 589; x_wconf 89' lang='lat' dir='ltr'>cum</span> <span class='ocrx_word' id='word_1_58' title='bbox 323 547 467 601; x_wconf 89' lang='lat' dir='ltr'>aliqua</span> <span class='ocrx_word' id='word_1_59' title='bbox 490 546 763 600; x_wconf 86' lang='lat' dir='ltr'>perveniendi</span> <span class='ocrx_word' id='word_1_60' title='bbox 791 547 843 587; x_wconf 89' lang='lat' dir='ltr'>ad</span> <span class='ocrx_word' id='word_1_61' title='bbox 868 545 924 587; x_wconf 95' lang='lat' dir='ltr'>M.</span> <span class='ocrx_word' id='word_1_62' title='bbox 950 546 1189 588; x_wconf 87' lang='lat' dir='ltr'>Antonium</span> <span class='ocrx_word' id='word_1_63' title='bbox 1215 561 1290 601; x_wconf 87' lang='lat' dir='ltr'>spe</span> <span class='ocrx_word' id='word_1_64' title='bbox 1315 547 1534 602; x_wconf 86' lang='lat' dir='ltr'>profectus</span> 
     </span>
     <span class='ocr_line' id='line_1_9' title="bbox 192 604 1535 660; baseline 0.001 -13"><span class='ocrx_word' id='word_1_65' title='bbox 192 609 271 660; x_wconf 89' lang='lat' dir='ltr'>est,</span> <span class='ocrx_word' id='word_1_66' title='bbox 301 605 421 646; x_wconf 92' lang='lat' dir='ltr'>nulla</span> <span class='ocrx_word' id='word_1_67' title='bbox 452 605 704 646; x_wconf 83' lang='lat' dir='ltr'>revertendi.</span> <span class='ocrx_word' id='word_1_68' title='bbox 761 604 843 654; x_wconf 86' lang='lat' dir='ltr'>Qui</span> <span class='ocrx_word' id='word_1_69' title='bbox 875 620 971 647; x_wconf 90' lang='lat' dir='ltr'>cum</span> <span class='ocrx_word' id='word_1_70' title='bbox 1002 606 1064 646; x_wconf 91' lang='lat' dir='ltr'>ita</span> <span class='ocrx_word' id='word_1_71' title='bbox 1096 605 1286 647; x_wconf 86' lang='lat' dir='ltr'>adfectus</span> <span class='ocrx_word' id='word_1_72' title='bbox 1319 609 1443 660; x_wconf 86' lang='lat' dir='ltr'>esset,</span> <span class='ocrx_word' id='word_1_73' title='bbox 1474 610 1535 660; x_wconf 82' lang='lat' dir='ltr'>ut,</span> 
     </span>
     <span class='ocr_line' id='line_1_10' title="bbox 193 664 1534 719; baseline 0.001 -13"><span class='ocrx_word' id='word_1_74' title='bbox 193 665 230 706; x_wconf 89' lang='lat' dir='ltr'>si</span> <span class='ocrx_word' id='word_1_75' title='bbox 263 664 314 705; x_wconf 90' lang='lat' dir='ltr'>ad</span> <span class='ocrx_word' id='word_1_76' title='bbox 347 664 841 719; x_wconf 80' lang='lat' dir='ltr'>gravem&#39;valetudinem</span> <span class='ocrx_word' id='word_1_77' title='bbox 872 664 995 706; x_wconf 90' lang='lat' dir='ltr'>labor</span> <span class='ocrx_word' id='word_1_78' title='bbox 1027 665 1296 718; x_wconf 82' lang='lat' dir='ltr'>accessisset,</span> <span class='ocrx_word' id='word_1_79' title='bbox 1328 665 1411 706; x_wconf 89' lang='lat' dir='ltr'>sibi</span> <span class='ocrx_word' id='word_1_80' title='bbox 1442 665 1534 719; x_wconf 87' lang='lat' dir='ltr'>ipse</span> 
     </span>
     <span class='ocr_line' id='line_1_11' title="bbox 193 722 1589 777; baseline -0.002 -13"><span class='ocrx_word' id='word_1_81' title='bbox 193 722 427 777; x_wconf 89' lang='lat' dir='ltr'>diffideret,</span> <span class='ocrx_word' id='word_1_82' title='bbox 481 737 568 764; x_wconf 92' lang='lat' dir='ltr'>non</span> <span class='ocrx_word' id='word_1_83' title='bbox 616 723 849 777; x_wconf 90' lang='lat' dir='ltr'>recusavit,</span> <span class='ocrx_word' id='word_1_84' title='bbox 899 737 983 777; x_wconf 93' lang='lat' dir='ltr'>quo</span> <span class='ocrx_word' id='word_1_85' title='bbox 1034 723 1174 764; x_wconf 89' lang='lat' dir='ltr'>minus</span> <span class='ocrx_word' id='word_1_86' title='bbox 1224 723 1291 765; x_wconf 85' lang='lat' dir='ltr'>vel</span> <span class='ocrx_word' id='word_1_87' title='bbox 1342 726 1533 765; x_wconf 84' lang='lat' dir='ltr'>extremo</span> <span class='ocrx_word' id='word_1_88' title='bbox 1555 736 1589 761; x_wconf 87' lang='lat'>10</span> 
     </span>
     <span class='ocr_line' id='line_1_12' title="bbox 194 781 1535 837; baseline 0.001 -14"><span class='ocrx_word' id='word_1_89' title='bbox 194 782 367 837; x_wconf 87' lang='lat' dir='ltr'>spiritu,</span> <span class='ocrx_word' id='word_1_90' title='bbox 406 782 443 823; x_wconf 90' lang='lat' dir='ltr'>si</span> <span class='ocrx_word' id='word_1_91' title='bbox 481 796 609 836; x_wconf 89' lang='lat' dir='ltr'>quam</span> <span class='ocrx_word' id='word_1_92' title='bbox 647 796 772 836; x_wconf 92' lang='lat' dir='ltr'>opem</span> <span class='ocrx_word' id='word_1_93' title='bbox 804 781 865 822; x_wconf 90' lang='lat' dir='ltr'>rei</span> <span class='ocrx_word' id='word_1_94' title='bbox 896 781 1091 836; x_wconf 89' lang='lat' dir='ltr'>publicae</span> <span class='ocrx_word' id='word_1_95' title='bbox 1123 781 1233 823; x_wconf 89' lang='lat' dir='ltr'>ferre</span> <span class='ocrx_word' id='word_1_96' title='bbox 1265 785 1431 837; x_wconf 85' lang='lat' dir='ltr'>posset,</span> <span class='ocrx_word' id='word_1_97' title='bbox 1468 797 1535 824; x_wconf 85' lang='lat' dir='ltr'>ex-</span> 
     </span>
     <span class='ocr_line' id='line_1_13' title="bbox 192 840 1535 896; baseline 0 -14"><span class='ocrx_word' id='word_1_98' title='bbox 192 841 418 895; x_wconf 84' lang='lat' dir='ltr'>periretur.</span> <span class='ocrx_word' id='word_1_99' title='bbox 483 840 637 895; x_wconf 89' lang='lat' dir='ltr'>Itaque</span> <span class='ocrx_word' id='word_1_100' title='bbox 680 855 767 882; x_wconf 91' lang='lat' dir='ltr'>non</span> <span class='ocrx_word' id='word_1_101' title='bbox 804 840 927 882; x_wconf 92' lang='lat' dir='ltr'>illum</span> <span class='ocrx_word' id='word_1_102' title='bbox 964 840 1028 882; x_wconf 86' lang='lat' dir='ltr'>vis</span> <span class='ocrx_word' id='word_1_103' title='bbox 1066 840 1238 894; x_wconf 87' lang='lat' dir='ltr'>hiemis,</span> <span class='ocrx_word' id='word_1_104' title='bbox 1281 855 1367 882; x_wconf 92' lang='lat' dir='ltr'>non</span> <span class='ocrx_word' id='word_1_105' title='bbox 1404 841 1535 896; x_wconf 77' lang='lat' dir='ltr'>nives,</span> 
     </span>
     <span class='ocr_line' id='line_1_14' title="bbox 191 899 1537 960; baseline 0.001 -19"><span class='ocrx_word' id='word_1_106' title='bbox 191 914 279 942; x_wconf 91' lang='lat' dir='ltr'>non</span> <span class='ocrx_word' id='word_1_107' title='bbox 327 899 552 955; x_wconf 84' lang='lat' dir='ltr'>longitudo</span> <span class='ocrx_word' id='word_1_108' title='bbox 597 899 782 953; x_wconf 86' lang='lat' dir='ltr'>itineris,</span> <span class='ocrx_word' id='word_1_109' title='bbox 830 914 918 940; x_wconf 91' lang='lat' dir='ltr'>non</span> <span class='ocrx_word' id='word_1_110' title='bbox 961 899 1168 954; x_wconf 84' lang='lat' dir='ltr'>asperitas</span> <span class='ocrx_word' id='word_1_111' title='bbox 1212 899 1399 960; x_wconf 86' lang='lat' dir='ltr'>viarum,</span> <span class='ocrx_word' id='word_1_112' title='bbox 1449 915 1537 942; x_wconf 90' lang='lat' dir='ltr'>non</span> 
     </span>
     <span class='ocr_line' id='line_1_15' title="bbox 192 934 1535 1013; baseline 0 -13"><span class='ocrx_word' id='word_1_113' title='bbox 192 958 369 1000; x_wconf 84' lang='lat' dir='ltr'>morbus</span> <span class='ocrx_word' id='word_1_114' title='bbox 401 958 702 1013; x_wconf 85' lang='lat' dir='ltr'>ingravescens</span> <span class='ocrx_word' id='word_1_115' title='bbox 734 958 986 1013; x_wconf 82' lang='lat' dir='ltr'>retardavit,</span> <span class='ocrx_word' id='word_1_116' title='bbox 1025 973 1205 1012; x_wconf 89' lang='lat' dir='ltr'>cumque</span> <span class='ocrx_word' id='word_1_117' title='bbox 1237 952 1323 999; x_wconf 83' lang='lat' dir='ltr'>iam</span> <span class='ocrx_word' id='word_1_118' title='bbox 1355 934 1408 999; x_wconf 84' lang='lat' dir='ltr'>ad</span> <span class='ocrx_word' id='word_1_119' title='bbox 1440 973 1535 1000; x_wconf 92' lang='lat' dir='ltr'>con-</span> 
     </span>
     <span class='ocr_line' id='line_1_16' title="bbox 192 1017 1590 1083; baseline -0.001 -24"><span class='ocrx_word' id='word_1_120' title='bbox 192 1031 389 1073; x_wconf 85' lang='lat' dir='ltr'>gressum</span> <span class='ocrx_word' id='word_1_121' title='bbox 442 1017 800 1083; x_wconf 81' lang='lat' dir='ltr'>conloquiumque</span> <span class='ocrx_word' id='word_1_122' title='bbox 851 1017 940 1058; x_wconf 85' lang='lat' dir='ltr'>eius</span> <span class='ocrx_word' id='word_1_123' title='bbox 980 1017 1265 1071; x_wconf 84' lang='lat' dir='ltr'>pervenisset,</span> <span class='ocrx_word' id='word_1_124' title='bbox 1314 1017 1366 1058; x_wconf 88' lang='lat' dir='ltr'>ad</span> <span class='ocrx_word' id='word_1_125' title='bbox 1408 1031 1534 1083; x_wconf 83' lang='lat' dir='ltr'>quem</span> <span class='ocrx_word' id='word_1_126' title='bbox 1556 1028 1590 1054; x_wconf 83' lang='lat'>1⁵</span> 
     </span>
     <span class='ocr_line' id='line_1_17' title="bbox 193 1075 1536 1130; baseline -0.001 -12"><span class='ocrx_word' id='word_1_127' title='bbox 193 1079 286 1118; x_wconf 86' lang='lat' dir='ltr'>erat</span> <span class='ocrx_word' id='word_1_128' title='bbox 317 1076 492 1127; x_wconf 87' lang='lat' dir='ltr'>missus,</span> <span class='ocrx_word' id='word_1_129' title='bbox 527 1075 572 1116; x_wconf 91' lang='lat' dir='ltr'>in</span> <span class='ocrx_word' id='word_1_130' title='bbox 603 1075 698 1130; x_wconf 88' lang='lat' dir='ltr'>ipsa</span> <span class='ocrx_word' id='word_1_131' title='bbox 729 1090 831 1117; x_wconf 87' lang='lat' dir='ltr'>cura</span> <span class='ocrx_word' id='word_1_132' title='bbox 862 1090 910 1117; x_wconf 87' lang='lat' dir='ltr'>ac</span> <span class='ocrx_word' id='word_1_133' title='bbox 942 1076 1222 1117; x_wconf 87' lang='lat' dir='ltr'>meditatione</span> <span class='ocrx_word' id='word_1_134' title='bbox 1254 1076 1437 1118; x_wconf 88' lang='lat' dir='ltr'>obeundi</span> <span class='ocrx_word' id='word_1_135' title='bbox 1469 1076 1536 1118; x_wconf 90' lang='lat' dir='ltr'>sui</span> 
     </span>
     <span class='ocr_line' id='line_1_18' title="bbox 192 1134 784 1177; baseline -0.003 0"><span class='ocrx_word' id='word_1_136' title='bbox 192 1135 382 1177; x_wconf 89' lang='lat' dir='ltr'>muneris</span> <span class='ocrx_word' id='word_1_137' title='bbox 415 1134 598 1176; x_wconf 83' lang='lat' dir='ltr'>excessit</span> <span class='ocrx_word' id='word_1_138' title='bbox 630 1149 652 1175; x_wconf 92' lang='lat' dir='ltr'>e</span> <span class='ocrx_word' id='word_1_139' title='bbox 683 1134 784 1175; x_wconf 85' lang='lat' dir='ltr'>vita.</span> 
     </span>
    </p>

    <p class='ocr_par' dir='ltr' id='par_1_4' title="bbox 157 1192 1590 2008">
     <span class='ocr_line' id='line_1_19' title="bbox 157 1192 1536 1249; baseline 0.003 -18"><span class='ocrx_word' id='word_1_140' title='bbox 157 1201 177 1231; x_wconf 89' lang='lat'>3</span> <span class='ocrx_word' id='word_1_141' title='bbox 281 1193 344 1236; x_wconf 88' lang='lat' dir='ltr'>Ut</span> <span class='ocrx_word' id='word_1_142' title='bbox 375 1193 512 1249; x_wconf 88' lang='lat' dir='ltr'>igitur</span> <span class='ocrx_word' id='word_1_143' title='bbox 544 1193 645 1247; x_wconf 88' lang='lat' dir='ltr'>alia,</span> <span class='ocrx_word' id='word_1_144' title='bbox 678 1193 739 1234; x_wconf 78' lang='lat' dir='ltr'>sie</span> <span class='ocrx_word' id='word_1_145' title='bbox 770 1193 870 1248; x_wconf 91' lang='lat' dir='ltr'>hoc,</span> <span class='ocrx_word' id='word_1_146' title='bbox 901 1192 945 1235; x_wconf 80' lang='lat' dir='ltr'>C.</span> <span class='ocrx_word' id='word_1_147' title='bbox 978 1192 1129 1246; x_wconf 87' lang='lat' dir='ltr'>Pansa,</span> <span class='ocrx_word' id='word_1_148' title='bbox 1161 1193 1391 1247; x_wconf 85' lang='lat' dir='ltr'>praeclare,</span> <span class='ocrx_word' id='word_1_149' title='bbox 1423 1193 1536 1248; x_wconf 90' lang='lat' dir='ltr'>quod</span> 
     </span>
     <span class='ocr_line' id='line_1_20' title="bbox 193 1250 1534 1305; baseline -0.001 -12"><span class='ocrx_word' id='word_1_150' title='bbox 193 1255 237 1294; x_wconf 89' lang='lat' dir='ltr'>et</span> <span class='ocrx_word' id='word_1_151' title='bbox 272 1266 352 1293; x_wconf 90' lang='lat' dir='ltr'>nos</span> <span class='ocrx_word' id='word_1_152' title='bbox 391 1252 443 1293; x_wconf 87' lang='lat' dir='ltr'>ad</span> <span class='ocrx_word' id='word_1_153' title='bbox 479 1252 778 1293; x_wconf 89' lang='lat' dir='ltr'>honorandum</span> <span class='ocrx_word' id='word_1_154' title='bbox 811 1250 898 1293; x_wconf 86' lang='lat' dir='ltr'>Ser.</span> <span class='ocrx_word' id='word_1_155' title='bbox 932 1250 1171 1305; x_wconf 85' lang='lat' dir='ltr'>Sulpicium</span> <span class='ocrx_word' id='word_1_156' title='bbox 1207 1252 1457 1293; x_wconf 87' lang='lat' dir='ltr'>cohortatus</span> <span class='ocrx_word' id='word_1_157' title='bbox 1489 1265 1534 1292; x_wconf 89' lang='lat' dir='ltr'>es</span> 
     </span>
     <span class='ocr_line' id='line_1_21' title="bbox 192 1309 1588 1365; baseline -0.001 -13"><span class='ocrx_word' id='word_1_158' title='bbox 192 1313 238 1352; x_wconf 86' lang='lat' dir='ltr'>et</span> <span class='ocrx_word' id='word_1_159' title='bbox 268 1310 361 1365; x_wconf 88' lang='lat' dir='ltr'>ipse</span> <span class='ocrx_word' id='word_1_160' title='bbox 393 1310 531 1351; x_wconf 86' lang='lat' dir='ltr'>multa</span> <span class='ocrx_word' id='word_1_161' title='bbox 563 1310 733 1364; x_wconf 85' lang='lat' dir='ltr'>copiose</span> <span class='ocrx_word' id='word_1_162' title='bbox 766 1310 816 1351; x_wconf 90' lang='lat' dir='ltr'>de</span> <span class='ocrx_word' id='word_1_163' title='bbox 849 1310 964 1351; x_wconf 89' lang='lat' dir='ltr'>illius</span> <span class='ocrx_word' id='word_1_164' title='bbox 998 1311 1120 1351; x_wconf 89' lang='lat' dir='ltr'>laude</span> <span class='ocrx_word' id='word_1_165' title='bbox 1153 1309 1312 1352; x_wconf 79' lang='lat' dir='ltr'>dixisti.</span> <span class='ocrx_word' id='word_1_166' title='bbox 1368 1309 1533 1359; x_wconf 87' lang='lat' dir='ltr'>Quibus</span> <span class='ocrx_word' id='word_1_167' title='bbox 1554 1322 1588 1347; x_wconf 82' lang='lat'>20</span> 
     </span>
     <span class='ocr_line' id='line_1_22' title="bbox 193 1367 1533 1422; baseline -0.001 -11"><span class='ocrx_word' id='word_1_168' title='bbox 193 1384 219 1411; x_wconf 85' lang='lat' dir='ltr'>a</span> <span class='ocrx_word' id='word_1_169' title='bbox 255 1372 296 1410; x_wconf 90' lang='lat' dir='ltr'>te</span> <span class='ocrx_word' id='word_1_170' title='bbox 335 1368 461 1410; x_wconf 90' lang='lat' dir='ltr'>dictis</span> <span class='ocrx_word' id='word_1_171' title='bbox 499 1368 608 1409; x_wconf 88' lang='lat' dir='ltr'>nihil</span> <span class='ocrx_word' id='word_1_172' title='bbox 641 1372 811 1422; x_wconf 89' lang='lat' dir='ltr'>praeter</span> <span class='ocrx_word' id='word_1_173' title='bbox 844 1368 1101 1409; x_wconf 87' lang='lat' dir='ltr'>sententiam</span> <span class='ocrx_word' id='word_1_174' title='bbox 1132 1368 1333 1422; x_wconf 81' lang='lat' dir='ltr'>dicerem,</span> <span class='ocrx_word' id='word_1_175' title='bbox 1373 1369 1457 1409; x_wconf 88' lang='lat' dir='ltr'>nisi</span> <span class='ocrx_word' id='word_1_176' title='bbox 1488 1367 1533 1409; x_wconf 94' lang='lat' dir='ltr'>P.</span> 
     </span>
     <span class='ocr_line' id='line_1_23' title="bbox 195 1426 1535 1481; baseline -0.001 -12"><span class='ocrx_word' id='word_1_177' title='bbox 195 1426 396 1481; x_wconf 83' lang='lat' dir='ltr'>Servilio,</span> <span class='ocrx_word' id='word_1_178' title='bbox 433 1426 673 1468; x_wconf 88' lang='lat' dir='ltr'>clarissimo</span> <span class='ocrx_word' id='word_1_179' title='bbox 705 1427 809 1481; x_wconf 85' lang='lat' dir='ltr'>viro,</span> <span class='ocrx_word' id='word_1_180' title='bbox 841 1427 1183 1481; x_wconf 87' lang='lat' dir='ltr'>respondendum</span> <span class='ocrx_word' id='word_1_181' title='bbox 1214 1430 1428 1480; x_wconf 88' lang='lat' dir='ltr'>putarem,</span> <span class='ocrx_word' id='word_1_182' title='bbox 1461 1427 1535 1481; x_wconf 91' lang='lat' dir='ltr'>qui</span> 
     </span>
     <span class='ocr_line' id='line_1_24' title="bbox 191 1485 1535 1528; baseline -0.001 0"><span class='ocrx_word' id='word_1_183' title='bbox 191 1487 305 1528; x_wconf 89' lang='lat' dir='ltr'>hunc</span> <span class='ocrx_word' id='word_1_184' title='bbox 336 1485 545 1527; x_wconf 90' lang='lat' dir='ltr'>honorem</span> <span class='ocrx_word' id='word_1_185' title='bbox 578 1488 746 1527; x_wconf 88' lang='lat' dir='ltr'>statuae</span> <span class='ocrx_word' id='word_1_186' title='bbox 771 1486 931 1526; x_wconf 88' lang='lat' dir='ltr'>nemini</span> <span class='ocrx_word' id='word_1_187' title='bbox 958 1485 1233 1526; x_wconf 88' lang='lat' dir='ltr'>tribuendum</span> <span class='ocrx_word' id='word_1_188' title='bbox 1260 1485 1426 1527; x_wconf 88' lang='lat' dir='ltr'>censuit</span> <span class='ocrx_word' id='word_1_189' title='bbox 1450 1486 1535 1527; x_wconf 90' lang='lat' dir='ltr'>nisi</span> 
     </span>
     <span class='ocr_line' id='line_1_25' title="bbox 192 1543 1535 1600; baseline 0 -14"><span class='ocrx_word' id='word_1_190' title='bbox 192 1545 250 1599; x_wconf 93' lang='lat' dir='ltr'>ei,</span> <span class='ocrx_word' id='word_1_191' title='bbox 301 1545 374 1598; x_wconf 90' lang='lat' dir='ltr'>qui</span> <span class='ocrx_word' id='word_1_192' title='bbox 424 1543 537 1585; x_wconf 86' lang='lat' dir='ltr'>ferro</span> <span class='ocrx_word' id='word_1_193' title='bbox 589 1546 702 1585; x_wconf 89' lang='lat' dir='ltr'>esset</span> <span class='ocrx_word' id='word_1_194' title='bbox 752 1544 796 1585; x_wconf 93' lang='lat' dir='ltr'>in</span> <span class='ocrx_word' id='word_1_195' title='bbox 840 1544 1056 1599; x_wconf 85' lang='lat' dir='ltr'>legatione</span> <span class='ocrx_word' id='word_1_196' title='bbox 1101 1543 1365 1585; x_wconf 88' lang='lat' dir='ltr'>interfectus.</span> <span class='ocrx_word' id='word_1_197' title='bbox 1437 1543 1535 1600; x_wconf 88' lang='lat' dir='ltr'>Ego</span> 
     </span>
     <span class='ocr_line' id='line_1_26' title="bbox 194 1602 1590 1657; baseline -0.001 -12"><span class='ocrx_word' id='word_1_198' title='bbox 194 1606 356 1657; x_wconf 86' lang='lat' dir='ltr'>autem,</span> <span class='ocrx_word' id='word_1_199' title='bbox 387 1605 532 1657; x_wconf 88' lang='lat' dir='ltr'>patres</span> <span class='ocrx_word' id='word_1_200' title='bbox 566 1603 816 1657; x_wconf 86' lang='lat' dir='ltr'>conscripti,</span> <span class='ocrx_word' id='word_1_201' title='bbox 849 1603 909 1644; x_wconf 90' lang='lat' dir='ltr'>sic</span> <span class='ocrx_word' id='word_1_202' title='bbox 941 1602 1203 1656; x_wconf 88' lang='lat' dir='ltr'>interpretor</span> <span class='ocrx_word' id='word_1_203' title='bbox 1234 1603 1417 1644; x_wconf 87' lang='lat' dir='ltr'>sensisse</span> <span class='ocrx_word' id='word_1_204' title='bbox 1450 1617 1535 1644; x_wconf 87' lang='lat' dir='ltr'>ma·</span> <span class='ocrx_word' id='word_1_205' title='bbox 1554 1615 1590 1641; x_wconf 74' lang='lat'>2⁵</span> 
     </span>
     <span class='ocr_line' id='line_1_27' title="bbox 193 1661 1535 1717; baseline -0.001 -13"><span class='ocrx_word' id='word_1_206' title='bbox 193 1663 305 1704; x_wconf 90' lang='lat' dir='ltr'>iores</span> <span class='ocrx_word' id='word_1_207' title='bbox 336 1664 522 1715; x_wconf 89' lang='lat' dir='ltr'>nostros,</span> <span class='ocrx_word' id='word_1_208' title='bbox 553 1664 603 1702; x_wconf 90' lang='lat' dir='ltr'>ut</span> <span class='ocrx_word' id='word_1_209' title='bbox 629 1675 802 1703; x_wconf 89' lang='lat' dir='ltr'>causam</span> <span class='ocrx_word' id='word_1_210' title='bbox 829 1661 981 1702; x_wconf 86' lang='lat' dir='ltr'>mortis</span> <span class='ocrx_word' id='word_1_211' title='bbox 1009 1661 1263 1715; x_wconf 87' lang='lat' dir='ltr'>censuerint,</span> <span class='ocrx_word' id='word_1_212' title='bbox 1288 1676 1375 1703; x_wconf 91' lang='lat' dir='ltr'>non</span> <span class='ocrx_word' id='word_1_213' title='bbox 1400 1675 1535 1717; x_wconf 90' lang='lat' dir='ltr'>genus</span> 
     </span>
     <span class='ocr_line' id='line_1_28' title="bbox 194 1719 1536 1775; baseline -0.001 -12"><span class='ocrx_word' id='word_1_214' title='bbox 194 1736 285 1763; x_wconf 88' lang='lat' dir='ltr'>esse</span> <span class='ocrx_word' id='word_1_215' title='bbox 337 1720 637 1775; x_wconf 88' lang='lat' dir='ltr'>quaerendum.</span> <span class='ocrx_word' id='word_1_216' title='bbox 709 1719 902 1773; x_wconf 85' lang='lat' dir='ltr'>Etenim,</span> <span class='ocrx_word' id='word_1_217' title='bbox 953 1720 1020 1761; x_wconf 88' lang='lat' dir='ltr'>cui</span> <span class='ocrx_word' id='word_1_218' title='bbox 1070 1720 1230 1774; x_wconf 87' lang='lat' dir='ltr'>legatio</span> <span class='ocrx_word' id='word_1_219' title='bbox 1275 1720 1369 1774; x_wconf 86' lang='lat' dir='ltr'>ipsa</span> <span class='ocrx_word' id='word_1_220' title='bbox 1412 1733 1536 1762; x_wconf 83' lang='lat' dir='ltr'>causa</span> 
     </span>
     <span class='ocr_line' id='line_1_29' title="bbox 194 1778 1535 1833; baseline -0.001 -12"><span class='ocrx_word' id='word_1_221' title='bbox 194 1779 347 1822; x_wconf 86' lang='lat' dir='ltr'>mortis</span> <span class='ocrx_word' id='word_1_222' title='bbox 379 1779 545 1833; x_wconf 77' lang='lat' dir='ltr'>fuisset,</span> <span class='ocrx_word' id='word_1_223' title='bbox 577 1779 667 1820; x_wconf 90' lang='lat' dir='ltr'>eius</span> <span class='ocrx_word' id='word_1_224' title='bbox 700 1779 1011 1820; x_wconf 84' lang='lat' dir='ltr'>monimentum</span> <span class='ocrx_word' id='word_1_225' title='bbox 1044 1781 1187 1819; x_wconf 80' lang='lat' dir='ltr'>extare</span> <span class='ocrx_word' id='word_1_226' title='bbox 1219 1778 1456 1832; x_wconf 83' lang='lat' dir='ltr'>voluerunt,</span> <span class='ocrx_word' id='word_1_227' title='bbox 1486 1782 1535 1820; x_wconf 89' lang='lat' dir='ltr'>ut</span> 
     </span>
     <span class='ocr_line' id='line_1_30' title="bbox 193 1836 1535 1892; baseline 0 -13"><span class='ocrx_word' id='word_1_228' title='bbox 193 1839 238 1880; x_wconf 89' lang='lat' dir='ltr'>in</span> <span class='ocrx_word' id='word_1_229' title='bbox 269 1838 395 1879; x_wconf 89' lang='lat' dir='ltr'>bellis</span> <span class='ocrx_word' id='word_1_230' title='bbox 426 1838 679 1891; x_wconf 83' lang='lat' dir='ltr'>periculosis</span> <span class='ocrx_word' id='word_1_231' title='bbox 707 1836 877 1878; x_wconf 90' lang='lat' dir='ltr'>obirent</span> <span class='ocrx_word' id='word_1_232' title='bbox 901 1837 1096 1878; x_wconf 90' lang='lat' dir='ltr'>homines</span> <span class='ocrx_word' id='word_1_233' title='bbox 1124 1837 1353 1892; x_wconf 84' lang='lat' dir='ltr'>legationis</span> <span class='ocrx_word' id='word_1_234' title='bbox 1380 1851 1535 1879; x_wconf 84' lang='lat' dir='ltr'>munus</span> 
     </span>
     <span class='ocr_line' id='line_1_31' title="bbox 194 1895 1589 1951; baseline -0.004 -12"><span class='ocrx_word' id='word_1_235' title='bbox 194 1897 407 1939; x_wconf 89' lang='lat' dir='ltr'>audacius.</span> <span class='ocrx_word' id='word_1_236' title='bbox 478 1895 578 1937; x_wconf 92' lang='lat' dir='ltr'>Non</span> <span class='ocrx_word' id='word_1_237' title='bbox 621 1896 756 1951; x_wconf 91' lang='lat' dir='ltr'>igitur</span> <span class='ocrx_word' id='word_1_238' title='bbox 799 1896 993 1950; x_wconf 84' lang='lat' dir='ltr'>exempla</span> <span class='ocrx_word' id='word_1_239' title='bbox 1030 1895 1241 1936; x_wconf 88' lang='lat' dir='ltr'>maiorum</span> <span class='ocrx_word' id='word_1_240' title='bbox 1285 1896 1535 1950; x_wconf 87' lang='lat' dir='ltr'>quaerenda,</span> <span class='ocrx_word' id='word_1_241' title='bbox 1553 1908 1589 1934; x_wconf 82' lang='lat'>30</span> 
     </span>
     <span class='ocr_line' id='line_1_32' title="bbox 194 1954 1536 2008; baseline -0.001 -10"><span class='ocrx_word' id='word_1_242' title='bbox 194 1956 268 1998; x_wconf 87' lang='lat' dir='ltr'>sed</span> <span class='ocrx_word' id='word_1_243' title='bbox 312 1954 538 1997; x_wconf 89' lang='lat' dir='ltr'>consilium</span> <span class='ocrx_word' id='word_1_244' title='bbox 582 1957 648 1996; x_wconf 86' lang='lat' dir='ltr'>est</span> <span class='ocrx_word' id='word_1_245' title='bbox 685 1969 849 2008; x_wconf 91' lang='lat' dir='ltr'>eorum,</span> <span class='ocrx_word' id='word_1_246' title='bbox 891 1970 916 1995; x_wconf 89' lang='lat' dir='ltr'>a</span> <span class='ocrx_word' id='word_1_247' title='bbox 953 1968 1035 2008; x_wconf 91' lang='lat' dir='ltr'>quo</span> <span class='ocrx_word' id='word_1_248' title='bbox 1074 1954 1168 2008; x_wconf 89' lang='lat' dir='ltr'>ipsa</span> <span class='ocrx_word' id='word_1_249' title='bbox 1205 1954 1399 2008; x_wconf 80' lang='lat' dir='ltr'>exempla</span> <span class='ocrx_word' id='word_1_250' title='bbox 1432 1958 1536 1996; x_wconf 84' lang='lat' dir='ltr'>nata</span> 
     </span>
    </p>

    <p class='ocr_par' dir='ltr' id='par_1_5' title="bbox 38 1997 1535 2068">
     <span class='ocr_line' id='line_1_33' title="bbox 38 1997 1535 2068; baseline -0.001 -12"><span class='ocrx_word' id='word_1_251' title='bbox 38 1997 312 2067; x_wconf 43' lang='lat' dir='ltr'>x2sunt,</span> <span class='ocrx_word' id='word_1_252' title='bbox 350 2013 658 2068; x_wconf 87' lang='lat' dir='ltr'>explicandum.</span> <span class='ocrx_word' id='word_1_253' title='bbox 720 2012 826 2054; x_wconf 89' lang='lat' dir='ltr'>Lars</span> <span class='ocrx_word' id='word_1_254' title='bbox 859 2013 1129 2066; x_wconf 60' lang='lat' dir='ltr'>Tolumnius,</span> <span class='ocrx_word' id='word_1_255' title='bbox 1171 2027 1244 2054; x_wconf 84' lang='lat' dir='ltr'>rex</span> <span class='ocrx_word' id='word_1_256' title='bbox 1276 2011 1535 2066; x_wconf 83' lang='lat' dir='ltr'>Veientium,</span> 
     </span>
    </p>

    <p class='ocr_par' dir='ltr' id='par_1_6' title="bbox 158 2058 1585 2353">
     <span class='ocr_line' id='line_1_34' title="bbox 158 2058 1534 2127; baseline -0.001 -13"><span class='ocrx_word' id='word_1_257' title='bbox 158 2058 400 2127; x_wconf 69' lang='lat' dir='ltr'>“quattuor</span> <span class='ocrx_word' id='word_1_258' title='bbox 448 2072 615 2127; x_wconf 87' lang='lat' dir='ltr'>legatos</span> <span class='ocrx_word' id='word_1_259' title='bbox 662 2072 811 2126; x_wconf 91' lang='lat' dir='ltr'>populi</span> <span class='ocrx_word' id='word_1_260' title='bbox 854 2071 1037 2113; x_wconf 81' lang='lat' dir='ltr'>Romani</span> <span class='ocrx_word' id='word_1_261' title='bbox 1082 2070 1254 2123; x_wconf 79' lang='lat' dir='ltr'>Fidenis</span> <span class='ocrx_word' id='word_1_262' title='bbox 1304 2071 1534 2125; x_wconf 81' lang='lat' dir='ltr'>interemit,</span> 
     </span>
     <span class='ocr_line' id='line_1_35' title="bbox 195 2129 1533 2185; baseline -0.001 -13"><span class='ocrx_word' id='word_1_263' title='bbox 195 2146 378 2185; x_wconf 91' lang='lat' dir='ltr'>quorum</span> <span class='ocrx_word' id='word_1_264' title='bbox 416 2133 584 2172; x_wconf 87' lang='lat' dir='ltr'>statuae</span> <span class='ocrx_word' id='word_1_265' title='bbox 618 2133 832 2172; x_wconf 84' lang='lat' dir='ltr'>steterunt</span> <span class='ocrx_word' id='word_1_266' title='bbox 862 2144 995 2185; x_wconf 90' lang='lat' dir='ltr'>usque</span> <span class='ocrx_word' id='word_1_267' title='bbox 1029 2129 1081 2170; x_wconf 88' lang='lat' dir='ltr'>ad</span> <span class='ocrx_word' id='word_1_268' title='bbox 1113 2144 1252 2171; x_wconf 90' lang='lat' dir='ltr'>meam</span> <span class='ocrx_word' id='word_1_269' title='bbox 1284 2130 1533 2171; x_wconf 90' lang='lat' dir='ltr'>memoriam</span> 
     </span>
     <span class='ocr_line' id='line_1_36' title="bbox 192 2187 1585 2243; baseline -0.004 -12"><span class='ocrx_word' id='word_1_270' title='bbox 192 2190 238 2230; x_wconf 90' lang='lat' dir='ltr'>in</span> <span class='ocrx_word' id='word_1_271' title='bbox 269 2189 436 2231; x_wconf 88' lang='lat' dir='ltr'>rostris.</span> <span class='ocrx_word' id='word_1_272' title='bbox 491 2188 638 2230; x_wconf 86' lang='lat' dir='ltr'>Iustus</span> <span class='ocrx_word' id='word_1_273' title='bbox 667 2189 822 2243; x_wconf 81' lang='lat' dir='ltr'>honos3</span> <span class='ocrx_word' id='word_1_274' title='bbox 854 2188 905 2230; x_wconf 90' lang='lat' dir='ltr'>iis</span> <span class='ocrx_word' id='word_1_275' title='bbox 933 2189 1046 2230; x_wconf 86' lang='lat' dir='ltr'>enim</span> <span class='ocrx_word' id='word_1_276' title='bbox 1072 2188 1253 2230; x_wconf 88' lang='lat' dir='ltr'>maiores</span> <span class='ocrx_word' id='word_1_277' title='bbox 1278 2187 1428 2242; x_wconf 88' lang='lat' dir='ltr'>nostri,</span> <span class='ocrx_word' id='word_1_278' title='bbox 1460 2187 1532 2242; x_wconf 93' lang='lat' dir='ltr'>qui</span> <span class='ocrx_word' id='word_1_279' title='bbox 1552 2200 1585 2225; x_wconf 78' lang='lat'>35</span> 
     </span>
     <span class='ocr_line' id='line_1_37' title="bbox 194 2246 1534 2302; baseline -0.001 -14"><span class='ocrx_word' id='word_1_280' title='bbox 194 2248 248 2288; x_wconf 94' lang='lat' dir='ltr'>ob</span> <span class='ocrx_word' id='word_1_281' title='bbox 294 2263 383 2289; x_wconf 88' lang='lat' dir='ltr'>rem</span> <span class='ocrx_word' id='word_1_282' title='bbox 426 2248 643 2302; x_wconf 90' lang='lat' dir='ltr'>publicam</span> <span class='ocrx_word' id='word_1_283' title='bbox 687 2250 871 2288; x_wconf 92' lang='lat' dir='ltr'>mortem</span> <span class='ocrx_word' id='word_1_284' title='bbox 915 2247 1129 2300; x_wconf 90' lang='lat' dir='ltr'>obierant,</span> <span class='ocrx_word' id='word_1_285' title='bbox 1171 2261 1248 2301; x_wconf 91' lang='lat' dir='ltr'>pro</span> <span class='ocrx_word' id='word_1_286' title='bbox 1290 2246 1406 2287; x_wconf 86' lang='lat' dir='ltr'>brevi</span> <span class='ocrx_word' id='word_1_287' title='bbox 1442 2246 1534 2287; x_wconf 84' lang='lat' dir='ltr'>vita</span> 
     </span>
     <span class='ocr_line' id='line_1_38' title="bbox 193 2304 1532 2353; baseline -0.001 -7"><span class='ocrx_word' id='word_1_288' title='bbox 193 2305 442 2347; x_wconf 89' lang='lat' dir='ltr'>diuturnam</span> <span class='ocrx_word' id='word_1_289' title='bbox 480 2306 732 2348; x_wconf 90' lang='lat' dir='ltr'>memoriam</span> <span class='ocrx_word' id='word_1_290' title='bbox 770 2306 1054 2347; x_wconf 82' lang='lat' dir='ltr'>reddiderunt.</span> <span class='ocrx_word' id='word_1_291' title='bbox 1117 2304 1191 2347; x_wconf 87' lang='lat' dir='ltr'>Cn.</span> <span class='ocrx_word' id='word_1_292' title='bbox 1224 2304 1390 2353; x_wconf 88' lang='lat' dir='ltr'>Octavi,</span> <span class='ocrx_word' id='word_1_293' title='bbox 1429 2304 1532 2346; x_wconf 89' lang='lat' dir='ltr'>clari</span> 
     </span>
    </p>
   </div>
  </div>
 </body>
</html>
