1671 2543
575 76 677 112 CAP.
703 81 795 112 6—-8
822 81 840 120 g
869 81 1016 113 15-20.
1381 79 1468 121 423

125 186 284 228 furoris
317 185 567 227 inimicum?
630 185 691 226 At
723 185 854 226 etiam
881 185 1095 241 gladiator
1121 201 1248 228 ausus
1276 188 1342 228 est
1368 187 1468 229 scri·
1485 197 1528 228 18

124 245 225 286 bere
244 245 358 286 hunc
378 245 428 286 de
448 244 584 299 patris
606 248 649 285 et
668 245 810 298 patrui
831 245 1061 298 parricidio
1083 245 1310 300 cogitasse.
1343 245 1378 287 O
1401 247 1469 287 ad-

126 303 370 345 mirabilem
397 303 704 357 inpudentiam,
732 303 965 356 audaciam,
985 304 1287 359 temeritatem,
1306 305 1352 346 in
1372 319 1469 346 eum

126 362 443 404 adulescentem
473 362 556 403 hoc
589 362 773 404 scribere
807 362 973 416 audere,
1006 377 1132 416 quem
1159 376 1238 417 ego
1265 367 1309 404 et
1333 363 1470 405 frater

88 435 245 463 5meus
282 423 462 475 propter
501 420 590 462 eius
630 420 908 462 suavissimos
945 424 1073 475 atque
1106 422 1294 476 optimos
1326 437 1468 463 mores

124 480 631 534 praestantissimumque
658 480 877 534 ingenium
902 480 1101 520 certatim
1122 495 1314 522 amamus
1335 481 1470 522 omni-

123 539 289 593 busque
317 538 435 579 horis
457 538 604 592 oculis,
631 538 817 591 auribus,
845 539 1068 592 complexu
1090 540 1302 580 tenemus!
1353 539 1468 581 Nam

125 612 192 639 me
224 597 360 638 isdem
392 596 543 639 edictis
574 597 713 639 nescit
744 597 887 638 laedat
919 612 973 638 an
1004 597 1161 638 laudet.
1219 596 1327 639 Cum
1353 599 1469 640 idem

125 655 384 710 supplic-ium
416 656 606 697 minatur
638 656 814 710 optimis
847 655 1024 710 civibus,
1056 656 1169 710 quod
1195 670 1273 711 ego
1306 657 1355 698 de
1382 671 1468 698 see-

72 714 396 756 1oleratissimis
435 729 484 756 ac
521 715 720 769 pessimis
760 715 1035 768 sumpserim,
1075 714 1248 755 laudare
1287 715 1469 769 videtur,

126 773 248 828 quasi
277 772 439 814 imitari
464 773 587 827 velit,
619 788 716 815 cum
743 777 886 814 autem
912 773 1032 814 illam
1058 773 1336 827 pulcherrimi
1361 773 1469 815 facti

125 831 376 873 memoriam
409 831 595 886 refricat,
630 835 723 873 tum
755 846 780 873 a
812 832 877 873 sui
910 831 1124 873 similibus
1156 831 1362 873 invidiam
1394 833 1468 874 ali-

125 905 253 945 quam
285 890 330 932 in
361 905 428 932 me
461 891 720 932 commoveri
753 894 890 945 putat.
1482 922 1508 964 8

215 948 297 990 Sed
330 948 432 1003 quid
459 948 563 990 fecit
588 949 709 1003 ipse?
767 949 874 991 Cum
901 952 968 990 tot
994 949 1133 990 edicta
1156 949 1525 1013 proposuisset,

71 1023 104 1048 15
125 1008 269 1061 edixit,
295 1011 344 1048 ut
371 1008 539 1049 adesset
565 1010 740 1049 senatus
765 1007 966 1062 frequens
993 1023 1027 1048 a.
1055 1008 1091 1049 d.
1118 1007 1227 1048 VIII
1249 982 1525 1050 Kalendas19

124 1066 404 1121 Decembr3es
448 1080 497 1108 eo
543 1066 609 1107 die
646 1066 737 1120 ipse
774 1081 861 1108 non
899 1066 1048 1107 adfuit.
1116 1066 1177 1107 At
1216 1080 1299 1120 quo
1338 1067 1466 1108 modo

124 1124 286 1166 edixit?
341 1124 461 1166 Haec
493 1128 605 1178 sunt,
635 1128 684 1166 ut
711 1125 874 1179 opinor,
906 1125 1036 1166 verba
1060 1125 1106 1166 in
1132 1127 1342 1166 extremo:
1399 1124 1467 1166 ‘Si

125 1183 237 1238 quis
293 1198 390 1225 non
447 1183 692 1237 adfuerit,
754 1183 883 1225 hunc
939 1183 1238 1224 existimare
1295 1198 1466 1225 omnes

123 1245 371 1297 poterunt
409 1245 458 1283 et
495 1242 744 1283 interitus
782 1243 877 1283 mei
909 1245 959 1283 et
989 1241 1467 1296 perditissimorum

70 1316 105 1341 20
125 1301 462 1343 consiliorum
495 1304 758 1342 auctorem
784 1299 970 1342 fuisse?
1028 1300 1145 1350 Quae
1173 1303 1274 1341 sunt
1297 1301 1468 1355 perdita

124 1359 333 1401 consilia?
372 1374 426 1401 an
463 1374 530 1414 ea,
569 1374 675 1414 quae
707 1360 924 1414 pertinent
956 1359 1008 1400 ad
1039 1359 1287 1400 libertatem
1318 1359 1468 1413 populi

112 1418 310 1465 ‚Romani
355 1418 705 1472 reciperandam?
750 1433 932 1472 quorum
974 1418 1254 1459 consiliorum
1293 1417 1467 1460 Caesari

124 1490 192 1517 me
231 1479 451 1517 auctorem
490 1481 533 1518 et
570 1477 840 1518 hortatorem
879 1480 922 1518 et
954 1491 1046 1518 esse
1079 1480 1122 1518 et
1152 1476 1285 1518 fuisse
1316 1476 1467 1518 fateor.

126 1533 396 1588 Quamquam
444 1535 518 1576 ille
561 1550 649 1577 non
692 1536 812 1591 eguit
856 1535 1035 1577 consilio
1081 1535 1350 1588 cuiusquam,
1395 1535 1469 1576 sed

73 1606 106 1631 25
126 1596 271 1633 tamen
304 1596 556 1646 currentem,
587 1597 637 1634 ut
669 1594 837 1647 dicitur,
868 1593 1057 1634 incitavi.
1119 1592 1233 1633 Nam
1264 1593 1467 1634 interitus

127 1651 298 1704 quidem
339 1651 404 1691 tui
443 1652 536 1705 quis
574 1652 712 1692 bonus
749 1666 836 1692 non
868 1654 981 1692 esset
1013 1653 1181 1704 auctor,
1213 1665 1310 1691 cum
1340 1651 1386 1691 in
1417 1666 1467 1693 eo

127 1709 242 1750 salus
274 1711 318 1749 et
348 1708 438 1749 vita
469 1709 623 1762 optimi
656 1709 872 1763 cuiusque,
903 1709 1082 1749 libertas
1107 1708 1257 1762 populi
1282 1708 1468 1750 Romani

126 1767 399 1823 dignitasque
438 1767 722 1808 consisteret?
792 1766 874 1808 Sed
913 1781 1009 1808 cum
1036 1770 1126 1807 tam
1159 1766 1294 1807 atroci
1327 1767 1467 1808 edicto
1482 1775 1526 1806 20

124 1839 204 1867 nos
237 1825 556 1879 concitavisset,
595 1839 668 1866 cur
700 1825 790 1878 ipse
822 1839 908 1866 non
941 1824 1105 1866 adfuit?
1154 1824 1271 1865 Num
1302 1826 1468 1878 putatis

72 1903 106 1928 so
127 1884 270 1938 aliqua
302 1898 345 1924 16
372 1884 489 1924 tristi
515 1897 563 1924 ac
590 1883 764 1924 severa?
820 1883 919 1924 vino
945 1885 1073 1937 atque
1100 1883 1236 1937 epulis
1263 1886 1469 1937 retentus,

127 1943 163 1983 si
194 1942 293 1983 illae
326 1942 475 1995 epulae
507 1942 652 1995 potius
686 1956 814 1995 quam
838 1942 1020 2006 popinae
1045 1941 1329 1982 nominandae
1356 1944 1468 1995 sunt,

126 2001 239 2042 diem
288 2000 417 2041 edicti
461 2000 579 2041 obire
623 2000 830 2054 neglexit,
880 2000 925 2040 in
969 2003 1067 2040 ante
1111 2000 1223 2040 diem
1265 1975 1468 2053 quartuni

125 2059 342 2100 Kalendas
393 2057 651 2100 Decembres
679 2033 882 2099 Odistulit.
955 2058 1118 2099 Adesse
1162 2058 1207 2098 in
1250 2056 1466 2111 Capitolio

125 2118 271 2171 iussit3
299 2117 411 2170 quod
443 2117 488 2157 in
513 2117 723 2170 templum
748 2117 839 2170 ipse
864 2116 1009 2157 nescio
1037 2130 1121 2169 qua
1146 2130 1221 2170 per
1243 2114 1466 2157 Gallorum

73 2194 106 2218 35
127 2176 370 2217 cuniculum
398 2174 600 2216 ascendit.
654 2173 955 2216 Convenerunt
975 2175 1205 2228 corrogati,
1231 2176 1274 2215 et
1295 2174 1467 2227 quidem

126 2235 259 2288 ampli
286 2233 459 2288 quidam
484 2232 691 2286 homines,
719 2233 791 2273 sed
817 2232 1073 2273 inmemores
1106 2232 1332 2287 dignitatis
1353 2247 1466 2274 suae.

125 2292 169 2333 Is
203 2293 317 2333 enim
350 2294 442 2334 erat
474 2291 581 2344 dies,
616 2305 665 2332 ea
695 2290 826 2345 fama,
858 2291 914 2344 is,
946 2290 1018 2345 qui
1051 2294 1248 2332 senatum
1279 2294 1469 2333 vocarat.
