1671 2543
432 431 492 478 M.
532 429 722 476 TULLI
760 427 1092 476 CICERONIS
1130 426 1361 475 ORATIO

468 539 604 593 PRO
633 539 701 593 Μ.
726 538 1017 593 AEMILIO
1046 536 1327 593 SOAURO.

292 738 362 776 DE
388 736 496 775 HAG
530 734 801 775 ORATIONE
833 734 1094 775 ASOONIUS
1126 734 1271 774 HAEC
1302 734 1500 774 HABET:

317 814 423 848 Hanc
456 824 602 858 quoque
639 796 846 848 orationem
884 813 1025 848 eisdem
1062 811 1278 847 consulibus
1312 811 1409 846 dixit
1438 810 1572 856 quibus

222 872 289 906 pro
314 860 486 904 Vatinio,
512 860 551 896 L.
578 858 744 895 Domitio
771 860 993 895 Aenobarbo
1020 861 1059 895 et
1083 860 1140 904 Ap
1143 859 1205 903 pio
1233 858 1389 894 Claudio
1415 858 1574 894 Pulchro

222 919 315 991 010εὲ.
341 907 540 1001 'zffgufmus
572 907 704 943 iudicii
730 907 811 942 dies
837 907 911 942 fuit
937 918 968 942 a.
997 906 1031 943 d.
1058 906 1109 941 111
1117 871 1263 941 pNonas
1290 905 1496 952 Septembr.
1523 906 1574 952 [a.

565 1024 949 1063 ARGUMENTUM
980 1023 1085 1063 HOC
1116 1023 1232 1062 EST:

319 1101 367 1136 M.
402 1101 579 1144 Scaurus,
609 1100 657 1135 M
691 1100 821 1135 Scauri
842 1101 969 1144 filius,
1007 1100 1072 1145 qui
1103 1101 1276 1145 princeps
1310 1100 1460 1135 senatus
1491 1099 1574 1143 fuit,

223 1147 399 1183 vitricum
434 1147 571 1182 habuit
602 1147 758 1189 Sullam
799 1159 872 1192 quo
910 1147 1052 1182 victore
1091 1152 1130 1183 et
1167 1146 1340 1182 munifico
1377 1147 1415 1181 in
1454 1146 1575 1182 socios

225 1195 409 1231 victoriae
434 1195 491 1230 ita
516 1195 709 1230 abstinens
735 1176 818 1238 f'uit,
845 1196 888 1229 ut
917 1195 1012 1229 nihil
1031 1205 1152 1239 neque
1173 1193 1305 1228 donari
1325 1193 1397 1229 sibi
1415 1193 1577 1228 voluerit

227 1253 349 1287 neque
393 1241 440 1276 ab
478 1242 590 1276 hasta
627 1241 769 1277 emeiit.
831 1241 1078 1276 Aedilitatem
1115 1252 1261 1275 summa
1295 1240 1576 1285 magnificentia

225 1289 362 1335 gessit
402 1289 496 1323 adeo
528 1290 571 1323 ut
601 1288 640 1322 in
671 1288 750 1323 eius
784 1289 971 1333 impensas
998 1299 1086 1333 opes
1114 1299 1198 1322 suas
1225 1287 1475 1332 absumpserit
1498 1298 1575 1322 ma-

225 1347 415 1381 gnumque
454 1346 516 1370 aes
555 1335 718 1369 alienum
754 1335 991 1370 contraxerit.
1046 1335 1101 1369 Ex
1136 1336 1314 1379 praetura
1344 1334 1576 1379 provinciam

227 1382 440 1418 Sardiniam
466 1381 642 1425 obtinuit,
668 1381 707 1416 in
733 1393 806 1425 qua
830 1393 950 1427 neque
970 1382 1063 1416 satis
1090 1381 1324 1416 abstinenter
1349 1392 1388 1416 se
1414 1381 1575 1426 gessisse

224 1429 464 1465 existimatus
503 1431 560 1463 est
597 1431 635 1464 01
664 1428 774 1463 valde
807 1431 1042 1473 arroganter,
1082 1429 1182 1473 quod
1213 1440 1330 1473 genus
1362 1440 1506 1464 morum
1536 1429 1575 1463 in

229 1488 272 1512 eo
297 1478 495 1522 paternum
521 1476 730 1519 videbatur,
757 1487 840 1509 cum
866 1477 992 1510 cetera
1016 1475 1203 1510 industria
1221 1486 1457 1520 nequaquam
1478 1479 1578 1511 esset

225 1535 305 1569 par.
355 1523 450 1558 Erat
472 1525 599 1558 tamen
625 1522 828 1567 aliquando
854 1522 953 1558 inter
976 1525 1155 1568 patronos
1182 1534 1379 1557 causarum
1399 1525 1446 1567 et,
1472 1525 1576 1568 post-

227 1582 339 1615 quam
365 1582 409 1605 ex
434 1570 629 1615 provincia
653 1570 827 1613 redierat,
854 1570 1001 1605 dixerat
1024 1581 1091 1615 pro
1119 1571 1155 1606 C.
1184 1569 1337 1614 Catone,
1363 1570 1470 1615 isque
1496 1571 1578 1605 erat

228 1618 424 1653 absolutus
451 1628 482 1652 a.
511 1617 545 1652 d.
571 1617 622 1652 IV
647 1617 776 1651 Nonas
803 1617 926 1659 Quint.
978 1618 1061 1662 Ipse
1088 1629 1171 1652 cum
1197 1619 1244 1652 ad
1270 1617 1486 1652 consulatus
1512 1628 1576 1662 pe-

227 1664 402 1700 titionem
429 1676 461 1699 a.
489 1665 523 1698 d.
550 1665 600 1698 111
627 1664 706 1699 Kal.
734 1664 858 1707 Quint.
886 1664 1042 1699 Romam
1066 1664 1236 1708 redisset,
1263 1664 1504 1709 querentibus
1530 1664 1577 1699 de

228 1722 273 1747 eo
300 1711 428 1747 Sardis
460 1722 484 1746 a
508 1711 546 1747 P.
574 1711 726 1746 Valerio
754 1711 917 1755 Triario,
951 1712 1190 1747 adulescente
1215 1713 1349 1756 parato
1377 1711 1424 1746 ad
1450 1711 1575 1746 dicen-

228 1759 316 1793 dum
343 1762 382 1794 et
406 1760 518 1793 notae
543 1758 766 1803 industriae,
798 1759 875 1794 filio
902 1758 992 1802 eius,
1019 1759 1083 1803 qui
1109 1759 1148 1793 in
1175 1758 1346 1793 Sardinia
1371 1760 1501 1794 contra
1525 1758 1575 1794 M.

227 1806 409 1852 Lepidum
452 1817 556 1840 arma
596 1805 737 1841 tulerat
779 1808 818 1841 et
861 1808 949 1850 post
990 1806 1029 1840 in
1065 1806 1157 1840 Asia
1199 1805 1346 1850 legatus
1383 1805 1576 1850 Pontoque

227 1853 266 1888 L.
293 1853 439 1887 Luculli
464 1853 603 1896 fuerat,
638 1865 721 1888 cum
752 1851 784 1887 is
815 1852 954 1887 bellum
981 1854 1111 1888 contra
1135 1852 1393 1887 Mithridatem
1418 1854 1576 1897 gereret,

226 1900 440 1945 postulatus
472 1904 522 1935 cst
553 1901 652 1945 apud
678 1899 725 1934 M.
753 1900 932 1935 Catonem
961 1903 1172 1945 praetorem
1196 1900 1502 1944 repetundarum,
1533 1900 1577 1934 ut

227 1948 268 1982 in
294 1948 388 1982 actis
415 1947 595 1991 scriptum
622 1948 689 1989 est,
714 1946 836 1991 pridie
856 1947 983 1982 Nonas
1003 1947 1155 1989 Quintil.
1181 1949 1268 1992 post
1293 1946 1391 1981 diem
1411 1946 1574 1987 tertium,

228 2005 340 2038 quam
368 1995 404 2030 Ο.
426 1993 520 2029 Cato
549 1996 630 2029 erat
655 1994 859 2030 absolutus.
911 1993 1218 2039 Subscripserunt
1236 1993 1380 2028 Triario
1405 1993 1445 2028 in
1465 1993 1575 2027 Scau-

227 2053 309 2075 rum
347 2042 387 2076 L.
425 2040 566 2075 Marius
596 2040 636 2076 L.
667 2041 709 2084 f.‚
751 2042 806 2076 M.
840 2042 879 2076 et
911 2041 952 2083 Q.
985 2041 1136 2076 Pacuvii
1167 2041 1317 2085 fratres,
1356 2039 1574 2092 cognomine

229 2087 393 2131 Claudii,
425 2087 490 2131 qui
521 2087 778 2132 inquisitionis
809 2087 848 2122 in
881 2087 1092 2123 Sardiniam
1122 2088 1287 2132 itemque
1317 2087 1358 2122 111
1388 2086 1574 2138 Corsicam

228 2134 370 2169 insulas
397 2134 477 2169 dies
503 2136 664 2187 tricenos
691 2138 915 2180 acceperunt
938 2146 1060 2179 neque
1084 2135 1244 2180 profecti
1269 2135 1355 2169 sunt
1380 2133 1427 2167 ad
1452 2132 1573 2176 inqui—

228 2182 393 2216 rendum.
434 2181 545 2216 Cuius
565 2181 620 2216 rei
638 2181 736 2216 113110
750 2193 901 2216 causam
913 2182 1132 2225 reddebant,
1153 2181 1252 2226 quod
1265 2180 1408 2214 interea
1420 2179 1574 2214 comitia

228 2227 442 2279 consularia
466 2229 594 2263 futura
619 2230 758 2271 essent,
790 2229 923 2264 timere
949 2240 1036 2274 ergo
1063 2240 1113 2273 se,
1139 2239 1185 2263 ne
1211 2227 1368 2262 Scaurus
1395 2237 1440 2260 ea
1463 2238 1573 2280 pecu-

227 2273 307 2317 nia,
346 2286 457 2327 quam
490 2287 513 2309 a
544 2275 654 2310 sociis
688 2275 922 2319 abstulisset,
955 2277 1095 2311 emeret
1105 2258 1359 2310 consulatum
1391 2275 1443 2316 et,
1478 2273 1575 2309 sicut

227 2323 336 2364 pater
357 2321 436 2356 eius
455 2321 618 2366 fecisset,
639 2323 839 2366 antequam
859 2323 905 2358 de
925 2333 969 2358 eo
982 2321 1142 2357 iudicari
1153 2322 1290 2366 posset,
1310 2301 1575 2365 magistratum
