1671 2543
468 356 530 404 M.
570 356 757 403 TULLI
795 357 1125 405 CICERONIS

356 475 492 530 PRO
536 475 592 542 Q.
637 476 926 532 LIGARIO
971 477 1242 533 ORATIO.

579 726 1009 771 ARGUMENTUM.

221 829 261 872 Q.
288 830 468 875 Ligarius,
496 831 695 873 antequam
720 829 862 864 bellum
887 829 996 865 civile
1022 830 1120 865 inter
1145 831 1182 866 C.
1209 831 1404 866 Caesarem
1429 832 1468 865 et

126 876 191 913 Cn.
217 876 434 922 Pompeium
460 878 582 912 ortum
608 878 680 919 est,
707 875 744 912 0.
772 876 986 912 Considium
1011 877 1180 923 Longum
1203 889 1270 922 pro
1295 879 1468 922 praetore

126 924 274 968 legatus
306 924 346 958 in
375 923 608 968 provinciam
632 923 798 957 Africam
829 925 977 958 secutus
1011 926 1101 959 erat.
1151 925 1185 959 Is
1212 924 1394 960 decedens
1421 923 1467 958 de

126 969 319 1015 provincia
349 970 553 1014 reliquerat
577 969 617 1004 in
636 969 764 1004 Africa
790 969 829 1011 Q.
856 970 1047 1014 Ligarium
1072 981 1228 1015 eumque
1253 970 1467 1016 provinciae

126 1017 368 1070 praefecerat:
418 1016 509 1051 Cum
533 1016 677 1050 interea
700 1016 841 1050 bellum
868 1016 977 1052 civile
1003 1019 1171 1053 exortum
1196 1019 1311 1061 esset,
1338 1017 1403 1061 qui
1427 1017 1468 1052 in

126 1075 172 1153 232²?
192 1074 443 1155 11353331211?
447 1062 875 1154 {zfssugufiguepssffiffi
885 1064 1140 1146 8333255330
1154 1064 1468 1146 Ηέἕέἓὲἶέἓὲῗιέ

126 1157 268 1202 ciperet
298 1138 548 1201 Pompeioque
584 1156 815 1201 provinciam
851 1159 1094 1192 conservaret
1145 1157 1234 1192 Cum
1271 1158 1303 1192 is
1340 1159 1466 1192 tamen

125 1204 229 1238 nullo
255 1215 294 1239 se
319 1203 507 1248 implicari
532 1202 684 1248 negotio
705 1214 836 1248 passus
858 1206 966 1246 esset,
992 1204 1043 1239 Ρ.
1052 1204 1178 1239 Attius
1198 1205 1329 1248 Varus,
1356 1215 1466 1248 quem

126 1253 257 1286 contra
290 1250 327 1297 C.
355 1250 548 1286 Caesarem
581 1249 808 1285 militantem
840 1250 880 1285 in
911 1261 1000 1295 agro
1025 1250 1160 1286 Piceno
1193 1251 1242 1285 ad
1267 1250 1467 1285 Auximum

126 1298 313 1341 cohortes,
345 1309 437 1342 quas
464 1297 640 1340 ducebat,
664 1297 929 1341 wdeserueiant,
955 1297 994 1331 in
1019 1297 1184 1332 Africam
1209 1298 1312 1333 venit
1338 1299 1376 1332 et
1399 1296 1466 1332 im-

125 1344 271 1397 perium
290 1344 470 1389 adripuit.
498 1343 585 1386 Qui
611 1355 695 1378 cum
719 1344 848 1388 paucis
874 1346 961 1379 ante
988 1344 1094 1379 annis
1121 1356 1165 1379 ex
1189 1347 1364 1389 praetura
1383 1355 1466 1378 eam

125 1391 358 1436 provinciam
395 1390 634 1434 obtinuisset,
673 1390 784 1425 facile
824 1390 965 1425 dilectu
1001 1391 1132 1426 habito
1171 1391 1264 1426 duas
1297 1391 1465 1436 legiones

116 1437 261 1472 effecit.
311 1438 429 1480 Quam
463 1438 509 1472 ob
535 1448 722 1476 remcum
746 1437 785 1471 L.
812 1437 940 1472 Aelius
964 1437 1126 1481 Tubero,
1160 1438 1220 1472 cui
1245 1449 1289 1473 ex
1315 1439 1465 1472 senatus

128 1484 296 1519 consulto
322 1486 422 1519 sorte
448 1495 492 1519 ea
515 1484 709 1529 provincia
733 1484 950 1528 obtigisset,
982 1484 1022 1519 in
1047 1484 1213 1519 Africam
1236 1484 1398 1528 veniret,
1425 1486 1467 1519 ut

126 1530 355 1583 provinciam
382 1530 513 1574 adiret,
539 1542 562 1565 a
580 1530 619 1565 P.
640 1532 738 1565 Varo
765 1531 934 1565 exclusus
954 1532 1012 1565 est
1030 1531 1140 1575 eique
1159 1543 1205 1566 ne
1224 1531 1295 1566 hoc
1315 1531 1467 1575 quidem

127 1577 359 1622 permissum,
378 1579 421 1612 ut
439 1577 624 1612 infirmum
643 1577 758 1611 filium
779 1579 981 1622 exponeret
1000 1579 1112 1629 atque
1133 1588 1268 1621 aquam
1287 1578 1464 1620 hauriret,

128 1635 202 1668 qua
226 1625 265 1658 in
288 1634 328 1658 re
353 1624 517 1668 gerenda
541 1624 580 1659 P.
606 1624 723 1658 Varus
749 1624 790 1666 Q.
816 1624 960 1669 Ligari,
994 1624 1057 1667 qui
1081 1624 1229 1668 legatus
1254 1624 1294 1658 in
1317 1624 1464 1669 provin-

129 1670 188 1705 cia
212 1671 451 1712 remanserat,
478 1681 590 1714 opera
614 1681 701 1704 usus
728 1672 794 1705 est.
845 1671 884 1705 L.
911 1669 1039 1704 Aelius
1065 1681 1147 1704 cum
1173 1672 1271 1704 esset
1296 1671 1466 1705 exclusus

128 1717 269 1760 Africa,
303 1727 386 1750 cum
416 1698 493 1751 filio
525 1727 590 1750 suo
621 1716 661 1750 111
691 1716 949 1751 Macedoniam
980 1727 1018 1750 se
1050 1717 1260 1750 contulerat
1290 1718 1402 1760 atque
1427 1716 1466 1750 in

128 1763 191 1799 011.
223 1763 378 1808 Pompei
409 1762 533 1797 castra
561 1764 798 1807 pervenerat,
829 1764 914 1807 post
945 1764 1069 1797 autem
1099 1773 1227 1806 pugna
1250 1762 1468 1797 Pharsalica

128 1810 328 1845 commissa
363 1809 511 1844 veniam
546 1820 569 1843 a
606 1808 644 1843 C
684 1808 840 1844 Caesare
874 1808 1152 1853 impetraverat.
1215 1809 1256 1851 Q.
1295 1808 1466 1854 Ligarius

127 1857 272 1892 interea
302 1867 377 1890 una
408 1867 490 1890 cum
521 1854 558 1890 0.
585 1854 758 1889 Considio
790 1855 868 1889 filio
898 1855 1040 1899 proelio
1072 1855 1120 1890 ad
1146 1855 1335 1900 Thapsum
1367 1855 1466 1890 facto

127 1904 167 1938 in
192 1905 419 1955 potest-atem
445 1901 614 1936 Caesaris
641 1901 739 1946 apud
763 1901 1007 1936 Adrumetum
1031 1904 1266 1946 pervenerat,
1293 1902 1357 1945 qui
1383 1913 1466 1937 eum

129 1961 304 1985 concessa
338 1949 419 1984 vita
449 1948 569 1982 solum
599 1950 742 1982 vertere
773 1948 893 1984 iussit.
948 1949 1054 1983 Anno
1085 1961 1121 1994 p.
1153 1959 1186 1983 u.
1220 1960 1250 1983 c.
1284 1952 1351 1984 708
1383 1960 1468 1984 cum

127 1997 262 2032 fratres
289 1996 329 2038 Q.
356 1994 484 2040 Ligari
514 1994 555 2028 id
587 1996 808 2029 conarentur
839 1994 999 2039 efficere,
1031 1997 1074 2030 ut
1103 1995 1212 2030 fratri
1242 1995 1404 2029 reditum
1429 1994 1466 2030 0.

128 2043 265 2078 Caesar
296 2042 532 2084 concederet,
569 2052 616 2076 ne
646 2041 686 2075 id
711 2041 971 2086 impetrarent,
1009 2052 1032 2076 a
1062 2043 1101 2078 P.
1135 2041 1242 2077 Aelio
1272 2042 1466 2077 Tuberone

128 2090 206 2125 filio
238 2090 337 2135 apud
369 2089 406 2124 0.
439 2088 632 2123 Caesarem
663 2087 883 2123 dictatorem
910 2087 951 2129 Q.
977 2088 1148 2133 Ligarius
1181 2089 1226 2123 de
1257 2089 1466 2132 maiestate,

128 2138 171 2171 ut
194 2137 358 2180 videtur,
385 2137 578 2171 accusatus
605 2136 671 2169 est.
721 2134 815 2169 Eum
839 2135 910 2169 hac
935 2134 1018 2179 ipsa
1044 2135 1224 2178 oratione,
1252 2146 1345 2178 quae
1371 2135 1468 2170 infra

128 2183 278 2228 legitur,
304 2194 379 2218 una
404 2194 487 2216 cum
512 2182 548 2217 C.
570 2181 690 2216 Pansa
708 2180 756 2216 M
778 2180 903 2216 Ciceio
929 2181 985 2216 ita
1005 2182 1182 2225 defendit,
1213 2183 1256 2216 ut
1276 2181 1311 2217 C.
1333 2181 1468 2217 Caesar
1509 2207 1515 2213 .

129 2241 213 2265 eum
238 2230 389 2265 crimine
415 2229 593 2263 liberaret
618 2227 852 2273 reditumque
879 2227 1108 2264 concederet.
