1671 2543
200 115 287 156 486
336 115 388 151 IN
413 114 461 151 M.
488 114 742 151 ANTONIUM
768 113 842 149 ΟΒ.
868 113 988 149 PHIL.
1020 113 1115 149 VIII.
1160 113 1260 150 CAP.
1291 119 1330 149 11
1359 118 1379 157 ξ
1405 118 1462 155 32.
1488 119 1546 150 33.

203 238 299 265 cum
330 223 490 277 partim
522 237 544 263 e
575 222 700 263 nobis
733 222 796 263 ita
827 222 967 263 timidi
995 222 1094 275 sint,
1125 225 1174 263 ut
1201 236 1369 264 omnem
1395 221 1544 277 populi

202 282 386 324 Romani
411 281 714 323 beneficiorum
742 281 992 322 memoriam
1020 281 1267 335 abiecerint,
1298 281 1456 336 partim
1482 281 1546 322 ita

202 356 227 383 a
258 355 303 382 re
335 341 509 395 publica
541 340 691 394 aversi,
722 342 771 380 ut
803 354 847 381 se
878 339 996 381 hosti
1023 339 1165 381 favere
1191 354 1293 394 prae
1321 354 1365 382 se
1390 339 1545 394 ferant,

201 400 369 455 legatos
400 401 571 441 nostros
604 398 658 439 ab
684 397 876 440 Antonio
909 399 1133 452 despectos
1166 401 1209 440 et
1238 399 1393 440 inrisos
1419 398 1544 440 facile

201 459 440 513 patiantur,
478 457 668 513 legatum
700 457 863 498 Antoni
901 457 1171 499 sublevatum
1210 457 1356 499 velint.
1417 457 1544 499 Hunc
1580 472 1597 498 5

202 517 315 559 enim
348 516 486 557 reditu
514 517 565 557 ad
592 515 829 557 Antonium
855 516 1073 570 prohiberi
1099 517 1320 572 negabant
1346 519 1544 571 oportere

202 579 246 617 et
277 576 322 616 in
353 575 500 617 eodem
534 575 781 629 excipiendo
809 575 1065 616 sententiam
1093 590 1231 616 meam
1259 575 1544 630 corrigebant.

202 634 367 683 Quibus
400 647 546 689 geram
579 648 753 675 morem.
810 633 973 675 Redeat
1006 634 1056 675 ad
1087 634 1392 688 imperatorem
1418 648 1542 675 suum

200 692 379 747 Varius,
418 693 490 734 sed
529 707 578 734 ea
609 693 720 748 lege,
757 706 809 733 ne
842 707 1044 747 umquam
1077 692 1260 734 Romam
1293 695 1543 734 revertatur.

201 750 365 793 Ceteris
405 753 567 805 autem,
605 752 642 793 si
680 765 868 792 errorem
906 765 1030 793 suum
1063 751 1339 806 deposuerint
1371 754 1413 793 et
1446 766 1542 793 cum
1564 766 1597 791 10

200 824 244 851 re
270 810 443 864 publica
469 810 513 851 in
539 810 725 865 gratiam
753 810 968 865 redierint,
994 811 1161 852 veniam
1188 814 1231 852 et
1257 811 1543 865 inpunitatem

201 869 383 910 dandam
414 871 533 923 puto.

292 927 407 977 Quas
440 928 494 970 ob
527 942 594 969 res
626 929 690 970 ita
721 934 890 970 censeo:
923 927 1114 982 ‘Eorum,
1146 928 1219 983 qui
1252 942 1348 970 cum
1374 927 1431 969 M.
1457 928 1544 970 An-

198 987 319 1028 tonio
364 990 482 1040 sunt,
527 987 599 1042 qui
640 987 694 1028 ab
734 987 864 1028 armis
903 987 1178 1029 discesserint
1215 989 1258 1028 et
1294 989 1368 1028 aut
1407 987 1459 1028 ad
1497 985 1542 1029 G.

199 1045 386 1087 Pansam
435 1049 509 1087 aut
558 1046 609 1087 ad
666 1045 715 1088 A.
770 1046 962 1087 Hirtium
1012 1046 1207 1088 consules
1264 1048 1338 1087 aut
1394 1045 1446 1087 ad
1489 1044 1541 1087 D.
1564 1058 1597 1084 15

198 1104 383 1146 Brutum
421 1104 742 1159 imperatorem,
785 1105 1003 1147 consulem
1041 1105 1333 1161 designatum,
1377 1107 1452 1146 aut
1491 1104 1543 1145 ad

200 1162 244 1205 C.
279 1162 506 1205 Caesarem
543 1178 621 1218 pro
660 1166 856 1218 praetore
896 1167 994 1205 ante
1026 1163 1128 1205 Idus
1160 1163 1341 1205 Martias
1380 1163 1542 1218 primas

200 1222 402 1276 adierint,
452 1223 504 1263 iis
549 1222 688 1263 fraudi
722 1228 784 1263 *ne
830 1222 903 1276 sit,
954 1223 1066 1276 quod
1108 1237 1204 1264 cum
1248 1221 1304 1263 M.
1348 1221 1541 1263 Antonio

199 1280 370 1321 fuerint.
440 1279 485 1322 Si
525 1282 618 1335 quis
658 1296 822 1334 eorum,
861 1281 934 1335 qui
973 1296 1067 1322 cum
1106 1280 1162 1322 M.
1200 1281 1391 1322 Antonio
1430 1282 1542 1334 sunt,

199 1338 361 1393 fecerit,
394 1340 506 1394 quod
538 1339 699 1381 honore
730 1340 974 1393 praemiove
1007 1340 1184 1394 dignum
1215 1353 1306 1380 esse
1334 1339 1540 1392 videatur,
1561 1352 1595 1378 20

200 1398 265 1439 uti
297 1396 342 1439 O.
369 1397 509 1439 Pansa
535 1398 585 1439 A.
613 1397 781 1439 Hirtius
815 1398 1022 1451 consules,
1054 1398 1163 1439 alter
1194 1398 1386 1451 ambove,
1418 1397 1455 1438 si
1486 1397 1541 1439 iis

199 1456 425 1511 videbitur,
457 1457 507 1498 de
539 1457 629 1498 eius
655 1457 816 1498 honore
842 1457 1084 1510 praemiove
1111 1456 1250 1510 primo
1279 1470 1447 1510 quoque
1473 1455 1541 1497 die

200 1515 251 1556 ad
289 1517 485 1556 senatum
523 1515 720 1557 referant.
784 1514 830 1557 Si
869 1515 941 1569 qui
979 1518 1079 1569 post
1116 1515 1198 1556 hoc
1237 1517 1410 1556 senatus
1445 1528 1542 1556 con-

200 1574 362 1615 sultum
389 1574 440 1615 ad
461 1574 698 1616 Antonium
718 1573 938 1628 profectus
959 1576 1072 1615 esset
1091 1576 1260 1628 praeter
1280 1572 1326 1614 L.
1346 1573 1541 1628 Varium,

198 1635 395 1674 senatum
410 1633 755 1675 existimaturum
770 1647 866 1674 eum
876 1636 1025 1674 contra
1035 1647 1124 1674 rem
1132 1633 1350 1687 publicam
1360 1631 1539 1674 fecisse?
1559 1644 1594 1672 2⁵
