<?xml version="1.0" encoding="UTF-8"?>
<!DOCTYPE html PUBLIC "-//W3C//DTD XHTML 1.0 Transitional//EN"
    "http://www.w3.org/TR/xhtml1/DTD/xhtml1-transitional.dtd">
<html xmlns="http://www.w3.org/1999/xhtml" xml:lang="en" lang="en">
 <head>
  <title>
</title>
<meta http-equiv="Content-Type" content="text/html;charset=utf-8" />
  <meta name='ocr-system' content='tesseract 3.04.00' />
  <meta name='ocr-capabilities' content='ocr_page ocr_carea ocr_par ocr_line ocrx_word'/>
</head>
<body>
  <div class='ocr_page' id='page_1' title='image "./p3scriptaquaemanse02ciceuoft_0561.png"; bbox 0 0 1671 2543; ppageno 0'>
   <div class='ocr_carea' id='block_1_1' title="bbox 521 76 1451 119">
    <p class='ocr_par' dir='ltr' id='par_1_1' title="bbox 521 76 1451 119">
     <span class='ocr_line' id='line_1_1' title="bbox 521 76 1451 119; baseline 0.003 -6"><span class='ocrx_word' id='word_1_1' title='bbox 521 76 622 113; x_wconf 85' lang='lat' dir='ltr'>CAP.</span> <span class='ocrx_word' id='word_1_2' title='bbox 650 80 789 112; x_wconf 85' lang='lat'>38—40</span> <span class='ocrx_word' id='word_1_3' title='bbox 815 80 833 119; x_wconf 61' lang='grc' dir='ltr'>ξ</span> <span class='ocrx_word' id='word_1_4' title='bbox 860 79 1034 111; x_wconf 80' lang='lat'>98—103.</span> <span class='ocrx_word' id='word_1_5' title='bbox 1365 76 1451 116; x_wconf 86' lang='lat'>409</span> 
     </span>
    </p>
   </div>
   <div class='ocr_carea' id='block_1_2' title="bbox 55 183 1530 2349">
    <p class='ocr_par' dir='ltr' id='par_1_2' title="bbox 55 183 1530 2349">
     <span class='ocr_line' id='line_1_2' title="bbox 104 183 1449 242; baseline -0.004 -13"><span class='ocrx_word' id='word_1_6' title='bbox 104 187 248 242; x_wconf 89' lang='lat' dir='ltr'><strong>Aprili</strong></span> <span class='ocrx_word' id='word_1_7' title='bbox 283 190 412 241; x_wconf 86' lang='lat' dir='ltr'>atque</span> <span class='ocrx_word' id='word_1_8' title='bbox 438 185 567 240; x_wconf 89' lang='lat' dir='ltr'>Maio,</span> <span class='ocrx_word' id='word_1_9' title='bbox 599 188 693 227; x_wconf 87' lang='lat' dir='ltr'>tum</span> <span class='ocrx_word' id='word_1_10' title='bbox 726 200 822 227; x_wconf 89' lang='lat' dir='ltr'>cum</span> <span class='ocrx_word' id='word_1_11' title='bbox 855 185 986 226; x_wconf 90' lang='lat' dir='ltr'>etiam</span> <span class='ocrx_word' id='word_1_12' title='bbox 1013 183 1205 239; x_wconf 83' lang='lat' dir='ltr'>Capuam</span> <span class='ocrx_word' id='word_1_13' title='bbox 1237 183 1449 225; x_wconf 87' lang='lat' dir='ltr'>coloniam</span> 
     </span>
     <span class='ocr_line' id='line_1_3' title="bbox 106 242 1449 293; baseline -0.004 -5"><span class='ocrx_word' id='word_1_14' title='bbox 106 246 314 288; x_wconf 83' lang='lat' dir='ltr'>deducere</span> <span class='ocrx_word' id='word_1_15' title='bbox 347 247 527 288; x_wconf 89' lang='lat' dir='ltr'>conatus</span> <span class='ocrx_word' id='word_1_16' title='bbox 560 245 622 286; x_wconf 84' lang='lat' dir='ltr'>es!</span> <span class='ocrx_word' id='word_1_17' title='bbox 681 244 817 293; x_wconf 83' lang='lat' dir='ltr'>Quem</span> <span class='ocrx_word' id='word_1_18' title='bbox 850 244 902 285; x_wconf 89' lang='lat' dir='ltr'>ad</span> <span class='ocrx_word' id='word_1_19' title='bbox 934 243 1109 285; x_wconf 90' lang='lat' dir='ltr'>modum</span> <span class='ocrx_word' id='word_1_20' title='bbox 1140 243 1260 284; x_wconf 90' lang='lat' dir='ltr'>illinc</span> <span class='ocrx_word' id='word_1_21' title='bbox 1292 242 1449 284; x_wconf 91' lang='lat' dir='ltr'>abieris</span> 
     </span>
     <span class='ocr_line' id='line_1_4' title="bbox 106 300 1517 359; baseline -0.004 -13"><span class='ocrx_word' id='word_1_22' title='bbox 106 305 173 346; x_wconf 90' lang='lat' dir='ltr'>vel</span> <span class='ocrx_word' id='word_1_23' title='bbox 211 304 357 359; x_wconf 90' lang='lat' dir='ltr'>potius</span> <span class='ocrx_word' id='word_1_24' title='bbox 396 318 530 358; x_wconf 87' lang='lat' dir='ltr'>paene</span> <span class='ocrx_word' id='word_1_25' title='bbox 567 318 655 345; x_wconf 90' lang='lat' dir='ltr'>non</span> <span class='ocrx_word' id='word_1_26' title='bbox 693 303 868 357; x_wconf 81' lang='lat' dir='ltr'>abieris,</span> <span class='ocrx_word' id='word_1_27' title='bbox 911 303 1080 344; x_wconf 89' lang='lat' dir='ltr'>scimus.</span> <span class='ocrx_word' id='word_1_28' title='bbox 1149 300 1230 344; x_wconf 91' lang='lat' dir='ltr'>Cui</span> <span class='ocrx_word' id='word_1_29' title='bbox 1266 304 1316 342; x_wconf 87' lang='lat' dir='ltr'>tu</span> <span class='ocrx_word' id='word_1_30' title='bbox 1352 300 1517 342; x_wconf 88' lang='lat' dir='ltr'>urbi1ol</span> 
     </span>
     <span class='ocr_line' id='line_1_5' title="bbox 105 359 1449 416; baseline -0.004 -11"><span class='ocrx_word' id='word_1_31' title='bbox 105 363 333 405; x_wconf 85' lang='lat' dir='ltr'>minitaris.</span> <span class='ocrx_word' id='word_1_32' title='bbox 396 362 577 405; x_wconf 86' lang='lat' dir='ltr'>Utinam</span> <span class='ocrx_word' id='word_1_33' title='bbox 608 377 772 415; x_wconf 85' lang='lat' dir='ltr'>conere,</span> <span class='ocrx_word' id='word_1_34' title='bbox 804 365 853 402; x_wconf 91' lang='lat' dir='ltr'>ut</span> <span class='ocrx_word' id='word_1_35' title='bbox 886 361 1115 416; x_wconf 86' lang='lat' dir='ltr'>aliquando</span> <span class='ocrx_word' id='word_1_36' title='bbox 1147 360 1254 402; x_wconf 91' lang='lat' dir='ltr'>illud</span> <span class='ocrx_word' id='word_1_37' title='bbox 1286 359 1449 414; x_wconf 77' lang='lat' dir='ltr'>‘paene’</span> 
     </span>
     <span class='ocr_line' id='line_1_6' title="bbox 71 418 1450 475; baseline -0.001 -15"><span class='ocrx_word' id='word_1_38' title='bbox 71 433 86 460; x_wconf 85' lang='lat'><strong>5</strong></span> <span class='ocrx_word' id='word_1_39' title='bbox 106 423 306 464; x_wconf 89' lang='lat' dir='ltr'>tollatur!</span> <span class='ocrx_word' id='word_1_40' title='bbox 369 421 430 463; x_wconf 88' lang='lat' dir='ltr'>At</span> <span class='ocrx_word' id='word_1_41' title='bbox 469 436 598 475; x_wconf 88' lang='lat' dir='ltr'>quam</span> <span class='ocrx_word' id='word_1_42' title='bbox 635 421 795 463; x_wconf 89' lang='lat' dir='ltr'>nobilis</span> <span class='ocrx_word' id='word_1_43' title='bbox 829 423 894 461; x_wconf 92' lang='lat' dir='ltr'>est</span> <span class='ocrx_word' id='word_1_44' title='bbox 926 423 1002 461; x_wconf 88' lang='lat' dir='ltr'>tua</span> <span class='ocrx_word' id='word_1_45' title='bbox 1032 420 1109 461; x_wconf 87' lang='lat' dir='ltr'>illa</span> <span class='ocrx_word' id='word_1_46' title='bbox 1139 418 1450 474; x_wconf 78' lang='lat' dir='ltr'>peregrinatio!</span> 
     </span>
     <span class='ocr_line' id='line_1_7' title="bbox 108 477 1451 536; baseline -0.004 -13"><span class='ocrx_word' id='word_1_47' title='bbox 108 481 220 531; x_wconf 82' lang='lat' dir='ltr'>Quid</span> <span class='ocrx_word' id='word_1_48' title='bbox 245 481 525 536; x_wconf 83' lang='lat' dir='ltr'>prandiorum</span> <span class='ocrx_word' id='word_1_49' title='bbox 545 480 788 534; x_wconf 71' lang='lat' dir='ltr'>adparatus,</span> <span class='ocrx_word' id='word_1_50' title='bbox 819 479 919 534; x_wconf 86' lang='lat' dir='ltr'>quid</span> <span class='ocrx_word' id='word_1_51' title='bbox 939 478 1148 520; x_wconf 87' lang='lat' dir='ltr'>furiosam</span> <span class='ocrx_word' id='word_1_52' title='bbox 1168 477 1451 519; x_wconf 69' lang='lat' dir='ltr'>vinulentiam</span> 
     </span>
     <span class='ocr_line' id='line_1_8' title="bbox 107 536 1450 595; baseline -0.003 -14"><span class='ocrx_word' id='word_1_53' title='bbox 107 543 227 581; x_wconf 89' lang='lat' dir='ltr'>tuam</span> <span class='ocrx_word' id='word_1_54' title='bbox 251 539 499 595; x_wconf 76' lang='lat' dir='ltr'>proferam?</span> <span class='ocrx_word' id='word_1_55' title='bbox 536 538 628 580; x_wconf 88' lang='lat' dir='ltr'>Tua</span> <span class='ocrx_word' id='word_1_56' title='bbox 653 539 739 580; x_wconf 88' lang='lat' dir='ltr'>ista</span> <span class='ocrx_word' id='word_1_57' title='bbox 765 538 1024 579; x_wconf 87' lang='lat' dir='ltr'>detrimenta</span> <span class='ocrx_word' id='word_1_58' title='bbox 1050 539 1163 591; x_wconf 90' lang='lat' dir='ltr'>sunt,</span> <span class='ocrx_word' id='word_1_59' title='bbox 1188 536 1264 578; x_wconf 88' lang='lat' dir='ltr'>illa</span> <span class='ocrx_word' id='word_1_60' title='bbox 1287 539 1450 577; x_wconf 85' lang='lat' dir='ltr'>nostra.</span> 
     </span>
     <span class='ocr_line' id='line_1_9' title="bbox 106 594 1450 655; baseline -0.004 -14"><span class='ocrx_word' id='word_1_61' title='bbox 106 599 277 655; x_wconf 86' lang='lat' dir='ltr'>Agrum</span> <span class='ocrx_word' id='word_1_62' title='bbox 312 597 597 652; x_wconf 89' lang='lat' dir='ltr'>Campanum,</span> <span class='ocrx_word' id='word_1_63' title='bbox 637 597 710 651; x_wconf 89' lang='lat' dir='ltr'>qui</span> <span class='ocrx_word' id='word_1_64' title='bbox 750 612 845 638; x_wconf 88' lang='lat' dir='ltr'>cum</span> <span class='ocrx_word' id='word_1_65' title='bbox 884 596 934 637; x_wconf 88' lang='lat' dir='ltr'>de</span> <span class='ocrx_word' id='word_1_66' title='bbox 972 595 1259 651; x_wconf 85' lang='lat' dir='ltr'>vectigalibus</span> <span class='ocrx_word' id='word_1_67' title='bbox 1298 594 1450 636; x_wconf 86' lang='lat' dir='ltr'>exime-</span> 
     </span>
     <span class='ocr_line' id='line_1_10' title="bbox 106 652 1447 712; baseline -0.004 -13"><span class='ocrx_word' id='word_1_68' title='bbox 106 658 248 712; x_wconf 82' lang='lat' dir='ltr'>batur,</span> <span class='ocrx_word' id='word_1_69' title='bbox 279 660 329 699; x_wconf 83' lang='lat' dir='ltr'>ut</span> <span class='ocrx_word' id='word_1_70' title='bbox 360 657 572 698; x_wconf 87' lang='lat' dir='ltr'>militibus</span> <span class='ocrx_word' id='word_1_71' title='bbox 602 656 786 708; x_wconf 86' lang='lat' dir='ltr'>daretur,</span> <span class='ocrx_word' id='word_1_72' title='bbox 819 658 963 696; x_wconf 87' lang='lat' dir='ltr'>tamen</span> <span class='ocrx_word' id='word_1_73' title='bbox 988 654 1128 709; x_wconf 88' lang='lat' dir='ltr'>infligi</span> <span class='ocrx_word' id='word_1_74' title='bbox 1155 667 1360 709; x_wconf 85' lang='lat' dir='ltr'>magnum</span> <span class='ocrx_word' id='word_1_75' title='bbox 1385 652 1447 694; x_wconf 91' lang='lat' dir='ltr'>rei</span> 
     </span>
     <span class='ocr_line' id='line_1_11' title="bbox 55 711 1451 771; baseline -0.005 -12"><span class='ocrx_word' id='word_1_76' title='bbox 55 728 90 754; x_wconf 75' lang='grc' dir='ltr'>ιο</span> <span class='ocrx_word' id='word_1_77' title='bbox 107 717 305 771; x_wconf 89' lang='lat' dir='ltr'>publicae</span> <span class='ocrx_word' id='word_1_78' title='bbox 344 716 498 757; x_wconf 89' lang='lat' dir='ltr'>vulnus</span> <span class='ocrx_word' id='word_1_79' title='bbox 530 716 808 770; x_wconf 87' lang='lat' dir='ltr'>putabamus,</span> <span class='ocrx_word' id='word_1_80' title='bbox 846 714 958 755; x_wconf 89' lang='lat' dir='ltr'>hunc</span> <span class='ocrx_word' id='word_1_81' title='bbox 990 716 1040 755; x_wconf 92' lang='lat' dir='ltr'>tu</span> <span class='ocrx_word' id='word_1_82' title='bbox 1072 711 1451 767; x_wconf 84' lang='lat' dir='ltr'>compransoribus</span> 
     </span>
     <span class='ocr_line' id='line_1_12' title="bbox 109 770 1452 823; baseline -0.004 -6"><span class='ocrx_word' id='word_1_83' title='bbox 109 775 197 817; x_wconf 90' lang='lat' dir='ltr'>tuis</span> <span class='ocrx_word' id='word_1_84' title='bbox 230 778 274 817; x_wconf 90' lang='lat' dir='ltr'>et</span> <span class='ocrx_word' id='word_1_85' title='bbox 303 774 602 817; x_wconf 72' lang='lat' dir='ltr'>conlusoribus</span> <span class='ocrx_word' id='word_1_86' title='bbox 630 774 859 814; x_wconf 84' lang='lat' dir='ltr'>dividebas.</span> <span class='ocrx_word' id='word_1_87' title='bbox 910 772 1068 813; x_wconf 87' lang='lat' dir='ltr'>Mimos</span> <span class='ocrx_word' id='word_1_88' title='bbox 1095 772 1189 813; x_wconf 89' lang='lat' dir='ltr'>dico</span> <span class='ocrx_word' id='word_1_89' title='bbox 1217 773 1261 812; x_wconf 92' lang='lat' dir='ltr'>et</span> <span class='ocrx_word' id='word_1_90' title='bbox 1286 770 1452 823; x_wconf 81' lang='lat' dir='ltr'>mimas,</span> 
     </span>
     <span class='ocr_line' id='line_1_13' title="bbox 108 828 1452 889; baseline -0.005 -13"><span class='ocrx_word' id='word_1_91' title='bbox 108 837 255 889; x_wconf 88' lang='lat' dir='ltr'>patres</span> <span class='ocrx_word' id='word_1_92' title='bbox 289 833 535 887; x_wconf 75' lang='lat' dir='ltr'>conscripti,</span> <span class='ocrx_word' id='word_1_93' title='bbox 566 833 611 873; x_wconf 89' lang='lat' dir='ltr'>in</span> <span class='ocrx_word' id='word_1_94' title='bbox 643 846 747 887; x_wconf 83' lang='lat' dir='ltr'>agro</span> <span class='ocrx_word' id='word_1_95' title='bbox 781 831 999 885; x_wconf 83' lang='lat' dir='ltr'>Campano</span> <span class='ocrx_word' id='word_1_96' title='bbox 1033 831 1280 872; x_wconf 90' lang='lat' dir='ltr'>collocatos.</span> <span class='ocrx_word' id='word_1_97' title='bbox 1340 828 1452 878; x_wconf 83' lang='lat' dir='ltr'>Quid</span> 
     </span>
     <span class='ocr_line' id='line_1_14' title="bbox 109 887 1452 947; baseline -0.005 -12"><span class='ocrx_word' id='word_1_98' title='bbox 109 894 197 934; x_wconf 90' lang='lat' dir='ltr'>iam</span> <span class='ocrx_word' id='word_1_99' title='bbox 235 907 389 947; x_wconf 89' lang='lat' dir='ltr'>querar</span> <span class='ocrx_word' id='word_1_100' title='bbox 427 892 477 933; x_wconf 90' lang='lat' dir='ltr'>de</span> <span class='ocrx_word' id='word_1_101' title='bbox 513 905 617 946; x_wconf 87' lang='lat' dir='ltr'>agro</span> <span class='ocrx_word' id='word_1_102' title='bbox 650 890 892 931; x_wconf 73' lang='lat' dir='ltr'>Leontino?</span> <span class='ocrx_word' id='word_1_103' title='bbox 932 889 1136 944; x_wconf 89' lang='lat' dir='ltr'>quoniam</span> <span class='ocrx_word' id='word_1_104' title='bbox 1169 888 1341 943; x_wconf 89' lang='lat' dir='ltr'>quidem</span> <span class='ocrx_word' id='word_1_105' title='bbox 1371 887 1452 928; x_wconf 85' lang='lat' dir='ltr'>hae</span> 
     </span>
     <span class='ocr_line' id='line_1_15' title="bbox 111 945 1453 1006; baseline -0.004 -13"><span class='ocrx_word' id='word_1_106' title='bbox 111 952 328 1006; x_wconf 87' lang='lat' dir='ltr'>quondam</span> <span class='ocrx_word' id='word_1_107' title='bbox 371 951 588 992; x_wconf 87' lang='lat' dir='ltr'>arationes</span> <span class='ocrx_word' id='word_1_108' title='bbox 628 948 847 1003; x_wconf 86' lang='lat' dir='ltr'>Campana</span> <span class='ocrx_word' id='word_1_109' title='bbox 891 951 933 989; x_wconf 92' lang='lat' dir='ltr'>et</span> <span class='ocrx_word' id='word_1_110' title='bbox 971 947 1184 989; x_wconf 88' lang='lat' dir='ltr'>Leontina</span> <span class='ocrx_word' id='word_1_111' title='bbox 1220 948 1266 988; x_wconf 94' lang='lat' dir='ltr'>in</span> <span class='ocrx_word' id='word_1_112' title='bbox 1302 945 1453 1000; x_wconf 89' lang='lat' dir='ltr'>populi</span> 
     </span>
     <span class='ocr_line' id='line_1_16' title="bbox 58 1004 1452 1064; baseline -0.005 -12"><span class='ocrx_word' id='word_1_113' title='bbox 58 1021 90 1047; x_wconf 84' lang='lat'>15</span> <span class='ocrx_word' id='word_1_114' title='bbox 111 1010 298 1052; x_wconf 86' lang='lat' dir='ltr'>Romani</span> <span class='ocrx_word' id='word_1_115' title='bbox 328 1009 591 1064; x_wconf 77' lang='lat' dir='ltr'>patrimonio</span> <span class='ocrx_word' id='word_1_116' title='bbox 625 1008 893 1063; x_wconf 83' lang='lat' dir='ltr'>grandiferae</span> <span class='ocrx_word' id='word_1_117' title='bbox 920 1010 963 1048; x_wconf 92' lang='lat' dir='ltr'>et</span> <span class='ocrx_word' id='word_1_118' title='bbox 988 1006 1233 1048; x_wconf 84' lang='lat' dir='ltr'>fructuosae</span> <span class='ocrx_word' id='word_1_119' title='bbox 1259 1004 1452 1046; x_wconf 87' lang='lat' dir='ltr'>fereban-</span> 
     </span>
     <span class='ocr_line' id='line_1_17' title="bbox 111 1062 1452 1122; baseline -0.006 -11"><span class='ocrx_word' id='word_1_120' title='bbox 111 1073 192 1111; x_wconf 89' lang='lat' dir='ltr'>tur.</span> <span class='ocrx_word' id='word_1_121' title='bbox 242 1068 410 1110; x_wconf 83' lang='lat' dir='ltr'>Medico</span> <span class='ocrx_word' id='word_1_122' title='bbox 444 1067 529 1109; x_wconf 89' lang='lat' dir='ltr'>tria</span> <span class='ocrx_word' id='word_1_123' title='bbox 557 1067 677 1108; x_wconf 80' lang='lat' dir='ltr'>milia</span> <span class='ocrx_word' id='word_1_124' title='bbox 702 1067 917 1122; x_wconf 85' lang='lat' dir='ltr'>iugerum3</span> <span class='ocrx_word' id='word_1_125' title='bbox 950 1066 1063 1119; x_wconf 90' lang='lat' dir='ltr'>quid,</span> <span class='ocrx_word' id='word_1_126' title='bbox 1096 1066 1132 1106; x_wconf 91' lang='lat' dir='ltr'>si</span> <span class='ocrx_word' id='word_1_127' title='bbox 1157 1067 1200 1105; x_wconf 89' lang='lat' dir='ltr'>te</span> <span class='ocrx_word' id='word_1_128' title='bbox 1228 1062 1452 1104; x_wconf 80' lang='lat' dir='ltr'>sanasset?</span> 
     </span>
     <span class='ocr_line' id='line_1_18' title="bbox 111 1121 1453 1181; baseline -0.006 -11"><span class='ocrx_word' id='word_1_129' title='bbox 111 1128 277 1170; x_wconf 89' lang='lat' dir='ltr'>rhetori</span> <span class='ocrx_word' id='word_1_130' title='bbox 321 1128 423 1181; x_wconf 82' lang='lat' dir='ltr'>duo3</span> <span class='ocrx_word' id='word_1_131' title='bbox 468 1126 586 1180; x_wconf 87' lang='lat' dir='ltr'>quid,</span> <span class='ocrx_word' id='word_1_132' title='bbox 631 1126 667 1166; x_wconf 92' lang='lat' dir='ltr'>si</span> <span class='ocrx_word' id='word_1_133' title='bbox 705 1128 747 1166; x_wconf 88' lang='lat' dir='ltr'>te</span> <span class='ocrx_word' id='word_1_134' title='bbox 787 1125 995 1165; x_wconf 85' lang='lat' dir='ltr'>disertum</span> <span class='ocrx_word' id='word_1_135' title='bbox 1031 1123 1171 1165; x_wconf 87' lang='lat' dir='ltr'>facere</span> <span class='ocrx_word' id='word_1_136' title='bbox 1209 1121 1453 1177; x_wconf 81' lang='lat' dir='ltr'>potuisset?</span> 
     </span>
     <span class='ocr_line' id='line_1_19' title="bbox 113 1163 1524 1238; baseline -0.006 -10"><span class='ocrx_word' id='word_1_137' title='bbox 113 1185 196 1229; x_wconf 86' lang='lat' dir='ltr'>Sed</span> <span class='ocrx_word' id='word_1_138' title='bbox 226 1187 279 1228; x_wconf 89' lang='lat' dir='ltr'>ad</span> <span class='ocrx_word' id='word_1_139' title='bbox 304 1186 388 1227; x_wconf 90' lang='lat' dir='ltr'>iter</span> <span class='ocrx_word' id='word_1_140' title='bbox 414 1184 673 1238; x_wconf 89' lang='lat' dir='ltr'>Italiamque</span> <span class='ocrx_word' id='word_1_141' title='bbox 699 1183 935 1225; x_wconf 88' lang='lat' dir='ltr'>redeamus.</span> <span class='ocrx_word' id='word_1_142' title='bbox 984 1181 1214 1224; x_wconf 85' lang='lat' dir='ltr'>Deduxisti</span> <span class='ocrx_word' id='word_1_143' title='bbox 1240 1181 1453 1222; x_wconf 84' lang='lat' dir='ltr'>coloniam</span> <span class='ocrx_word' id='word_1_144' title='bbox 1467 1163 1524 1204; x_wconf 79' lang='lat'>40</span> 
     </span>
     <span class='ocr_line' id='line_1_20' title="bbox 111 1223 1524 1298; baseline -0.006 -11"><span class='ocrx_word' id='word_1_145' title='bbox 111 1244 370 1298; x_wconf 87' lang='lat' dir='ltr'>Casilinum,</span> <span class='ocrx_word' id='word_1_146' title='bbox 415 1258 498 1298; x_wconf 92' lang='lat' dir='ltr'>quo</span> <span class='ocrx_word' id='word_1_147' title='bbox 539 1242 697 1285; x_wconf 86' lang='lat' dir='ltr'>Caesar</span> <span class='ocrx_word' id='word_1_148' title='bbox 738 1245 835 1283; x_wconf 84' lang='lat' dir='ltr'>ante</span> <span class='ocrx_word' id='word_1_149' title='bbox 874 1242 1116 1283; x_wconf 85' lang='lat' dir='ltr'>deduxerat.</span> <span class='ocrx_word' id='word_1_150' title='bbox 1185 1223 1524 1282; x_wconf 76' lang='lat' dir='ltr'>consuluisti¹⁰²</span> 
     </span>
     <span class='ocr_line' id='line_1_21' title="bbox 57 1297 1455 1358; baseline -0.006 -12"><span class='ocrx_word' id='word_1_151' title='bbox 57 1317 92 1341; x_wconf 86' lang='lat'>20</span> <span class='ocrx_word' id='word_1_152' title='bbox 110 1319 180 1346; x_wconf 87' lang='lat' dir='ltr'>me</span> <span class='ocrx_word' id='word_1_153' title='bbox 222 1318 299 1358; x_wconf 89' lang='lat' dir='ltr'>per</span> <span class='ocrx_word' id='word_1_154' title='bbox 336 1303 507 1345; x_wconf 91' lang='lat' dir='ltr'>litteras</span> <span class='ocrx_word' id='word_1_155' title='bbox 547 1302 596 1343; x_wconf 91' lang='lat' dir='ltr'>de</span> <span class='ocrx_word' id='word_1_156' title='bbox 636 1300 784 1356; x_wconf 83' lang='lat' dir='ltr'>Capua</span> <span class='ocrx_word' id='word_1_157' title='bbox 821 1304 869 1341; x_wconf 92' lang='lat' dir='ltr'>tu</span> <span class='ocrx_word' id='word_1_158' title='bbox 908 1300 1097 1354; x_wconf 90' lang='lat' dir='ltr'>quidem,</span> <span class='ocrx_word' id='word_1_159' title='bbox 1142 1299 1215 1340; x_wconf 91' lang='lat' dir='ltr'>sed</span> <span class='ocrx_word' id='word_1_160' title='bbox 1252 1298 1366 1339; x_wconf 89' lang='lat' dir='ltr'>idem</span> <span class='ocrx_word' id='word_1_161' title='bbox 1403 1297 1455 1338; x_wconf 88' lang='lat' dir='ltr'>de</span> 
     </span>
     <span class='ocr_line' id='line_1_22' title="bbox 111 1357 1454 1416; baseline -0.005 -12"><span class='ocrx_word' id='word_1_162' title='bbox 111 1361 304 1405; x_wconf 92' lang='lat' dir='ltr'>Casilino</span> <span class='ocrx_word' id='word_1_163' title='bbox 335 1361 666 1416; x_wconf 78' lang='lat' dir='ltr'>respondissem,</span> <span class='ocrx_word' id='word_1_164' title='bbox 697 1373 913 1414; x_wconf 88' lang='lat' dir='ltr'>possesne,</span> <span class='ocrx_word' id='word_1_165' title='bbox 944 1359 1019 1400; x_wconf 90' lang='lat' dir='ltr'>ubi</span> <span class='ocrx_word' id='word_1_166' title='bbox 1052 1357 1222 1400; x_wconf 88' lang='lat' dir='ltr'>colonia</span> <span class='ocrx_word' id='word_1_167' title='bbox 1247 1359 1374 1410; x_wconf 90' lang='lat' dir='ltr'>esset,</span> <span class='ocrx_word' id='word_1_168' title='bbox 1405 1369 1454 1396; x_wconf 88' lang='lat' dir='ltr'>eo</span> 
     </span>
     <span class='ocr_line' id='line_1_23' title="bbox 113 1414 1456 1479; baseline -0.006 -16"><span class='ocrx_word' id='word_1_169' title='bbox 113 1421 328 1479; x_wconf 83' lang='lat' dir='ltr'>coloniam</span> <span class='ocrx_word' id='word_1_170' title='bbox 358 1434 515 1462; x_wconf 90' lang='lat' dir='ltr'>novam</span> <span class='ocrx_word' id='word_1_171' title='bbox 546 1420 637 1460; x_wconf 89' lang='lat' dir='ltr'>iure</span> <span class='ocrx_word' id='word_1_172' title='bbox 670 1419 887 1460; x_wconf 90' lang='lat' dir='ltr'>deducere.</span> <span class='ocrx_word' id='word_1_173' title='bbox 940 1417 1109 1473; x_wconf 78' lang='lat' dir='ltr'>Negavi</span> <span class='ocrx_word' id='word_1_174' title='bbox 1141 1417 1186 1458; x_wconf 90' lang='lat' dir='ltr'>in</span> <span class='ocrx_word' id='word_1_175' title='bbox 1218 1430 1313 1457; x_wconf 89' lang='lat' dir='ltr'>eam</span> <span class='ocrx_word' id='word_1_176' title='bbox 1345 1414 1456 1456; x_wconf 91' lang='lat' dir='ltr'>colo-</span> 
     </span>
     <span class='ocr_line' id='line_1_24' title="bbox 112 1473 1457 1533; baseline -0.005 -12"><span class='ocrx_word' id='word_1_177' title='bbox 112 1480 249 1533; x_wconf 84' lang='lat' dir='ltr'>niam,</span> <span class='ocrx_word' id='word_1_178' title='bbox 287 1493 395 1533; x_wconf 89' lang='lat' dir='ltr'>quae</span> <span class='ocrx_word' id='word_1_179' title='bbox 427 1481 542 1520; x_wconf 90' lang='lat' dir='ltr'>esset</span> <span class='ocrx_word' id='word_1_180' title='bbox 573 1478 795 1532; x_wconf 88' lang='lat' dir='ltr'>auspicato</span> <span class='ocrx_word' id='word_1_181' title='bbox 828 1477 1027 1529; x_wconf 85' lang='lat' dir='ltr'>deducta,</span> <span class='ocrx_word' id='word_1_182' title='bbox 1065 1476 1166 1517; x_wconf 92' lang='lat' dir='ltr'>dum</span> <span class='ocrx_word' id='word_1_183' title='bbox 1198 1477 1313 1516; x_wconf 88' lang='lat' dir='ltr'>esset</span> <span class='ocrx_word' id='word_1_184' title='bbox 1343 1473 1457 1515; x_wconf 89' lang='lat' dir='ltr'>inco-</span> 
     </span>
     <span class='ocr_line' id='line_1_25' title="bbox 113 1534 1456 1591; baseline -0.005 -12"><span class='ocrx_word' id='word_1_185' title='bbox 113 1537 262 1591; x_wconf 85' lang='lat' dir='ltr'>lumis,</span> <span class='ocrx_word' id='word_1_186' title='bbox 305 1537 520 1579; x_wconf 81' lang='lat' dir='ltr'>coloniam</span> <span class='ocrx_word' id='word_1_187' title='bbox 561 1551 719 1577; x_wconf 86' lang='lat' dir='ltr'>novam</span> <span class='ocrx_word' id='word_1_188' title='bbox 762 1536 853 1576; x_wconf 90' lang='lat' dir='ltr'>iure</span> <span class='ocrx_word' id='word_1_189' title='bbox 895 1535 1063 1588; x_wconf 84' lang='lat' dir='ltr'>deduci3</span> <span class='ocrx_word' id='word_1_190' title='bbox 1108 1534 1283 1575; x_wconf 89' lang='lat' dir='ltr'>colonos</span> <span class='ocrx_word' id='word_1_191' title='bbox 1320 1545 1456 1573; x_wconf 89' lang='lat' dir='ltr'>novos</span> 
     </span>
     <span class='ocr_line' id='line_1_26' title="bbox 62 1590 1457 1649; baseline -0.003 -15"><span class='ocrx_word' id='word_1_192' title='bbox 62 1608 95 1634; x_wconf 62' lang='grc'>35</span> <span class='ocrx_word' id='word_1_193' title='bbox 116 1595 302 1638; x_wconf 85' lang='lat' dir='ltr'>adscribi</span> <span class='ocrx_word' id='word_1_194' title='bbox 339 1609 465 1649; x_wconf 90' lang='lat' dir='ltr'>posse</span> <span class='ocrx_word' id='word_1_195' title='bbox 502 1594 717 1648; x_wconf 86' lang='lat' dir='ltr'>rescripsi.</span> <span class='ocrx_word' id='word_1_196' title='bbox 777 1594 843 1634; x_wconf 90' lang='lat' dir='ltr'>Tu</span> <span class='ocrx_word' id='word_1_197' title='bbox 878 1596 1022 1634; x_wconf 87' lang='lat' dir='ltr'>autem</span> <span class='ocrx_word' id='word_1_198' title='bbox 1054 1590 1287 1633; x_wconf 87' lang='lat' dir='ltr'>insolentia</span> <span class='ocrx_word' id='word_1_199' title='bbox 1318 1590 1457 1631; x_wconf 88' lang='lat' dir='ltr'>elatus</span> 
     </span>
     <span class='ocr_line' id='line_1_27' title="bbox 116 1648 1459 1707; baseline -0.006 -11"><span class='ocrx_word' id='word_1_200' title='bbox 116 1654 234 1697; x_wconf 89' lang='lat' dir='ltr'>omni</span> <span class='ocrx_word' id='word_1_201' title='bbox 278 1653 571 1707; x_wconf 89' lang='lat' dir='ltr'>auspiciorum</span> <span class='ocrx_word' id='word_1_202' title='bbox 613 1652 706 1693; x_wconf 89' lang='lat' dir='ltr'>iure</span> <span class='ocrx_word' id='word_1_203' title='bbox 751 1652 928 1693; x_wconf 89' lang='lat' dir='ltr'>turbato</span> <span class='ocrx_word' id='word_1_204' title='bbox 968 1650 1206 1692; x_wconf 87' lang='lat' dir='ltr'>Casilinum</span> <span class='ocrx_word' id='word_1_205' title='bbox 1244 1648 1459 1690; x_wconf 86' lang='lat' dir='ltr'>coloniam</span> 
     </span>
     <span class='ocr_line' id='line_1_28' title="bbox 116 1705 1459 1765; baseline -0.007 -11"><span class='ocrx_word' id='word_1_206' title='bbox 116 1712 342 1765; x_wconf 83' lang='lat' dir='ltr'>deduxisti,</span> <span class='ocrx_word' id='word_1_207' title='bbox 370 1725 452 1765; x_wconf 90' lang='lat' dir='ltr'>quo</span> <span class='ocrx_word' id='word_1_208' title='bbox 480 1714 572 1752; x_wconf 82' lang='lat' dir='ltr'>erat</span> <span class='ocrx_word' id='word_1_209' title='bbox 596 1710 744 1764; x_wconf 87' lang='lat' dir='ltr'>paucis</span> <span class='ocrx_word' id='word_1_210' title='bbox 772 1710 894 1750; x_wconf 87' lang='lat' dir='ltr'>annis</span> <span class='ocrx_word' id='word_1_211' title='bbox 921 1712 1020 1749; x_wconf 89' lang='lat' dir='ltr'>ante</span> <span class='ocrx_word' id='word_1_212' title='bbox 1044 1708 1236 1760; x_wconf 89' lang='lat' dir='ltr'>deducta,</span> <span class='ocrx_word' id='word_1_213' title='bbox 1261 1709 1311 1747; x_wconf 91' lang='lat' dir='ltr'>ut</span> <span class='ocrx_word' id='word_1_214' title='bbox 1330 1705 1459 1746; x_wconf 88' lang='lat' dir='ltr'>vexil-</span> 
     </span>
     <span class='ocr_line' id='line_1_29' title="bbox 115 1764 1460 1822; baseline -0.007 -9"><span class='ocrx_word' id='word_1_215' title='bbox 115 1773 207 1813; x_wconf 93' lang='lat' dir='ltr'>lum</span> <span class='ocrx_word' id='word_1_216' title='bbox 232 1770 420 1822; x_wconf 90' lang='lat' dir='ltr'>tolleres,</span> <span class='ocrx_word' id='word_1_217' title='bbox 451 1771 502 1810; x_wconf 91' lang='lat' dir='ltr'>ut</span> <span class='ocrx_word' id='word_1_218' title='bbox 534 1771 726 1809; x_wconf 85' lang='lat' dir='ltr'>aratrum</span> <span class='ocrx_word' id='word_1_219' title='bbox 754 1767 1109 1820; x_wconf 75' lang='lat' dir='ltr'>circumduceres5</span> <span class='ocrx_word' id='word_1_220' title='bbox 1141 1765 1260 1807; x_wconf 91' lang='lat' dir='ltr'>cuius</span> <span class='ocrx_word' id='word_1_221' title='bbox 1288 1764 1460 1817; x_wconf 88' lang='lat' dir='ltr'>quidem</span> 
     </span>
     <span class='ocr_line' id='line_1_30' title="bbox 116 1822 1458 1883; baseline -0.007 -11"><span class='ocrx_word' id='word_1_222' title='bbox 116 1843 288 1872; x_wconf 89' lang='lat' dir='ltr'>vomere</span> <span class='ocrx_word' id='word_1_223' title='bbox 314 1831 485 1883; x_wconf 87' lang='lat' dir='ltr'>portam</span> <span class='ocrx_word' id='word_1_224' title='bbox 506 1826 677 1881; x_wconf 87' lang='lat' dir='ltr'>Capuae</span> <span class='ocrx_word' id='word_1_225' title='bbox 701 1839 835 1879; x_wconf 89' lang='lat' dir='ltr'>paene</span> <span class='ocrx_word' id='word_1_226' title='bbox 861 1824 1168 1879; x_wconf 77' lang='lat' dir='ltr'>perstrinxisti,</span> <span class='ocrx_word' id='word_1_227' title='bbox 1192 1826 1242 1864; x_wconf 91' lang='lat' dir='ltr'>ut</span> <span class='ocrx_word' id='word_1_228' title='bbox 1263 1822 1458 1863; x_wconf 82' lang='lat' dir='ltr'>florentis</span> 
     </span>
     <span class='ocr_line' id='line_1_31' title="bbox 65 1880 1530 1936; baseline -0.008 -5"><span class='ocrx_word' id='word_1_229' title='bbox 65 1901 98 1926; x_wconf 75' lang='lat'>³0</span> <span class='ocrx_word' id='word_1_230' title='bbox 119 1888 311 1931; x_wconf 88' lang='lat' dir='ltr'>coloniae</span> <span class='ocrx_word' id='word_1_231' title='bbox 337 1886 606 1928; x_wconf 88' lang='lat' dir='ltr'>territorium</span> <span class='ocrx_word' id='word_1_232' title='bbox 631 1884 906 1925; x_wconf 86' lang='lat' dir='ltr'>minueretur.</span> <span class='ocrx_word' id='word_1_233' title='bbox 943 1883 1013 1924; x_wconf 90' lang='lat' dir='ltr'>Ab</span> <span class='ocrx_word' id='word_1_234' title='bbox 1032 1882 1114 1923; x_wconf 89' lang='lat' dir='ltr'>hac</span> <span class='ocrx_word' id='word_1_235' title='bbox 1133 1880 1530 1936; x_wconf 83' lang='lat' dir='ltr'>perturbatione103</span> 
     </span>
     <span class='ocr_line' id='line_1_32' title="bbox 117 1939 1461 2002; baseline -0.007 -13"><span class='ocrx_word' id='word_1_236' title='bbox 117 1947 378 2002; x_wconf 88' lang='lat' dir='ltr'>religionum</span> <span class='ocrx_word' id='word_1_237' title='bbox 411 1944 585 1986; x_wconf 89' lang='lat' dir='ltr'>advolas</span> <span class='ocrx_word' id='word_1_238' title='bbox 616 1943 662 1983; x_wconf 89' lang='lat' dir='ltr'>in</span> <span class='ocrx_word' id='word_1_239' title='bbox 693 1941 750 1983; x_wconf 91' lang='lat' dir='ltr'>M.</span> <span class='ocrx_word' id='word_1_240' title='bbox 781 1941 1004 1994; x_wconf 83' lang='lat' dir='ltr'>Varronis,</span> <span class='ocrx_word' id='word_1_241' title='bbox 1037 1939 1300 1982; x_wconf 88' lang='lat' dir='ltr'>sanctissimi</span> <span class='ocrx_word' id='word_1_242' title='bbox 1332 1941 1461 1992; x_wconf 88' lang='lat' dir='ltr'>atque</span> 
     </span>
     <span class='ocr_line' id='line_1_33' title="bbox 118 1998 1461 2061; baseline -0.007 -14"><span class='ocrx_word' id='word_1_243' title='bbox 118 2004 389 2061; x_wconf 84' lang='lat' dir='ltr'>integerrimi</span> <span class='ocrx_word' id='word_1_244' title='bbox 429 2002 528 2057; x_wconf 91' lang='lat' dir='ltr'>viri,</span> <span class='ocrx_word' id='word_1_245' title='bbox 570 2000 751 2042; x_wconf 82' lang='lat' dir='ltr'>fundum</span> <span class='ocrx_word' id='word_1_246' title='bbox 790 1999 1054 2052; x_wconf 89' lang='lat' dir='ltr'>Casinatem,</span> <span class='ocrx_word' id='word_1_247' title='bbox 1099 2013 1182 2052; x_wconf 86' lang='lat' dir='ltr'>quo</span> <span class='ocrx_word' id='word_1_248' title='bbox 1220 1998 1330 2049; x_wconf 90' lang='lat' dir='ltr'>iure,</span> <span class='ocrx_word' id='word_1_249' title='bbox 1377 2010 1461 2050; x_wconf 91' lang='lat' dir='ltr'>quo</span> 
     </span>
     <span class='ocr_line' id='line_1_34' title="bbox 121 2054 1462 2113; baseline -0.008 -7"><span class='ocrx_word' id='word_1_250' title='bbox 121 2064 224 2107; x_wconf 83' lang='lat' dir='ltr'>ore‘?</span> <span class='ocrx_word' id='word_1_251' title='bbox 287 2060 502 2113; x_wconf 75' lang='lat' dir='ltr'>‘Eodem&#39;,</span> <span class='ocrx_word' id='word_1_252' title='bbox 538 2060 726 2113; x_wconf 82' lang='lat' dir='ltr'>inquieS,</span> <span class='ocrx_word' id='word_1_253' title='bbox 765 2057 865 2112; x_wconf 79' lang='lat' dir='ltr'>‘quo</span> <span class='ocrx_word' id='word_1_254' title='bbox 903 2058 948 2099; x_wconf 90' lang='lat' dir='ltr'>in</span> <span class='ocrx_word' id='word_1_255' title='bbox 985 2057 1191 2098; x_wconf 90' lang='lat' dir='ltr'>heredum</span> <span class='ocrx_word' id='word_1_256' title='bbox 1229 2055 1276 2097; x_wconf 91' lang='lat' dir='ltr'>L.</span> <span class='ocrx_word' id='word_1_257' title='bbox 1311 2054 1462 2108; x_wconf 87' lang='lat' dir='ltr'>Rubri,</span> 
     </span>
     <span class='ocr_line' id='line_1_35' title="bbox 122 2113 1462 2178; baseline -0.009 -13"><span class='ocrx_word' id='word_1_258' title='bbox 122 2137 206 2178; x_wconf 89' lang='lat' dir='ltr'>quo</span> <span class='ocrx_word' id='word_1_259' title='bbox 244 2123 290 2163; x_wconf 91' lang='lat' dir='ltr'>in</span> <span class='ocrx_word' id='word_1_260' title='bbox 326 2120 531 2162; x_wconf 89' lang='lat' dir='ltr'>heredum</span> <span class='ocrx_word' id='word_1_261' title='bbox 561 2117 610 2159; x_wconf 92' lang='lat' dir='ltr'>L.</span> <span class='ocrx_word' id='word_1_262' title='bbox 641 2117 810 2158; x_wconf 89' lang='lat' dir='ltr'>Turseli</span> <span class='ocrx_word' id='word_1_263' title='bbox 847 2116 1039 2170; x_wconf 88' lang='lat' dir='ltr'>praedia,</span> <span class='ocrx_word' id='word_1_264' title='bbox 1078 2129 1162 2169; x_wconf 92' lang='lat' dir='ltr'>quo</span> <span class='ocrx_word' id='word_1_265' title='bbox 1197 2115 1243 2155; x_wconf 92' lang='lat' dir='ltr'>in</span> <span class='ocrx_word' id='word_1_266' title='bbox 1274 2113 1462 2167; x_wconf 88' lang='lat' dir='ltr'>reliquas</span> 
     </span>
     <span class='ocr_line' id='line_1_36' title="bbox 68 2171 1464 2231; baseline -0.009 -7"><span class='ocrx_word' id='word_1_267' title='bbox 68 2179 456 2223; x_wconf 50' lang='lat' dir='ltr'>&amp;innumerabiles</span> <span class='ocrx_word' id='word_1_268' title='bbox 493 2175 815 2231; x_wconf 88' lang='lat' dir='ltr'>possessiones.&#39;</span> <span class='ocrx_word' id='word_1_269' title='bbox 876 2174 936 2215; x_wconf 90' lang='lat' dir='ltr'>Et</span> <span class='ocrx_word' id='word_1_270' title='bbox 974 2174 1011 2214; x_wconf 90' lang='lat' dir='ltr'>si</span> <span class='ocrx_word' id='word_1_271' title='bbox 1049 2173 1102 2214; x_wconf 88' lang='lat' dir='ltr'>ab</span> <span class='ocrx_word' id='word_1_272' title='bbox 1139 2173 1284 2225; x_wconf 87' lang='lat' dir='ltr'>hasta,</span> <span class='ocrx_word' id='word_1_273' title='bbox 1320 2171 1464 2212; x_wconf 90' lang='lat' dir='ltr'>valeat</span> 
     </span>
     <span class='ocr_line' id='line_1_37' title="bbox 123 2230 1464 2293; baseline -0.01 -10"><span class='ocrx_word' id='word_1_274' title='bbox 123 2240 263 2293; x_wconf 87' lang='lat' dir='ltr'>hasta,</span> <span class='ocrx_word' id='word_1_275' title='bbox 294 2238 467 2281; x_wconf 89' lang='lat' dir='ltr'>valeant</span> <span class='ocrx_word' id='word_1_276' title='bbox 499 2235 684 2287; x_wconf 85' lang='lat' dir='ltr'>tabulae,</span> <span class='ocrx_word' id='word_1_277' title='bbox 715 2232 842 2274; x_wconf 91' lang='lat' dir='ltr'>modo</span> <span class='ocrx_word' id='word_1_278' title='bbox 875 2231 1083 2284; x_wconf 87' lang='lat' dir='ltr'>Caesaris,</span> <span class='ocrx_word' id='word_1_279' title='bbox 1113 2245 1201 2272; x_wconf 90' lang='lat' dir='ltr'>non</span> <span class='ocrx_word' id='word_1_280' title='bbox 1231 2234 1343 2283; x_wconf 89' lang='lat' dir='ltr'>tuae,</span> <span class='ocrx_word' id='word_1_281' title='bbox 1375 2230 1464 2283; x_wconf 91' lang='lat' dir='ltr'>qui-</span> 
     </span>
     <span class='ocr_line' id='line_1_38' title="bbox 123 2288 1463 2349; baseline -0.009 -8"><span class='ocrx_word' id='word_1_282' title='bbox 123 2299 203 2340; x_wconf 90' lang='lat' dir='ltr'>bus</span> <span class='ocrx_word' id='word_1_283' title='bbox 237 2297 443 2349; x_wconf 88' lang='lat' dir='ltr'>debuisti,</span> <span class='ocrx_word' id='word_1_284' title='bbox 480 2309 568 2336; x_wconf 87' lang='lat' dir='ltr'>non</span> <span class='ocrx_word' id='word_1_285' title='bbox 600 2292 754 2347; x_wconf 90' lang='lat' dir='ltr'>quibus</span> <span class='ocrx_word' id='word_1_286' title='bbox 786 2294 834 2332; x_wconf 90' lang='lat' dir='ltr'>tu</span> <span class='ocrx_word' id='word_1_287' title='bbox 866 2294 909 2332; x_wconf 86' lang='lat' dir='ltr'>te</span> <span class='ocrx_word' id='word_1_288' title='bbox 941 2289 1193 2332; x_wconf 87' lang='lat' dir='ltr'>liberavisti.</span> <span class='ocrx_word' id='word_1_289' title='bbox 1254 2288 1463 2330; x_wconf 88' lang='lat' dir='ltr'>Varronis</span> 
     </span>
    </p>
   </div>
  </div>
 </body>
</html>
