1671 2543
231 86 318 127 562
391 86 443 121 ΙΝ
469 86 516 122 Μ.
545 86 804 122 ANTONIUM
831 87 1010 141 ORATIO
1037 87 1310 125 PHILIPPICA
1334 91 1430 128 XIV.

234 209 314 249 que
361 195 561 249 senserit3
605 195 668 236 ita
711 195 761 236 de
807 210 992 250 quoque,
1036 199 1084 238 ut
1128 211 1338 252 quemque
1377 200 1578 242 meritum

162 254 514 308 (202arbitrantur,
542 254 802 296 existimant.
851 253 1061 296 Memoria
1085 258 1234 297 tenent
1260 271 1326 298 me
1347 260 1447 299 ante
1467 258 1578 300 diem

232 311 341 354 XIII
378 312 594 354 Kalendas
627 312 848 354 Ianuarias
886 314 1123 368 principem
1155 315 1415 357 revocandae
1453 316 1578 358 liber-

233 372 338 413 tatis
371 371 515 425 fuisse,
547 386 614 412 me
642 386 692 413 ex
718 371 923 413 Kalendis
956 372 1167 414 Ianuariis
1201 374 1252 414 ad
1283 373 1392 416 hanc
1423 374 1576 417 horam

174 441 218 472 20
232 430 482 485 invigilasse
515 431 575 471 rei
607 430 815 484 publicae,
847 445 986 472 meam
1012 431 1186 473 domum.
1218 446 1419 487 measque
1452 448 1575 476 aures
1614 446 1631 472 5

232 489 320 530 dies
349 491 583 543 noctesque
611 490 802 530 omnium
828 490 1068 544 praeceptis
1092 490 1353 545 monitisque
1373 492 1577 546 patuisse,

232 548 338 589 meis
364 548 538 602 litteris,
563 548 670 589 meis
692 548 868 602 nuntiis,
894 548 1000 590 meis
1021 549 1393 591 cohortationibus
1417 565 1577 603 omnes,

233 606 306 660 qui
350 606 510 660 ubique
555 610 715 660 essent,
759 607 811 648 ad
854 607 1018 661 patriae
1056 608 1316 662 praesidium
1353 609 1577 664 excitatos,

233 665 339 706 ineis
371 665 598 707 sententiis
629 680 653 706 a
678 665 883 707 Kalendis
910 665 1120 708 Ianuariis
1147 681 1382 721 numquam
1407 667 1576 723 legatos

233 724 285 765 ad
305 724 558 779 Antonium,
584 739 752 779 semper
771 725 893 766 illum
912 725 1095 779 hostem,
1116 740 1284 780 semper
1301 725 1384 767 hoc
1403 726 1576 780 bellum,
1598 740 1631 764 10

232 785 282 824 ut
313 796 406 838 ego,
439 783 512 838 qui
544 784 661 824 omni
692 786 885 838 tempore
917 798 1041 825 verae
1066 785 1184 838 pacis
1213 787 1363 826 auctor
1387 783 1577 839 fuissem,

174 853 216 884 21
232 841 333 883 huic
378 856 515 883 essem
555 842 719 883 nomini
756 842 986 896 pestiferae
1022 843 1140 897 pacis
1179 843 1390 884 inimicus.
1457 842 1578 885 Idem

232 900 278 942 P.
311 899 581 955 Ventidium,
619 915 716 943 cum
754 901 827 942 alii
857 904 1101 955 praetorem
1135 900 1436 954 [Volusenum]
1447 935 1457 956 ,
1495 915 1576 957 ego

232 973 401 1014 semper
437 960 620 1001 hostem.
683 959 773 1001 Has
811 960 856 1001 in
893 960 1129 1002 sententias
1162 974 1278 1001 meas
1312 960 1348 1001 si
1379 961 1576 1002 consules

232 1018 537 1060 discessionem
562 1018 702 1060 facere
723 1019 971 1074 voluissent,
998 1019 1195 1060 omnibus
1216 1019 1313 1060 istis
1333 1019 1575 1060 latronibus
1598 1032 1630 1058 15

233 1077 493 1119 auctoritate
524 1077 619 1132 ipsa
651 1081 824 1119 senatus
855 1078 942 1119 iam
967 1077 1132 1132 pridem
1157 1077 1208 1118 de
1234 1078 1432 1119 manibus
1458 1091 1578 1118 arma

191 1135 498 1178 Scecidissent.
568 1135 668 1190 Sed,
712 1136 826 1191 quod
863 1139 956 1177 tum
992 1150 1080 1177 non
1115 1136 1256 1190 licuit,
1298 1139 1443 1190 patres
1481 1150 1579 1177 con·

233 1195 396 1249 scripti,
428 1195 471 1236 id
502 1195 584 1237 hoc
615 1198 808 1249 tempore
839 1209 926 1236 non
958 1195 1098 1236 solum
1128 1195 1242 1250 licet,
1273 1209 1420 1236 verum
1446 1194 1577 1236 etiam

231 1268 405 1296 necesse
443 1257 527 1307 est,
570 1268 661 1307 eos,
706 1253 779 1307 qui
816 1268 862 1295 re
901 1256 1001 1294 sunt
1037 1253 1205 1307 hostes,
1242 1253 1384 1294 verbis
1421 1253 1577 1306 notari,

174 1324 218 1355 22
233 1312 459 1353 sententiis
491 1313 652 1353 nostris
683 1312 831 1353 hostes
863 1312 1053 1353 iudicari.
1105 1312 1248 1353 Antea
1279 1326 1376 1353 cum
1406 1311 1577 1352 hostem
1597 1325 1631 1349 20

232 1385 282 1412 ac
319 1371 481 1411 bellum
519 1371 826 1423 nominassem,
848 1371 997 1419 ‚semel
1035 1372 1079 1411 et
1116 1370 1286 1423 saepius
1318 1369 1578 1410 sententiam

233 1443 372 1470 meam
411 1429 460 1470 de
498 1443 675 1470 numero
714 1429 1026 1470 sententiarum
1064 1428 1349 1481 sustulerunt,
1388 1427 1502 1481 quod
1533 1427 1579 1467 in

231 1488 313 1529 hac
351 1502 478 1528 causa
515 1487 602 1528 iam
639 1487 731 1528 fieri
762 1501 849 1528 non
879 1489 1036 1541 potest.
1097 1486 1163 1527 Ex
1194 1486 1354 1526 litteris
1386 1485 1500 1526 enim
1532 1483 1577 1527 C.

233 1546 399 1587 Pansae
438 1546 489 1587 A.
520 1545 639 1587 Hirti
677 1546 918 1599 consulum,
956 1544 1001 1587 C.
1028 1544 1224 1587 Caesaris
1262 1558 1340 1598 pro
1378 1545 1577 1598 praetore

232 1605 282 1646 de
322 1605 485 1646 honore
523 1605 588 1645 dis
625 1604 930 1646 inmortalibus
967 1603 1163 1644 habendo
1203 1602 1438 1644 sententias
1477 1602 1576 1643 dici·
1596 1616 1630 1642 25

232 1679 339 1705 mus.
409 1662 777 1718 Supplicationem
820 1662 947 1704 modo
993 1662 1066 1716 qui
1104 1661 1309 1715 decrevit,
1351 1661 1466 1702 idem
1502 1660 1578 1702 im-

232 1723 417 1777 prudens
443 1722 592 1764 hostes
618 1721 839 1777 iudicavit3
864 1735 1098 1774 numquam
1124 1720 1238 1761 enim
1262 1720 1307 1760 in
1328 1719 1442 1760 civili
1462 1719 1577 1760 bello

234 1781 493 1835 supplicatio
539 1781 709 1822 decreta
747 1783 824 1821 est.
890 1778 1118 1821 Decretam
1156 1778 1269 1832 dico3
1309 1792 1362 1819 ne
1399 1777 1577 1819 victoris

175 1852 219 1883 23
235 1840 407 1894 quidem
450 1839 610 1880 litteris
654 1839 876 1893 postulata
913 1840 989 1879 est.
1056 1836 1190 1879 Civile
1227 1836 1390 1878 bellum
1428 1835 1578 1877 consul

236 1898 357 1940 Sulla
383 1898 531 1953 gessit,
555 1897 800 1953 legionibus
827 1897 871 1938 in
896 1897 1047 1938 urbem
1067 1895 1272 1948 adductis,
1302 1908 1408 1949 quos
1427 1893 1578 1947 voluit,
1597 1909 1630 1934 so

234 1958 410 2012 expulit,
431 1971 538 2011 quos
558 1956 713 2011 potuit,
733 1955 907 2010 occidit3
928 1954 1253 2009 supplicationis
1274 1953 1434 1994 mentio
1447 1951 1578 1994 nulla.

236 2015 374 2057 Grave
413 2015 574 2056 bellum
607 2014 892 2057 Octavianum
929 2013 1167 2054 insecutum
1200 2014 1282 2066 est3
1319 2010 1578 2066 supplicatio

236 2074 432 2127 [Cinnae]
478 2074 597 2115 nulla
640 2073 806 2115 victori.
874 2071 1033 2114 Cinnae
1077 2071 1303 2112 victoriam
1343 2069 1580 2124 imperator

233 2133 352 2175 ultus
396 2135 463 2174 est
501 2131 638 2187 Sulla3
681 2131 800 2173 nulla
844 2126 1124 2185 supplicatio'
1146 2129 1316 2170 decreta
1353 2142 1378 2169 a
1415 2129 1578 2169 senatu.

234 2192 303 2233 Ad
334 2195 377 2233 te
406 2192 561 2245 ipsum,
593 2190 639 2232 P.
666 2189 833 2244 Servili,
863 2204 967 2231 num
993 2188 1113 2230 misit
1137 2187 1248 2228 ullas
1275 2187 1440 2241 collega
1464 2184 1578 2225 litte·
1597 2199 1631 2225 ³⁵

235 2265 304 2291 ras
343 2250 393 2291 de
430 2250 506 2290 illa
539 2248 915 2290 calamitosissima
945 2261 1091 2302 pugna
1122 2245 1364 2298 Pharsalia,
1399 2256 1503 2284 num
1535 2244 1578 2282 te

236 2308 286 2349 de
320 2308 633 2358 supplicatione
659 2307 797 2349 voluit
828 2306 1016 2348 referre?
1077 2304 1278 2346 Profecto
1309 2300 1458 2344 noluit.
1519 2299 1580 2341 At
