1671 2543
218 91 307 134 240
568 89 661 126 PRO
689 90 763 126 CN.
790 89 997 127 PLANCIO
1024 90 1212 126 ORATIO.

217 215 306 242 non
330 199 536 242 iudicium
563 199 737 254 aliquod
761 199 964 241 habuisse
988 199 1038 240 de
1058 199 1251 241 utilitate
1270 199 1332 241 rei
1351 199 1562 254 publicae,

158 267 205 298 94
219 259 294 302 sed
318 258 567 301 hominibus
595 258 781 299 amicum
807 260 882 300 aut
906 258 1130 300 inimicum
1154 258 1300 300 fuisse.
1357 258 1440 313 An,
1465 273 1560 300 cum

216 318 385 360 videam
410 331 564 366 navem
590 317 787 358 secundis
813 317 954 359 ventis
982 331 1155 359 cursum
1180 319 1400 358 tenentem
1425 331 1562 371 suum,

218 377 254 418 si
291 391 379 418 non
416 390 513 417 eum
545 378 668 430 petat
698 378 891 430 portum,
929 390 1057 430 quem
1089 389 1169 431 ego
1203 375 1435 430 aliquando
1466 390 1562 430 pro-

217 435 334 489 bavi,
366 435 438 476 sed
472 434 604 476 alium
634 449 723 476 non
753 434 894 476 minus
927 437 1071 476 tutum
1104 438 1234 489 atque
1266 434 1561 489 tranquillum,
1597 451 1614 477 5

217 509 314 536 cum
352 496 613 548 tempestate
650 506 840 548 pugnem
876 494 1116 548 periculose
1147 493 1294 548 potius
1321 507 1451 548 quam
1481 493 1560 547 illi,

218 553 356 594 salute
389 552 644 606 praesertim
675 552 920 607 proposita,
950 553 1245 607 obtemperem
1280 555 1324 594 et
1354 552 1561 607 paream?

216 611 312 667 Ego
352 626 451 653 vero
490 611 597 653 haec
635 610 782 666 didici,
823 611 929 653 haec
966 611 1075 665 vidi,
1112 611 1219 653 haec
1257 610 1420 666 scripta
1455 610 1562 666 legi3

215 670 323 712 haec
360 670 410 711 de
449 669 782 725 sapientissimis
821 672 866 712 et
904 670 1155 712 clarissimis
1193 670 1298 712 viris
1331 673 1374 712 et
1405 669 1450 711 in
1480 669 1562 712 hac

216 744 261 771 re
299 729 473 784 publica
510 731 554 770 et
585 728 631 770 in
663 729 758 770 aliis
792 728 1041 771 civitatibus
1073 729 1341 771 monimenta
1369 728 1496 770 nobis
1526 732 1616 771 et1o

215 788 388 829 litterae
419 788 714 842 prodiderunt,
739 802 827 829 non
853 802 1021 843 semper
1046 787 1217 830 easdem
1244 787 1480 829 sententias
1507 787 1560 829 ab

216 847 388 901 eisdem,
415 847 500 901 sed,
531 861 821 901 quascumque
847 847 909 888 rei
935 847 1132 902 publicae
1159 849 1312 901 status,
1337 846 1560 888 inclinatio

216 909 482 960 temporum,
513 905 635 947 ratio‘
660 905 910 948 concordiae
941 906 1196 960 postularet,
1228 919 1321 947 esse
1353 904 1561 947 defensas.

217 964 340 1013 Quod
367 978 447 1020 ego
475 967 518 1005 et
542 964 667 1018 facio,
698 963 958 1018 Laterensis,
991 967 1034 1006 et
1060 979 1228 1019 semper
1253 964 1411 1006 faciam
1434 964 1563 1006 liber-

215 1026 456 1078 tatemque,
495 1037 624 1078 quam
656 1026 705 1065 tu
735 1024 782 1065 in
812 1038 879 1065 me
911 1023 1114 1078 requiris,
1151 1038 1280 1077 quam
1312 1037 1391 1079 ego
1422 1037 1560 1078 neque
1581 1038 1614 1064 15

215 1082 359 1123 dimisi
402 1097 610 1136 umquam
651 1097 789 1136 neque
828 1082 1065 1137 dimittam,
1107 1096 1195 1124 non
1230 1082 1276 1124 in
1312 1081 1562 1137 pertinacia,

144 1171 200 1211 40
220 1141 294 1182 sed
325 1141 371 1182 in
403 1142 588 1195 quadam
621 1141 916 1183 moderatione
947 1142 1136 1196 positam
1166 1141 1342 1196 putabo.

306 1199 434 1242 Nunc
458 1200 583 1242 venio
611 1200 664 1241 ad
689 1199 796 1241 illud
822 1203 1073 1254 extremum,
1098 1200 1144 1240 in
1170 1214 1254 1254 quo
1275 1199 1434 1253 dixisti,
1459 1199 1560 1240 dum

216 1258 367 1299 Planci
403 1259 449 1299 in
486 1273 553 1299 me
591 1258 794 1299 meritum
831 1258 974 1300 verbis
1012 1258 1281 1312 extollerem,
1318 1272 1386 1299 1110
1418 1271 1557 1299 arcem

213 1316 353 1358 facere
392 1331 413 1357 e
453 1317 598 1358 cloaca
635 1316 905 1372 lapidemque
941 1331 962 1358 e
996 1316 1222 1371 sepulchro
1254 1315 1449 1357 venerari
1479 1330 1558 1370 pro
1579 1331 1613 1356 20

215 1375 311 1429 de03
354 1389 492 1429 neque
536 1374 651 1416 enim
695 1374 800 1416 mihi
844 1375 1097 1416 insidiarum
1140 1374 1378 1429 periculum
1421 1374 1559 1416 ullum

212 1447 350 1488 neque
395 1433 548 1474 mortis
592 1433 737 1475 fuisse.
806 1432 936 1475 Cuius
982 1448 1061 1489 ego
1099 1433 1307 1488 temporis
1345 1433 1559 1475 rationem

214 1492 437 1546 explicabo
482 1492 603 1533 brevi
645 1506 782 1546 neque
826 1492 999 1534 invitus.
1073 1491 1195 1533 Nihil
1240 1492 1354 1533 enim
1398 1495 1465 1533 est
1508 1506 1560 1533 ex

214 1551 321 1591 meis
365 1550 652 1605 temporibus,
697 1551 811 1605 quod
854 1551 995 1592 minus
1036 1553 1321 1606 pervagatum
1359 1550 1558 1606 quodque

214 1609 355 1650 minus
394 1613 470 1650 aut
507 1623 603 1650 mea
641 1610 1048 1651 commemoratione
1085 1609 1350 1652 celebratum
1387 1610 1446 1651 sit
1483 1611 1558 1651 aut
1576 1624 1611 1651 25

211 1667 461 1709 hominibus
501 1668 694 1709 auditum
733 1671 861 1723 atque
898 1671 1062 1710 notum.
1128 1668 1224 1724 Ego
1262 1668 1394 1723 enim,
1434 1667 1558 1710 Late-

214 1727 363 1781 rensis,
396 1741 448 1768 ex
473 1727 549 1768 illo
575 1727 771 1769 incendio
798 1728 954 1783 legum,
986 1727 1103 1782 iuris,
1133 1730 1320 1782 senatus,
1345 1727 1557 1769 bonorum

214 1785 406 1826 omnium
456 1785 625 1839 cedens,
676 1800 772 1827 cum
823 1800 918 1827 mea
966 1786 1130 1828 domus.
1168 1786 1318 1828 ardore
1368 1800 1446 1828 suo
1489 1785 1557 1827 de-

213 1844 516 1899 flagrationem
559 1844 657 1886 urbi
695 1847 824 1899 atque
862 1844 1016 1886 Italiae
1053 1845 1137 1886 toti
1175 1845 1429 1899 minaretur,
1471 1843 1555 1885 m‘si

214 1903 491 1957 quievissem,
530 1901 723 1944 Siciliam
756 1903 891 1958 petivi
923 1904 1084 1957 animo,
1122 1917 1230 1958 quae
1262 1906 1306 1945 et
1336 1903 1432 1957 ipsa.
1463 1904 1608 1944 eratao

213 1961 320 2003 mihi
371 1961 483 2003 sicut
527 1962 678 2003 domus
722 1976 807 2003 una
851 1963 1079 2004 coniuncta
1122 1965 1166 2003 et
1210 1961 1488 2016 optinebatur
1529 1974 1555 2002 a

214 2019 258 2061 C.
280 2019 487 2075 Vergilio,
514 2034 699 2074 quocum
725 2035 791 2062 me
818 2035 902 2062 uno
928 2021 996 2062 vel
1022 2021 1206 2062 maxime
1233 2034 1329 2062 cum
1348 2021 1554 2071 vetustas,

214 2080 307 2119 tum
345 2078 555 2133 amicitia,
593 2093 690 2120 cum
728 2079 812 2120 mei
846 2079 994 2121 fratris
1027 2079 1226 2135 collegia,
1261 2081 1355 2120 tum
1386 2076 1447 2118 rei
1478 2090 1552 2130 pu-

155 2143 198 2174 96
218 2136 350 2178 blicae
383 2151 511 2179 causa
537 2137 733 2179 sociarat.
784 2137 893 2179 Vide
918 2152 1032 2180 nunc
1057 2138 1284 2192 caliginem
1309 2139 1552 2188 temporum

213 2194 397 2236 illorum.
461 2195 570 2238 Cum
612 2197 708 2250 ipsa
749 2210 882 2250 paene
922 2196 1064 2238 insula
1106 2195 1212 2237 mihi
1249 2207 1341 2235 sese
1379 2193 1604 2234 obviamas

213 2253 323 2294 ferre
348 2254 490 2307 vellet,
515 2258 691 2308 praetor
716 2255 788 2296 ille
812 2255 1000 2296 eiusdem
1019 2253 1182 2295 tribuni
1200 2252 1257 2307 pl.
1277 2251 1550 2293 contionibus

214 2314 391 2365 propter
435 2313 612 2354 eandem
655 2313 718 2354 rei
760 2313 957 2367 publicae
997 2326 1171 2354 causam
1208 2324 1334 2363 saepe
1371 2313 1550 2352 vexatus
