<?xml version="1.0" encoding="UTF-8"?>
<!DOCTYPE html PUBLIC "-//W3C//DTD XHTML 1.0 Transitional//EN"
    "http://www.w3.org/TR/xhtml1/DTD/xhtml1-transitional.dtd">
<html xmlns="http://www.w3.org/1999/xhtml" xml:lang="en" lang="en">
 <head>
  <title>
</title>
<meta http-equiv="Content-Type" content="text/html;charset=utf-8" />
  <meta name='ocr-system' content='tesseract 3.04.00' />
  <meta name='ocr-capabilities' content='ocr_page ocr_carea ocr_par ocr_line ocrx_word'/>
</head>
<body>
  <div class='ocr_page' id='page_1' title='image "./p3scriptaquaemanse02ciceuoft_0550.png"; bbox 0 0 1671 2543; ppageno 0'>
   <div class='ocr_carea' id='block_1_1' title="bbox 202 106 1370 153">
    <p class='ocr_par' dir='ltr' id='par_1_1' title="bbox 202 106 1370 153">
     <span class='ocr_line' id='line_1_1' title="bbox 202 106 1370 153; baseline -0.002 -6"><span class='ocrx_word' id='word_1_1' title='bbox 202 110 289 153; x_wconf 83' lang='grc'>398</span> <span class='ocrx_word' id='word_1_2' title='bbox 385 110 438 146; x_wconf 89' lang='lat' dir='ltr'>IN</span> <span class='ocrx_word' id='word_1_3' title='bbox 463 106 511 146; x_wconf 62' lang='grc' dir='ltr'>Μ’.</span> <span class='ocrx_word' id='word_1_4' title='bbox 538 109 798 147; x_wconf 87' lang='lat' dir='ltr'>ANTONIUM</span> <span class='ocrx_word' id='word_1_5' title='bbox 825 109 1002 146; x_wconf 85' lang='lat' dir='ltr'><strong>ORATIO</strong></span> <span class='ocrx_word' id='word_1_6' title='bbox 1029 109 1299 146; x_wconf 86' lang='lat' dir='ltr'>PHILIPPICA</span> <span class='ocrx_word' id='word_1_7' title='bbox 1323 110 1370 145; x_wconf 90' lang='lat'>11.</span> 
     </span>
    </p>
   </div>
   <div class='ocr_carea' id='block_1_2' title="bbox 101 218 1601 2413">
    <p class='ocr_par' dir='ltr' id='par_1_2' title="bbox 142 218 1601 627">
     <span class='ocr_line' id='line_1_2' title="bbox 142 218 1549 264; baseline 0 -4"><span class='ocrx_word' id='word_1_8' title='bbox 142 232 188 264; x_wconf 82' lang='lat'>68</span> <span class='ocrx_word' id='word_1_9' title='bbox 204 220 347 264; x_wconf 72' lang='lat' dir='ltr'>etiam,</span> <span class='ocrx_word' id='word_1_10' title='bbox 379 222 422 261; x_wconf 93' lang='lat' dir='ltr'>et</span> <span class='ocrx_word' id='word_1_11' title='bbox 465 219 630 261; x_wconf 88' lang='lat' dir='ltr'>hortos.</span> <span class='ocrx_word' id='word_1_12' title='bbox 699 218 734 261; x_wconf 93' lang='grc' dir='ltr'>Ο</span> <span class='ocrx_word' id='word_1_13' title='bbox 776 219 999 261; x_wconf 82' lang='lat' dir='ltr'>audaciam</span> <span class='ocrx_word' id='word_1_14' title='bbox 1036 219 1285 260; x_wconf 83' lang='lat' dir='ltr'>immanem!</span> <span class='ocrx_word' id='word_1_15' title='bbox 1330 221 1379 260; x_wconf 89' lang='lat' dir='ltr'>tu</span> <span class='ocrx_word' id='word_1_16' title='bbox 1417 218 1549 260; x_wconf 86' lang='lat' dir='ltr'>etiam</span> 
     </span>
     <span class='ocr_line' id='line_1_3' title="bbox 202 277 1548 333; baseline -0.001 -14"><span class='ocrx_word' id='word_1_17' title='bbox 202 278 370 333; x_wconf 76' lang='lat' dir='ltr'>ingredi</span> <span class='ocrx_word' id='word_1_18' title='bbox 401 278 523 319; x_wconf 85' lang='lat' dir='ltr'>illam</span> <span class='ocrx_word' id='word_1_19' title='bbox 555 278 731 319; x_wconf 90' lang='lat' dir='ltr'>domum</span> <span class='ocrx_word' id='word_1_20' title='bbox 763 292 890 319; x_wconf 87' lang='lat' dir='ltr'>ausus</span> <span class='ocrx_word' id='word_1_21' title='bbox 923 292 980 332; x_wconf 89' lang='lat' dir='ltr'>es,</span> <span class='ocrx_word' id='word_1_22' title='bbox 1012 280 1060 319; x_wconf 91' lang='lat' dir='ltr'>tu</span> <span class='ocrx_word' id='word_1_23' title='bbox 1091 277 1199 319; x_wconf 89' lang='lat' dir='ltr'>illud</span> <span class='ocrx_word' id='word_1_24' title='bbox 1225 277 1548 319; x_wconf 84' lang='lat' dir='ltr'>sanctissimum</span> 
     </span>
     <span class='ocr_line' id='line_1_4' title="bbox 202 335 1549 391; baseline -0.001 -13"><span class='ocrx_word' id='word_1_25' title='bbox 202 337 335 378; x_wconf 88' lang='lat' dir='ltr'>limen</span> <span class='ocrx_word' id='word_1_26' title='bbox 366 337 540 391; x_wconf 85' lang='lat' dir='ltr'>intrare,</span> <span class='ocrx_word' id='word_1_27' title='bbox 571 339 620 378; x_wconf 89' lang='lat' dir='ltr'>tu</span> <span class='ocrx_word' id='word_1_28' title='bbox 651 336 825 378; x_wconf 87' lang='lat' dir='ltr'>illarum</span> <span class='ocrx_word' id='word_1_29' title='bbox 856 337 1025 378; x_wconf 92' lang='lat' dir='ltr'>aedium</span> <span class='ocrx_word' id='word_1_30' title='bbox 1057 336 1122 378; x_wconf 88' lang='lat' dir='ltr'>dis</span> <span class='ocrx_word' id='word_1_31' title='bbox 1153 336 1382 391; x_wconf 86' lang='lat' dir='ltr'>penatibus</span> <span class='ocrx_word' id='word_1_32' title='bbox 1415 350 1462 378; x_wconf 88' lang='lat' dir='ltr'>os</span> <span class='ocrx_word' id='word_1_33' title='bbox 1487 335 1549 378; x_wconf 90' lang='lat' dir='ltr'>in-</span> 
     </span>
     <span class='ocr_line' id='line_1_5' title="bbox 199 394 1548 450; baseline -0.001 -13"><span class='ocrx_word' id='word_1_34' title='bbox 199 396 481 450; x_wconf 86' lang='lat' dir='ltr'><strong>purissimum</strong></span> <span class='ocrx_word' id='word_1_35' title='bbox 539 395 792 437; x_wconf 76' lang='lat' dir='ltr'>ostendere?</span> <span class='ocrx_word' id='word_1_36' title='bbox 872 394 1009 444; x_wconf 84' lang='lat' dir='ltr'>Quam</span> <span class='ocrx_word' id='word_1_37' title='bbox 1059 395 1233 437; x_wconf 93' lang='lat' dir='ltr'>domum</span> <span class='ocrx_word' id='word_1_38' title='bbox 1283 394 1548 450; x_wconf 85' lang='lat' dir='ltr'>aliquamdiu</span> 
     </span>
     <span class='ocr_line' id='line_1_6' title="bbox 199 454 1601 509; baseline 0 -14"><span class='ocrx_word' id='word_1_39' title='bbox 199 469 326 496; x_wconf 92' lang='lat' dir='ltr'>nemo</span> <span class='ocrx_word' id='word_1_40' title='bbox 370 454 587 509; x_wconf 84' lang='lat' dir='ltr'>adspicere</span> <span class='ocrx_word' id='word_1_41' title='bbox 619 457 810 509; x_wconf 77' lang='lat' dir='ltr'>poter-,at</span> <span class='ocrx_word' id='word_1_42' title='bbox 846 469 972 496; x_wconf 92' lang='lat' dir='ltr'>nemo</span> <span class='ocrx_word' id='word_1_43' title='bbox 1011 454 1102 496; x_wconf 90' lang='lat' dir='ltr'>sine</span> <span class='ocrx_word' id='word_1_44' title='bbox 1139 454 1329 496; x_wconf 84' lang='lat' dir='ltr'>lacrimis</span> <span class='ocrx_word' id='word_1_45' title='bbox 1360 456 1548 508; x_wconf 87' lang='lat' dir='ltr'>praeter·</span> <span class='ocrx_word' id='word_1_46' title='bbox 1584 469 1601 495; x_wconf 89' lang='lat'><strong>5</strong></span> 
     </span>
     <span class='ocr_line' id='line_1_7' title="bbox 200 512 1548 567; baseline -0.001 -13"><span class='ocrx_word' id='word_1_47' title='bbox 200 513 279 567; x_wconf 87' lang='grc'>116,</span> <span class='ocrx_word' id='word_1_48' title='bbox 322 513 403 554; x_wconf 85' lang='lat' dir='ltr'>hac</span> <span class='ocrx_word' id='word_1_49' title='bbox 446 516 489 554; x_wconf 87' lang='lat' dir='ltr'>te</span> <span class='ocrx_word' id='word_1_50' title='bbox 533 513 579 554; x_wconf 90' lang='lat' dir='ltr'>in</span> <span class='ocrx_word' id='word_1_51' title='bbox 623 514 749 555; x_wconf 91' lang='lat' dir='ltr'>domo</span> <span class='ocrx_word' id='word_1_52' title='bbox 788 516 879 555; x_wconf 82' lang='lat' dir='ltr'>tam</span> <span class='ocrx_word' id='word_1_53' title='bbox 917 513 991 555; x_wconf 93' lang='lat' dir='ltr'>diu</span> <span class='ocrx_word' id='word_1_54' title='bbox 1028 513 1244 555; x_wconf 87' lang='lat' dir='ltr'>deversari</span> <span class='ocrx_word' id='word_1_55' title='bbox 1279 527 1367 555; x_wconf 91' lang='lat' dir='ltr'>non</span> <span class='ocrx_word' id='word_1_56' title='bbox 1403 512 1548 567; x_wconf 88' lang='lat' dir='ltr'>pudet,</span> 
     </span>
     <span class='ocr_line' id='line_1_8' title="bbox 200 571 1548 627; baseline -0.001 -14"><span class='ocrx_word' id='word_1_57' title='bbox 200 571 245 613; x_wconf 86' lang='lat' dir='ltr'>in</span> <span class='ocrx_word' id='word_1_58' title='bbox 277 586 382 627; x_wconf 85' lang='lat' dir='ltr'>qua,</span> <span class='ocrx_word' id='word_1_59' title='bbox 415 572 610 627; x_wconf 84' lang='lat' dir='ltr'>quamvis</span> <span class='ocrx_word' id='word_1_60' title='bbox 640 572 750 614; x_wconf 86' lang='lat' dir='ltr'>nihil</span> <span class='ocrx_word' id='word_1_61' title='bbox 784 572 939 627; x_wconf 85' lang='lat' dir='ltr'>sapias,</span> <span class='ocrx_word' id='word_1_62' title='bbox 971 575 1115 614; x_wconf 89' lang='lat' dir='ltr'>tamen</span> <span class='ocrx_word' id='word_1_63' title='bbox 1146 571 1255 613; x_wconf 83' lang='lat' dir='ltr'>nihil</span> <span class='ocrx_word' id='word_1_64' title='bbox 1287 571 1369 613; x_wconf 93' lang='lat' dir='ltr'>tibi</span> <span class='ocrx_word' id='word_1_65' title='bbox 1399 574 1548 626; x_wconf 87' lang='lat' dir='ltr'>potest</span> 
     </span>
    </p>

    <p class='ocr_par' dir='ltr' id='par_1_3' title="bbox 129 631 1599 1099">
     <span class='ocr_line' id='line_1_9' title="bbox 129 631 1548 686; baseline 0 -15"><span class='ocrx_word' id='word_1_66' title='bbox 129 636 185 678; x_wconf 81' lang='grc'>28</span> <span class='ocrx_word' id='word_1_67' title='bbox 202 645 293 672; x_wconf 88' lang='lat' dir='ltr'>esse</span> <span class='ocrx_word' id='word_1_68' title='bbox 342 631 605 672; x_wconf 81' lang='lat' dir='ltr'>iucundum?</span> <span class='ocrx_word' id='word_1_69' title='bbox 684 631 754 672; x_wconf 91' lang='lat' dir='ltr'>An</span> <span class='ocrx_word' id='word_1_70' title='bbox 804 634 870 686; x_wconf 92' lang='lat' dir='ltr'>tu,</span> <span class='ocrx_word' id='word_1_71' title='bbox 918 631 995 672; x_wconf 88' lang='grc'>1113</span> <span class='ocrx_word' id='word_1_72' title='bbox 1042 631 1088 672; x_wconf 90' lang='grc'>111</span> <span class='ocrx_word' id='word_1_73' title='bbox 1137 631 1352 672; x_wconf 86' lang='lat' dir='ltr'>vestibulo</span> <span class='ocrx_word' id='word_1_74' title='bbox 1403 632 1548 672; x_wconf 89' lang='lat' dir='ltr'>rostra</span> 
     </span>
     <span class='ocr_line' id='line_1_10' title="bbox 202 688 1545 744; baseline 0 -14"><span class='ocrx_word' id='word_1_75' title='bbox 202 690 377 743; x_wconf 89' lang='lat' dir='ltr'>[spolia]</span> <span class='ocrx_word' id='word_1_76' title='bbox 430 704 527 731; x_wconf 88' lang='lat' dir='ltr'>cum</span> <span class='ocrx_word' id='word_1_77' title='bbox 576 690 831 744; x_wconf 71' lang='lat' dir='ltr'>adspexisti,</span> <span class='ocrx_word' id='word_1_78' title='bbox 881 689 1055 731; x_wconf 89' lang='lat' dir='ltr'>domum</span> <span class='ocrx_word' id='word_1_79' title='bbox 1104 693 1225 731; x_wconf 84' lang='lat' dir='ltr'>tuam</span> <span class='ocrx_word' id='word_1_80' title='bbox 1274 692 1318 731; x_wconf 91' lang='lat' dir='ltr'>te</span> <span class='ocrx_word' id='word_1_81' title='bbox 1365 688 1545 731; x_wconf 84' lang='lat' dir='ltr'>introire</span> 
     </span>
     <span class='ocr_line' id='line_1_11' title="bbox 198 747 1599 803; baseline -0.001 -14"><span class='ocrx_word' id='word_1_82' title='bbox 198 749 357 803; x_wconf 81' lang='lat' dir='ltr'>putas?</span> <span class='ocrx_word' id='word_1_83' title='bbox 412 748 528 790; x_wconf 86' lang='lat' dir='ltr'>Fieri</span> <span class='ocrx_word' id='word_1_84' title='bbox 559 763 647 790; x_wconf 92' lang='lat' dir='ltr'>non</span> <span class='ocrx_word' id='word_1_85' title='bbox 677 751 835 803; x_wconf 89' lang='lat' dir='ltr'>potest</span> <span class='ocrx_word' id='word_1_86' title='bbox 878 747 1094 798; x_wconf 84' lang='lat' dir='ltr'>Quamvis</span> <span class='ocrx_word' id='word_1_87' title='bbox 1127 749 1242 790; x_wconf 89' lang='lat' dir='ltr'>enim</span> <span class='ocrx_word' id='word_1_88' title='bbox 1273 749 1364 790; x_wconf 90' lang='lat' dir='ltr'>sine</span> <span class='ocrx_word' id='word_1_89' title='bbox 1390 750 1545 802; x_wconf 87' lang='lat' dir='ltr'>mente,</span> <span class='ocrx_word' id='word_1_90' title='bbox 1566 763 1599 788; x_wconf 85' lang='grc' dir='ltr'>ιο</span> 
     </span>
     <span class='ocr_line' id='line_1_12' title="bbox 199 807 1545 862; baseline 0 -14"><span class='ocrx_word' id='word_1_91' title='bbox 199 807 291 849; x_wconf 84' lang='grc'>31116</span> <span class='ocrx_word' id='word_1_92' title='bbox 335 822 463 849; x_wconf 88' lang='lat' dir='ltr'>sensu</span> <span class='ocrx_word' id='word_1_93' title='bbox 507 808 584 861; x_wconf 88' lang='lat' dir='ltr'>sis,</span> <span class='ocrx_word' id='word_1_94' title='bbox 628 811 678 849; x_wconf 90' lang='lat' dir='ltr'>ut</span> <span class='ocrx_word' id='word_1_95' title='bbox 716 822 778 862; x_wconf 89' lang='lat' dir='ltr'>es,</span> <span class='ocrx_word' id='word_1_96' title='bbox 823 810 970 849; x_wconf 91' lang='lat' dir='ltr'>tamen</span> <span class='ocrx_word' id='word_1_97' title='bbox 1007 811 1050 849; x_wconf 90' lang='lat' dir='ltr'>et</span> <span class='ocrx_word' id='word_1_98' title='bbox 1086 811 1129 849; x_wconf 91' lang='lat' dir='ltr'>te</span> <span class='ocrx_word' id='word_1_99' title='bbox 1169 811 1212 849; x_wconf 91' lang='lat' dir='ltr'>et</span> <span class='ocrx_word' id='word_1_100' title='bbox 1248 810 1325 848; x_wconf 87' lang='lat' dir='ltr'>tua</span> <span class='ocrx_word' id='word_1_101' title='bbox 1365 809 1410 848; x_wconf 85' lang='lat' dir='ltr'>et</span> <span class='ocrx_word' id='word_1_102' title='bbox 1445 809 1545 848; x_wconf 91' lang='lat' dir='ltr'>tuos</span> 
     </span>
     <span class='ocr_line' id='line_1_13' title="bbox 197 866 1545 922; baseline 0 -15"><span class='ocrx_word' id='word_1_103' title='bbox 197 866 328 907; x_wconf 80' lang='lat' dir='ltr'>nosti.</span> <span class='ocrx_word' id='word_1_104' title='bbox 386 866 478 908; x_wconf 93' lang='lat' dir='ltr'>Nec</span> <span class='ocrx_word' id='word_1_105' title='bbox 509 881 609 908; x_wconf 83' lang='lat' dir='ltr'>velo</span> <span class='ocrx_word' id='word_1_106' title='bbox 642 869 684 908; x_wconf 87' lang='lat' dir='ltr'>te</span> <span class='ocrx_word' id='word_1_107' title='bbox 717 881 922 921; x_wconf 85' lang='lat' dir='ltr'>umquam</span> <span class='ocrx_word' id='word_1_108' title='bbox 952 881 1089 921; x_wconf 91' lang='lat' dir='ltr'>neque</span> <span class='ocrx_word' id='word_1_109' title='bbox 1120 866 1376 922; x_wconf 84' lang='lat' dir='ltr'>vigilantem</span> <span class='ocrx_word' id='word_1_110' title='bbox 1405 879 1545 920; x_wconf 86' lang='lat' dir='ltr'>neque</span> 
     </span>
     <span class='ocr_line' id='line_1_14' title="bbox 199 924 1545 980; baseline 0 -15"><span class='ocrx_word' id='word_1_111' title='bbox 199 925 244 966; x_wconf 88' lang='lat' dir='ltr'>in</span> <span class='ocrx_word' id='word_1_112' title='bbox 276 925 438 967; x_wconf 87' lang='lat' dir='ltr'>somnis</span> <span class='ocrx_word' id='word_1_113' title='bbox 472 925 596 967; x_wconf 88' lang='lat' dir='ltr'>credo</span> <span class='ocrx_word' id='word_1_114' title='bbox 623 940 750 980; x_wconf 90' lang='lat' dir='ltr'>posse</span> <span class='ocrx_word' id='word_1_115' title='bbox 778 929 921 967; x_wconf 88' lang='lat' dir='ltr'>mente</span> <span class='ocrx_word' id='word_1_116' title='bbox 948 925 1195 968; x_wconf 73' lang='lat' dir='ltr'>consistere.</span> <span class='ocrx_word' id='word_1_117' title='bbox 1251 924 1439 966; x_wconf 81' lang='lat' dir='ltr'>Necesse</span> <span class='ocrx_word' id='word_1_118' title='bbox 1466 927 1545 978; x_wconf 88' lang='lat' dir='ltr'>est,</span> 
     </span>
     <span class='ocr_line' id='line_1_15' title="bbox 200 983 1544 1039; baseline -0.001 -14"><span class='ocrx_word' id='word_1_119' title='bbox 200 984 396 1038; x_wconf 81' lang='lat' dir='ltr'>quamvis</span> <span class='ocrx_word' id='word_1_120' title='bbox 436 984 513 1038; x_wconf 88' lang='lat' dir='ltr'>sis,</span> <span class='ocrx_word' id='word_1_121' title='bbox 555 987 606 1026; x_wconf 89' lang='lat' dir='ltr'>ut</span> <span class='ocrx_word' id='word_1_122' title='bbox 643 999 705 1039; x_wconf 86' lang='lat' dir='ltr'>es,</span> <span class='ocrx_word' id='word_1_123' title='bbox 750 984 996 1026; x_wconf 85' lang='lat' dir='ltr'>vinulentus</span> <span class='ocrx_word' id='word_1_124' title='bbox 1037 987 1081 1026; x_wconf 89' lang='lat' dir='ltr'>et</span> <span class='ocrx_word' id='word_1_125' title='bbox 1118 984 1281 1037; x_wconf 74' lang='lat' dir='ltr'>furens,</span> <span class='ocrx_word' id='word_1_126' title='bbox 1327 998 1424 1025; x_wconf 89' lang='lat' dir='ltr'>cum</span> <span class='ocrx_word' id='word_1_127' title='bbox 1461 983 1544 1024; x_wconf 89' lang='lat' dir='ltr'>tibi</span> 
     </span>
     <span class='ocr_line' id='line_1_16' title="bbox 199 1041 1597 1099; baseline -0.001 -15"><span class='ocrx_word' id='word_1_128' title='bbox 199 1043 370 1085; x_wconf 89' lang='lat' dir='ltr'>obiecta</span> <span class='ocrx_word' id='word_1_129' title='bbox 407 1043 466 1084; x_wconf 89' lang='lat' dir='ltr'>sit</span> <span class='ocrx_word' id='word_1_130' title='bbox 504 1043 667 1097; x_wconf 88' lang='lat' dir='ltr'>species</span> <span class='ocrx_word' id='word_1_131' title='bbox 707 1043 938 1099; x_wconf 84' lang='lat' dir='ltr'>singularis</span> <span class='ocrx_word' id='word_1_132' title='bbox 969 1043 1068 1097; x_wconf 85' lang='lat' dir='ltr'>viri,</span> <span class='ocrx_word' id='word_1_133' title='bbox 1105 1042 1386 1098; x_wconf 85' lang='lat' dir='ltr'>perterritum</span> <span class='ocrx_word' id='word_1_134' title='bbox 1417 1045 1460 1083; x_wconf 90' lang='lat' dir='ltr'>te</span> <span class='ocrx_word' id='word_1_135' title='bbox 1493 1041 1543 1083; x_wconf 91' lang='lat' dir='ltr'>de</span> <span class='ocrx_word' id='word_1_136' title='bbox 1564 1056 1597 1082; x_wconf 84' lang='lat'>15</span> 
     </span>
    </p>

    <p class='ocr_par' dir='ltr' id='par_1_4' title="bbox 140 1099 1596 1860">
     <span class='ocr_line' id='line_1_17' title="bbox 140 1099 1544 1158; baseline 0 -16"><span class='ocrx_word' id='word_1_137' title='bbox 140 1108 184 1140; x_wconf 82' lang='lat'>69</span> <span class='ocrx_word' id='word_1_138' title='bbox 200 1115 350 1143; x_wconf 88' lang='lat' dir='ltr'>somno</span> <span class='ocrx_word' id='word_1_139' title='bbox 396 1102 591 1156; x_wconf 83' lang='lat' dir='ltr'>excitari,</span> <span class='ocrx_word' id='word_1_140' title='bbox 635 1101 775 1143; x_wconf 85' lang='lat' dir='ltr'>furere</span> <span class='ocrx_word' id='word_1_141' title='bbox 815 1102 946 1144; x_wconf 81' lang='lat' dir='ltr'>etiam</span> <span class='ocrx_word' id='word_1_142' title='bbox 985 1116 1110 1156; x_wconf 88' lang='lat' dir='ltr'>saepe</span> <span class='ocrx_word' id='word_1_143' title='bbox 1142 1101 1407 1158; x_wconf 84' lang='lat' dir='ltr'>vigilantem.</span> <span class='ocrx_word' id='word_1_144' title='bbox 1473 1099 1544 1142; x_wconf 87' lang='lat' dir='ltr'>Me</span> 
     </span>
     <span class='ocr_line' id='line_1_18' title="bbox 200 1161 1544 1215; baseline -0.001 -14"><span class='ocrx_word' id='word_1_145' title='bbox 200 1161 374 1214; x_wconf 90' lang='lat' dir='ltr'>quidem</span> <span class='ocrx_word' id='word_1_146' title='bbox 423 1161 600 1202; x_wconf 89' lang='lat' dir='ltr'>miseret</span> <span class='ocrx_word' id='word_1_147' title='bbox 648 1162 864 1215; x_wconf 85' lang='lat' dir='ltr'>parietum</span> <span class='ocrx_word' id='word_1_148' title='bbox 907 1161 1100 1215; x_wconf 89' lang='lat' dir='ltr'>ipsorum</span> <span class='ocrx_word' id='word_1_149' title='bbox 1145 1164 1274 1215; x_wconf 87' lang='lat' dir='ltr'>atque</span> <span class='ocrx_word' id='word_1_150' title='bbox 1318 1163 1544 1202; x_wconf 90' lang='lat' dir='ltr'>tectorum.</span> 
     </span>
     <span class='ocr_line' id='line_1_19' title="bbox 200 1218 1544 1274; baseline -0.001 -14"><span class='ocrx_word' id='word_1_151' title='bbox 200 1219 313 1268; x_wconf 80' lang='lat' dir='ltr'>Quid</span> <span class='ocrx_word' id='word_1_152' title='bbox 345 1219 459 1260; x_wconf 88' lang='lat' dir='ltr'>enim</span> <span class='ocrx_word' id='word_1_153' title='bbox 490 1233 696 1273; x_wconf 88' lang='lat' dir='ltr'>umquam</span> <span class='ocrx_word' id='word_1_154' title='bbox 728 1220 879 1261; x_wconf 90' lang='lat' dir='ltr'>domus</span> <span class='ocrx_word' id='word_1_155' title='bbox 911 1220 988 1261; x_wconf 88' lang='lat' dir='ltr'>illa</span> <span class='ocrx_word' id='word_1_156' title='bbox 1018 1220 1184 1261; x_wconf 85' lang='lat' dir='ltr'>viderat</span> <span class='ocrx_word' id='word_1_157' title='bbox 1214 1219 1299 1260; x_wconf 90' lang='lat' dir='ltr'>nisi</span> <span class='ocrx_word' id='word_1_158' title='bbox 1330 1218 1544 1274; x_wconf 88' lang='lat' dir='ltr'>pudicum,</span> 
     </span>
     <span class='ocr_line' id='line_1_20' title="bbox 199 1276 1542 1332; baseline -0.001 -14"><span class='ocrx_word' id='word_1_159' title='bbox 199 1278 301 1331; x_wconf 87' lang='lat' dir='ltr'>quid</span> <span class='ocrx_word' id='word_1_160' title='bbox 338 1277 423 1319; x_wconf 91' lang='lat' dir='ltr'>nisi</span> <span class='ocrx_word' id='word_1_161' title='bbox 461 1292 512 1319; x_wconf 88' lang='lat' dir='ltr'>ex</span> <span class='ocrx_word' id='word_1_162' title='bbox 550 1278 715 1332; x_wconf 90' lang='lat' dir='ltr'>optimo</span> <span class='ocrx_word' id='word_1_163' title='bbox 754 1293 872 1319; x_wconf 91' lang='lat' dir='ltr'>more</span> <span class='ocrx_word' id='word_1_164' title='bbox 905 1281 948 1319; x_wconf 89' lang='lat' dir='ltr'>et</span> <span class='ocrx_word' id='word_1_165' title='bbox 980 1279 1255 1320; x_wconf 81' lang='lat' dir='ltr'>sanctissima</span> <span class='ocrx_word' id='word_1_166' title='bbox 1285 1276 1542 1331; x_wconf 81' lang='lat' dir='ltr'>disciplina?</span> 
     </span>
     <span class='ocr_line' id='line_1_21' title="bbox 197 1335 1596 1391; baseline -0.001 -15"><span class='ocrx_word' id='word_1_167' title='bbox 197 1335 301 1377; x_wconf 89' lang='lat' dir='ltr'>Fuit</span> <span class='ocrx_word' id='word_1_168' title='bbox 345 1336 458 1377; x_wconf 91' lang='lat' dir='ltr'>enim</span> <span class='ocrx_word' id='word_1_169' title='bbox 501 1336 573 1377; x_wconf 92' lang='lat' dir='ltr'>ille</span> <span class='ocrx_word' id='word_1_170' title='bbox 617 1337 700 1390; x_wconf 84' lang='lat' dir='ltr'>vir,</span> <span class='ocrx_word' id='word_1_171' title='bbox 748 1340 894 1391; x_wconf 85' lang='lat' dir='ltr'>patres</span> <span class='ocrx_word' id='word_1_172' title='bbox 939 1336 1192 1390; x_wconf 85' lang='lat' dir='ltr'>conscripti,</span> <span class='ocrx_word' id='word_1_173' title='bbox 1236 1336 1365 1377; x_wconf 87' lang='lat' dir='ltr'>sicuti</span> <span class='ocrx_word' id='word_1_174' title='bbox 1409 1335 1542 1389; x_wconf 85' lang='lat' dir='ltr'>scitis,</span> <span class='ocrx_word' id='word_1_175' title='bbox 1562 1350 1596 1375; x_wconf 82' lang='lat'>20</span> 
     </span>
     <span class='ocr_line' id='line_1_22' title="bbox 199 1394 1541 1448; baseline 0 -13"><span class='ocrx_word' id='word_1_176' title='bbox 199 1409 296 1435; x_wconf 90' lang='lat' dir='ltr'>cum</span> <span class='ocrx_word' id='word_1_177' title='bbox 327 1394 432 1435; x_wconf 83' lang='lat' dir='ltr'>foris</span> <span class='ocrx_word' id='word_1_178' title='bbox 468 1394 625 1447; x_wconf 84' lang='lat' dir='ltr'>clarus,</span> <span class='ocrx_word' id='word_1_179' title='bbox 665 1397 758 1435; x_wconf 92' lang='lat' dir='ltr'>tum</span> <span class='ocrx_word' id='word_1_180' title='bbox 791 1394 906 1436; x_wconf 91' lang='lat' dir='ltr'>domi</span> <span class='ocrx_word' id='word_1_181' title='bbox 939 1395 1212 1436; x_wconf 85' lang='lat' dir='ltr'>admirandus</span> <span class='ocrx_word' id='word_1_182' title='bbox 1244 1408 1381 1448; x_wconf 88' lang='lat' dir='ltr'>neque</span> <span class='ocrx_word' id='word_1_183' title='bbox 1413 1394 1541 1435; x_wconf 88' lang='lat' dir='ltr'>rebus</span> 
     </span>
     <span class='ocr_line' id='line_1_23' title="bbox 198 1452 1542 1508; baseline 0.001 -15"><span class='ocrx_word' id='word_1_184' title='bbox 198 1453 385 1493; x_wconf 87' lang='lat' dir='ltr'>externis</span> <span class='ocrx_word' id='word_1_185' title='bbox 425 1454 564 1508; x_wconf 89' lang='lat' dir='ltr'>maois</span> <span class='ocrx_word' id='word_1_186' title='bbox 603 1453 839 1494; x_wconf 85' lang='lat' dir='ltr'>laudandus</span> <span class='ocrx_word' id='word_1_187' title='bbox 873 1467 1001 1507; x_wconf 88' lang='lat' dir='ltr'>quam</span> <span class='ocrx_word' id='word_1_188' title='bbox 1032 1453 1247 1494; x_wconf 90' lang='lat' dir='ltr'>institutis</span> <span class='ocrx_word' id='word_1_189' title='bbox 1281 1452 1542 1494; x_wconf 87' lang='lat' dir='ltr'>domesticis</span> 
     </span>
     <span class='ocr_line' id='line_1_24' title="bbox 197 1510 1542 1566; baseline 0.001 -14"><span class='ocrx_word' id='word_1_190' title='bbox 197 1510 337 1553; x_wconf 90' lang='lat' dir='ltr'>Huius</span> <span class='ocrx_word' id='word_1_191' title='bbox 369 1512 414 1553; x_wconf 93' lang='lat' dir='ltr'>in</span> <span class='ocrx_word' id='word_1_192' title='bbox 445 1512 616 1553; x_wconf 88' lang='lat' dir='ltr'>sedibus</span> <span class='ocrx_word' id='word_1_193' title='bbox 648 1526 726 1566; x_wconf 86' lang='lat' dir='ltr'>pro</span> <span class='ocrx_word' id='word_1_194' title='bbox 761 1512 968 1554; x_wconf 86' lang='lat' dir='ltr'>cubiculis</span> <span class='ocrx_word' id='word_1_195' title='bbox 1002 1512 1190 1566; x_wconf 84' lang='lat' dir='ltr'>stabula,</span> <span class='ocrx_word' id='word_1_196' title='bbox 1222 1526 1300 1566; x_wconf 84' lang='lat' dir='ltr'>pro</span> <span class='ocrx_word' id='word_1_197' title='bbox 1334 1511 1542 1554; x_wconf 87' lang='lat' dir='ltr'>conclavi-</span> 
     </span>
     <span class='ocr_line' id='line_1_25' title="bbox 196 1570 1542 1627; baseline 0.001 -16"><span class='ocrx_word' id='word_1_198' title='bbox 196 1570 276 1611; x_wconf 89' lang='lat' dir='ltr'>bus</span> <span class='ocrx_word' id='word_1_199' title='bbox 308 1571 491 1625; x_wconf 88' lang='lat' dir='ltr'>popinae</span> <span class='ocrx_word' id='word_1_200' title='bbox 525 1573 634 1611; x_wconf 91' lang='lat' dir='ltr'>sunt.</span> <span class='ocrx_word' id='word_1_201' title='bbox 692 1570 791 1612; x_wconf 86' lang='lat' dir='ltr'>Etsi</span> <span class='ocrx_word' id='word_1_202' title='bbox 822 1571 909 1612; x_wconf 85' lang='lat' dir='ltr'>iam</span> <span class='ocrx_word' id='word_1_203' title='bbox 939 1574 1083 1627; x_wconf 81' lang='lat' dir='ltr'>negat.</span> <span class='ocrx_word' id='word_1_204' title='bbox 1138 1570 1288 1612; x_wconf 89' lang='lat' dir='ltr'>Nolite</span> <span class='ocrx_word' id='word_1_205' title='bbox 1321 1584 1542 1625; x_wconf 82' lang='lat' dir='ltr'>quaerere3</span> 
     </span>
     <span class='ocr_line' id='line_1_26' title="bbox 196 1628 1594 1684; baseline 0 -15"><span class='ocrx_word' id='word_1_206' title='bbox 196 1628 311 1684; x_wconf 77' lang='lat' dir='ltr'>frugi</span> <span class='ocrx_word' id='word_1_207' title='bbox 343 1629 485 1671; x_wconf 73' lang='lat' dir='ltr'>iactus</span> <span class='ocrx_word' id='word_1_208' title='bbox 517 1632 601 1683; x_wconf 85' lang='lat' dir='ltr'>est3</span> <span class='ocrx_word' id='word_1_209' title='bbox 633 1629 857 1671; x_wconf 85' lang='lat' dir='ltr'>mimulam</span> <span class='ocrx_word' id='word_1_210' title='bbox 890 1644 1010 1672; x_wconf 89' lang='lat' dir='ltr'>suam</span> <span class='ocrx_word' id='word_1_211' title='bbox 1043 1644 1143 1671; x_wconf 86' lang='lat' dir='ltr'>suas</span> <span class='ocrx_word' id='word_1_212' title='bbox 1176 1644 1243 1671; x_wconf 88' lang='lat' dir='ltr'>res</span> <span class='ocrx_word' id='word_1_213' title='bbox 1274 1629 1357 1671; x_wconf 90' lang='lat' dir='ltr'>sibi</span> <span class='ocrx_word' id='word_1_214' title='bbox 1381 1629 1540 1671; x_wconf 87' lang='lat' dir='ltr'>habere</span> <span class='ocrx_word' id='word_1_215' title='bbox 1560 1642 1594 1668; x_wconf 81' lang='lat'>25</span> 
     </span>
     <span class='ocr_line' id='line_1_27' title="bbox 195 1685 1541 1743; baseline 0.001 -15"><span class='ocrx_word' id='word_1_216' title='bbox 195 1687 354 1741; x_wconf 83' lang='lat' dir='ltr'>iussit,-</span> <span class='ocrx_word' id='word_1_217' title='bbox 392 1702 442 1729; x_wconf 88' lang='lat' dir='ltr'>ex</span> <span class='ocrx_word' id='word_1_218' title='bbox 491 1688 714 1730; x_wconf 89' lang='lat' dir='ltr'>duodecim</span> <span class='ocrx_word' id='word_1_219' title='bbox 764 1689 924 1731; x_wconf 87' lang='lat' dir='ltr'>tabulis</span> <span class='ocrx_word' id='word_1_220' title='bbox 976 1685 1107 1730; x_wconf 85' lang='lat' dir='ltr'>clavis</span> <span class='ocrx_word' id='word_1_221' title='bbox 1158 1688 1336 1742; x_wconf 84' lang='lat' dir='ltr'>ademit,</span> <span class='ocrx_word' id='word_1_222' title='bbox 1386 1688 1541 1743; x_wconf 83' lang='lat' dir='ltr'>exegit.</span> 
     </span>
     <span class='ocr_line' id='line_1_28' title="bbox 197 1744 1542 1802; baseline 0.001 -15"><span class='ocrx_word' id='word_1_223' title='bbox 197 1744 335 1795; x_wconf 83' lang='lat' dir='ltr'>Quam</span> <span class='ocrx_word' id='word_1_224' title='bbox 366 1761 495 1801; x_wconf 89' lang='lat' dir='ltr'>porro</span> <span class='ocrx_word' id='word_1_225' title='bbox 529 1750 750 1801; x_wconf 83' lang='lat' dir='ltr'>spectatus</span> <span class='ocrx_word' id='word_1_226' title='bbox 778 1747 895 1801; x_wconf 83' lang='lat' dir='ltr'>civis,</span> <span class='ocrx_word' id='word_1_227' title='bbox 928 1762 1056 1802; x_wconf 91' lang='lat' dir='ltr'>quam</span> <span class='ocrx_word' id='word_1_228' title='bbox 1081 1748 1309 1802; x_wconf 84' lang='lat' dir='ltr'>probatus!</span> <span class='ocrx_word' id='word_1_229' title='bbox 1343 1747 1462 1788; x_wconf 88' lang='lat' dir='ltr'>cuius</span> <span class='ocrx_word' id='word_1_230' title='bbox 1489 1761 1542 1788; x_wconf 87' lang='lat' dir='ltr'>ex</span> 
     </span>
     <span class='ocr_line' id='line_1_29' title="bbox 197 1805 1541 1860; baseline 0 -14"><span class='ocrx_word' id='word_1_231' title='bbox 197 1806 314 1846; x_wconf 88' lang='lat' dir='ltr'>omni</span> <span class='ocrx_word' id='word_1_232' title='bbox 345 1806 436 1847; x_wconf 84' lang='lat' dir='ltr'>vita</span> <span class='ocrx_word' id='word_1_233' title='bbox 466 1805 575 1847; x_wconf 91' lang='lat' dir='ltr'>nihil</span> <span class='ocrx_word' id='word_1_234' title='bbox 608 1810 675 1847; x_wconf 87' lang='lat' dir='ltr'>est</span> <span class='ocrx_word' id='word_1_235' title='bbox 706 1806 942 1858; x_wconf 82' lang='lat' dir='ltr'>honestius,</span> <span class='ocrx_word' id='word_1_236' title='bbox 975 1821 1104 1860; x_wconf 90' lang='lat' dir='ltr'>quam</span> <span class='ocrx_word' id='word_1_237' title='bbox 1128 1806 1249 1860; x_wconf 81' lang='lat' dir='ltr'>-quod</span> <span class='ocrx_word' id='word_1_238' title='bbox 1281 1819 1377 1847; x_wconf 91' lang='lat' dir='ltr'>cum</span> <span class='ocrx_word' id='word_1_239' title='bbox 1409 1805 1541 1846; x_wconf 81' lang='lat' dir='ltr'>mima</span> 
     </span>
    </p>

    <p class='ocr_par' dir='ltr' id='par_1_5' title="bbox 138 1863 1592 2271">
     <span class='ocr_line' id='line_1_30' title="bbox 138 1863 1540 1919; baseline 0.004 -19"><span class='ocrx_word' id='word_1_240' title='bbox 138 1870 182 1901; x_wconf 78' lang='lat'>70</span> <span class='ocrx_word' id='word_1_241' title='bbox 198 1864 301 1906; x_wconf 89' lang='lat' dir='ltr'>fecit</span> <span class='ocrx_word' id='word_1_242' title='bbox 333 1864 577 1906; x_wconf 80' lang='lat' dir='ltr'>divortium.</span> <span class='ocrx_word' id='word_1_243' title='bbox 640 1864 700 1906; x_wconf 84' lang='lat' dir='ltr'>At</span> <span class='ocrx_word' id='word_1_244' title='bbox 733 1879 862 1919; x_wconf 88' lang='lat' dir='ltr'>quam</span> <span class='ocrx_word' id='word_1_245' title='bbox 894 1865 1043 1907; x_wconf 86' lang='lat' dir='ltr'>crebro</span> <span class='ocrx_word' id='word_1_246' title='bbox 1075 1867 1275 1919; x_wconf 89' lang='lat' dir='ltr'>usurpat:</span> <span class='ocrx_word' id='word_1_247' title='bbox 1308 1863 1394 1904; x_wconf 77' lang='lat' dir='ltr'>‘Et</span> <span class='ocrx_word' id='word_1_248' title='bbox 1426 1877 1540 1906; x_wconf 90' lang='lat' dir='ltr'>con-</span> 
     </span>
     <span class='ocr_line' id='line_1_31' title="bbox 197 1922 1592 1965; baseline -0.003 -1"><span class='ocrx_word' id='word_1_249' title='bbox 197 1923 275 1964; x_wconf 90' lang='lat' dir='ltr'>sul</span> <span class='ocrx_word' id='word_1_250' title='bbox 313 1925 357 1964; x_wconf 88' lang='lat' dir='ltr'>et</span> <span class='ocrx_word' id='word_1_251' title='bbox 389 1923 690 1965; x_wconf 83' lang='lat' dir='ltr'>Antonius&#39;!</span> <span class='ocrx_word' id='word_1_252' title='bbox 729 1923 812 1965; x_wconf 88' lang='lat' dir='ltr'>hoc</span> <span class='ocrx_word' id='word_1_253' title='bbox 850 1926 917 1965; x_wconf 90' lang='lat' dir='ltr'>est</span> <span class='ocrx_word' id='word_1_254' title='bbox 954 1923 1110 1965; x_wconf 88' lang='lat' dir='ltr'>dicere:</span> <span class='ocrx_word' id='word_1_255' title='bbox 1148 1926 1192 1964; x_wconf 91' lang='lat' dir='ltr'>et</span> <span class='ocrx_word' id='word_1_256' title='bbox 1224 1923 1371 1965; x_wconf 91' lang='lat' dir='ltr'>consul</span> <span class='ocrx_word' id='word_1_257' title='bbox 1404 1925 1448 1964; x_wconf 88' lang='lat' dir='ltr'>et</span> <span class='ocrx_word' id='word_1_258' title='bbox 1478 1922 1592 1963; x_wconf 72' lang='lat' dir='ltr'>in-so</span> 
     </span>
     <span class='ocr_line' id='line_1_32' title="bbox 195 1980 1538 2036; baseline 0 -14"><span class='ocrx_word' id='word_1_259' title='bbox 195 1981 518 2035; x_wconf 86' lang='lat' dir='ltr'>pudicissimus,</span> <span class='ocrx_word' id='word_1_260' title='bbox 556 1985 599 2023; x_wconf 87' lang='lat' dir='ltr'>et</span> <span class='ocrx_word' id='word_1_261' title='bbox 639 1982 787 2023; x_wconf 88' lang='lat' dir='ltr'>consul</span> <span class='ocrx_word' id='word_1_262' title='bbox 828 1985 872 2024; x_wconf 87' lang='lat' dir='ltr'>et</span> <span class='ocrx_word' id='word_1_263' title='bbox 902 1981 1032 2023; x_wconf 90' lang='lat' dir='ltr'>homo</span> <span class='ocrx_word' id='word_1_264' title='bbox 1063 1982 1362 2036; x_wconf 88' lang='lat' dir='ltr'>nequissimus.</span> <span class='ocrx_word' id='word_1_265' title='bbox 1426 1980 1538 2030; x_wconf 86' lang='lat' dir='ltr'>Quid</span> 
     </span>
     <span class='ocr_line' id='line_1_33' title="bbox 196 2038 1579 2097; baseline -0.001 -16"><span class='ocrx_word' id='word_1_266' title='bbox 196 2043 263 2081; x_wconf 88' lang='lat' dir='ltr'>est</span> <span class='ocrx_word' id='word_1_267' title='bbox 309 2041 422 2081; x_wconf 85' lang='lat' dir='ltr'>enim</span> <span class='ocrx_word' id='word_1_268' title='bbox 460 2040 575 2081; x_wconf 87' lang='lat' dir='ltr'>aliud</span> <span class='ocrx_word' id='word_1_269' title='bbox 613 2039 863 2082; x_wconf 77' lang='lat' dir='ltr'>Antonius?</span> <span class='ocrx_word' id='word_1_270' title='bbox 930 2039 1062 2094; x_wconf 85' lang='lat' dir='ltr'>Nam,</span> <span class='ocrx_word' id='word_1_271' title='bbox 1107 2041 1144 2082; x_wconf 87' lang='lat' dir='ltr'>si</span> <span class='ocrx_word' id='word_1_272' title='bbox 1181 2041 1370 2096; x_wconf 82' lang='lat' dir='ltr'>dignitas</span> <span class='ocrx_word' id='word_1_273' title='bbox 1408 2038 1538 2094; x_wconf 88' lang='lat' dir='ltr'>signi-</span> <span class='ocrx_word' id='word_1_274' title='bbox 1576 2096 1579 2097; x_wconf 19' lang='lat'><em>⁷</em></span> 
     </span>
     <span class='ocr_line' id='line_1_34' title="bbox 194 2098 1535 2153; baseline -0.001 -14"><span class='ocrx_word' id='word_1_275' title='bbox 194 2099 397 2140; x_wconf 86' lang='lat' dir='ltr'>ficaretur</span> <span class='ocrx_word' id='word_1_276' title='bbox 433 2099 479 2140; x_wconf 93' lang='lat' dir='ltr'>in</span> <span class='ocrx_word' id='word_1_277' title='bbox 515 2099 708 2153; x_wconf 88' lang='lat' dir='ltr'>nomine,</span> <span class='ocrx_word' id='word_1_278' title='bbox 750 2099 949 2153; x_wconf 82' lang='lat' dir='ltr'>dixisset,</span> <span class='ocrx_word' id='word_1_279' title='bbox 988 2099 1131 2153; x_wconf 88' lang='lat' dir='ltr'>credo,</span> <span class='ocrx_word' id='word_1_280' title='bbox 1169 2098 1397 2153; x_wconf 85' lang='lat' dir='ltr'>aliquando</span> <span class='ocrx_word' id='word_1_281' title='bbox 1432 2111 1535 2138; x_wconf 87' lang='lat' dir='ltr'>avus</span> 
     </span>
     <span class='ocr_line' id='line_1_35' title="bbox 194 2155 1534 2212; baseline 0 -15"><span class='ocrx_word' id='word_1_282' title='bbox 194 2159 295 2198; x_wconf 89' lang='lat' dir='ltr'>tuus</span> <span class='ocrx_word' id='word_1_283' title='bbox 334 2171 379 2199; x_wconf 88' lang='lat' dir='ltr'>se</span> <span class='ocrx_word' id='word_1_284' title='bbox 419 2161 463 2199; x_wconf 85' lang='lat' dir='ltr'>et</span> <span class='ocrx_word' id='word_1_285' title='bbox 495 2158 714 2199; x_wconf 89' lang='lat' dir='ltr'>consulem</span> <span class='ocrx_word' id='word_1_286' title='bbox 750 2160 793 2198; x_wconf 90' lang='lat' dir='ltr'>et</span> <span class='ocrx_word' id='word_1_287' title='bbox 824 2158 1076 2199; x_wconf 86' lang='lat' dir='ltr'>Antonium.</span> <span class='ocrx_word' id='word_1_288' title='bbox 1137 2156 1383 2212; x_wconf 87' lang='lat' dir='ltr'>Numquam</span> <span class='ocrx_word' id='word_1_289' title='bbox 1415 2155 1534 2197; x_wconf 86' lang='lat' dir='ltr'>dixit.</span> 
     </span>
     <span class='ocr_line' id='line_1_36' title="bbox 193 2213 1588 2313; baseline -0.002 -58"><span class='ocrx_word' id='word_1_290' title='bbox 193 2214 387 2313; x_wconf 69' lang='lat' dir='ltr'>Dsixisset</span> <span class='ocrx_word' id='word_1_291' title='bbox 419 2216 551 2257; x_wconf 89' lang='lat' dir='ltr'>etiam</span> <span class='ocrx_word' id='word_1_292' title='bbox 583 2216 763 2271; x_wconf 85' lang='lat' dir='ltr'>conlega</span> <span class='ocrx_word' id='word_1_293' title='bbox 794 2231 926 2271; x_wconf 89' lang='lat' dir='ltr'>meus,</span> <span class='ocrx_word' id='word_1_294' title='bbox 956 2220 1137 2271; x_wconf 88' lang='lat' dir='ltr'>patruus</span> <span class='ocrx_word' id='word_1_295' title='bbox 1171 2219 1282 2269; x_wconf 86' lang='lat' dir='ltr'>tuus,</span> <span class='ocrx_word' id='word_1_296' title='bbox 1312 2213 1397 2255; x_wconf 82' lang='lat' dir='ltr'>nisi</span> <span class='ocrx_word' id='word_1_297' title='bbox 1423 2214 1461 2255; x_wconf 91' lang='lat' dir='ltr'>si</span> <span class='ocrx_word' id='word_1_298' title='bbox 1486 2217 1534 2256; x_wconf 87' lang='lat' dir='ltr'>tu</span> <span class='ocrx_word' id='word_1_299' title='bbox 1554 2225 1588 2252; x_wconf 80' lang='lat' dir='ltr'>ss</span> 
     </span>
    </p>

    <p class='ocr_par' dir='ltr' id='par_1_6' title="bbox 183 2274 1535 2412">
     <span class='ocr_line' id='line_1_37' title="bbox 272 2274 650 2343; baseline 0.005 -29"><span class='ocrx_word' id='word_1_300' title='bbox 272 2288 317 2314; x_wconf 90' lang='lat' dir='ltr'>so</span> <span class='ocrx_word' id='word_1_301' title='bbox 318 2274 388 2343; x_wconf 52' lang='lat' dir='ltr'>sus</span> <span class='ocrx_word' id='word_1_302' title='bbox 421 2274 650 2316; x_wconf 83' lang='lat' dir='ltr'>Antonius.</span> 
     </span>
     <span class='ocr_line' id='line_1_38' title="bbox 101 2287 1535 2413; baseline -0.001 -40.939"><span class='ocrx_word' id='word_1_303' title='bbox 101 2287 373 2413; x_wconf 36' lang='lat' dir='ltr'>(gcsssssed</span> <span class='ocrx_word' id='word_1_304' title='bbox 424 2327 579 2374; x_wconf 86' lang='lat' dir='ltr'>omitto</span> <span class='ocrx_word' id='word_1_305' title='bbox 631 2347 680 2374; x_wconf 87' lang='lat' dir='ltr'>ea</span> <span class='ocrx_word' id='word_1_306' title='bbox 722 2336 916 2387; x_wconf 87' lang='lat' dir='ltr'>peccata,</span> <span class='ocrx_word' id='word_1_307' title='bbox 961 2347 1068 2387; x_wconf 90' lang='lat' dir='ltr'>quae</span> <span class='ocrx_word' id='word_1_308' title='bbox 1111 2346 1198 2374; x_wconf 93' lang='lat' dir='ltr'>non</span> <span class='ocrx_word' id='word_1_309' title='bbox 1241 2334 1343 2372; x_wconf 88' lang='lat' dir='ltr'>sunt</span> <span class='ocrx_word' id='word_1_310' title='bbox 1387 2345 1535 2372; x_wconf 85' lang='lat' dir='ltr'>earum</span> 
     </span>
    </p>
   </div>
   <div class='ocr_carea' id='block_1_3' title="bbox 1656 1940 1664 1964">
    <p class='ocr_par' dir='ltr' id='par_1_7' title="bbox 1656 1940 1664 1964">
     <span class='ocr_line' id='line_1_39' title="bbox 1656 1940 1664 1964; baseline 0 0"><span class='ocrx_word' id='word_1_311' title='bbox 1656 1940 1664 1964; x_wconf 62' lang='grc' dir='ltr'>δ</span> 
     </span>
    </p>
   </div>
   <div class='ocr_carea' id='block_1_4' title="bbox 1653 1965 1664 2025">
    <p class='ocr_par' dir='ltr' id='par_1_8' title="bbox 1653 1965 1664 2025">
     <span class='ocr_line' id='line_1_40' title="bbox 1653 1965 1664 2025; baseline 0 0"><span class='ocrx_word' id='word_1_312' title='bbox 1653 1965 1664 2025; x_wconf 73' lang='lat'>1</span> 
     </span>
    </p>
   </div>
   <div class='ocr_carea' id='block_1_5' title="bbox 1654 2277 1663 2300">
    <p class='ocr_par' dir='ltr' id='par_1_9' title="bbox 1654 2277 1663 2300">
     <span class='ocr_line' id='line_1_41' title="bbox 1654 2277 1663 2300; baseline 0 0"><span class='ocrx_word' id='word_1_313' title='bbox 1654 2277 1663 2300; x_wconf 64' lang='grc' dir='ltr'><strong>θ</strong></span> 
     </span>
    </p>
   </div>
   <div class='ocr_carea' id='block_1_6' title="bbox 1655 2348 1665 2369">
    <p class='ocr_par' dir='ltr' id='par_1_10' title="bbox 1655 2348 1665 2369">
     <span class='ocr_line' id='line_1_42' title="bbox 1655 2348 1665 2369; baseline 0 0"><span class='ocrx_word' id='word_1_314' title='bbox 1655 2348 1665 2369; x_wconf 58' lang='lat' dir='ltr'>v</span> 
     </span>
    </p>
   </div>
  </div>
 </body>
</html>
