<?xml version="1.0" encoding="UTF-8"?>
<!DOCTYPE html PUBLIC "-//W3C//DTD XHTML 1.0 Transitional//EN"
    "http://www.w3.org/TR/xhtml1/DTD/xhtml1-transitional.dtd">
<html xmlns="http://www.w3.org/1999/xhtml" xml:lang="en" lang="en">
 <head>
  <title>
</title>
<meta http-equiv="Content-Type" content="text/html;charset=utf-8" />
  <meta name='ocr-system' content='tesseract 3.04.00' />
  <meta name='ocr-capabilities' content='ocr_page ocr_carea ocr_par ocr_line ocrx_word'/>
</head>
<body>
  <div class='ocr_page' id='page_1' title='image "./p3scriptaquaemanse02ciceuoft_0669.png"; bbox 0 0 1671 2543; ppageno 0'>
   <div class='ocr_carea' id='block_1_1' title="bbox 566 99 1463 144">
    <p class='ocr_par' dir='ltr' id='par_1_1' title="bbox 566 99 1463 144">
     <span class='ocr_line' id='line_1_1' title="bbox 566 99 1463 144; baseline 0.01 -9"><span class='ocrx_word' id='word_1_1' title='bbox 566 99 665 135; x_wconf 84' lang='lat' dir='ltr'>CAP.</span> <span class='ocrx_word' id='word_1_2' title='bbox 694 103 783 135; x_wconf 80' lang='lat'>7-9</span> <span class='ocrx_word' id='word_1_3' title='bbox 811 103 829 142; x_wconf 60' lang='grc' dir='ltr'><strong>ς</strong></span> <span class='ocrx_word' id='word_1_4' title='bbox 858 104 1006 136; x_wconf 82' lang='lat'><strong>16—20.</strong></span> <span class='ocrx_word' id='word_1_5' title='bbox 1376 103 1463 144; x_wconf 78' lang='lat'>513</span> 
     </span>
    </p>
   </div>
   <div class='ocr_carea' id='block_1_2' title="bbox 68 207 1526 2420">
    <p class='ocr_par' dir='ltr' id='par_1_2' title="bbox 68 207 1526 2420">
     <span class='ocr_line' id='line_1_2' title="bbox 120 207 1524 264; baseline -0.001 -14"><span class='ocrx_word' id='word_1_6' title='bbox 120 223 218 250; x_wconf 86' lang='lat' dir='ltr'>eum</span> <span class='ocrx_word' id='word_1_7' title='bbox 257 223 300 250; x_wconf 91' lang='lat' dir='ltr'>se</span> <span class='ocrx_word' id='word_1_8' title='bbox 339 207 510 249; x_wconf 87' lang='lat' dir='ltr'>mittere</span> <span class='ocrx_word' id='word_1_9' title='bbox 543 207 668 262; x_wconf 87' lang='lat' dir='ltr'>dixit,</span> <span class='ocrx_word' id='word_1_10' title='bbox 704 222 792 249; x_wconf 94' lang='lat' dir='ltr'>non</span> <span class='ocrx_word' id='word_1_11' title='bbox 822 222 900 262; x_wconf 89' lang='lat' dir='ltr'>pro</span> <span class='ocrx_word' id='word_1_12' title='bbox 933 208 1116 250; x_wconf 87' lang='lat' dir='ltr'>consule.</span> <span class='ocrx_word' id='word_1_13' title='bbox 1180 207 1298 258; x_wconf 83' lang='lat' dir='ltr'>Quae</span> <span class='ocrx_word' id='word_1_14' title='bbox 1330 209 1464 264; x_wconf 83' lang='lat' dir='ltr'>igitur</span> <span class='ocrx_word' id='word_1_15' title='bbox 1483 219 1524 249; x_wconf 82' lang='grc'>19</span> 
     </span>
     <span class='ocr_line' id='line_1_3' title="bbox 120 267 1465 321; baseline 0.002 -14"><span class='ocrx_word' id='word_1_16' title='bbox 120 267 226 308; x_wconf 85' lang='lat' dir='ltr'>haee</span> <span class='ocrx_word' id='word_1_17' title='bbox 253 267 439 321; x_wconf 88' lang='lat' dir='ltr'>comitia,</span> <span class='ocrx_word' id='word_1_18' title='bbox 466 268 540 308; x_wconf 86' lang='lat' dir='ltr'>aut</span> <span class='ocrx_word' id='word_1_19' title='bbox 566 281 694 321; x_wconf 88' lang='lat' dir='ltr'>quam</span> <span class='ocrx_word' id='word_1_20' title='bbox 720 267 1001 308; x_wconf 71' lang='lat' dir='ltr'>ambitionem</span> <span class='ocrx_word' id='word_1_21' title='bbox 1024 268 1401 309; x_wconf 87' lang='lat' dir='ltr'>constantissimus</span> <span class='ocrx_word' id='word_1_22' title='bbox 1422 272 1465 310; x_wconf 86' lang='lat' dir='ltr'>et</span> 
     </span>
     <span class='ocr_line' id='line_1_4' title="bbox 122 324 1464 380; baseline 0.001 -14"><span class='ocrx_word' id='word_1_23' title='bbox 122 325 404 380; x_wconf 82' lang='lat' dir='ltr'>gravissimus</span> <span class='ocrx_word' id='word_1_24' title='bbox 443 325 565 379; x_wconf 83' lang='lat' dir='ltr'>civis,</span> <span class='ocrx_word' id='word_1_25' title='bbox 601 324 648 366; x_wconf 91' lang='lat' dir='ltr'>L.</span> <span class='ocrx_word' id='word_1_26' title='bbox 682 324 857 380; x_wconf 89' lang='lat' dir='ltr'>Caesar,</span> <span class='ocrx_word' id='word_1_27' title='bbox 893 326 939 367; x_wconf 91' lang='lat' dir='ltr'>in</span> <span class='ocrx_word' id='word_1_28' title='bbox 971 329 1166 368; x_wconf 87' lang='lat' dir='ltr'>senatum</span> <span class='ocrx_word' id='word_1_29' title='bbox 1197 326 1464 368; x_wconf 76' lang='lat' dir='ltr'>introduxit?</span> 
     </span>
     <span class='ocr_line' id='line_1_5' title="bbox 122 383 1465 440; baseline 0.001 -14"><span class='ocrx_word' id='word_1_30' title='bbox 122 383 372 426; x_wconf 88' lang='lat' dir='ltr'>C1arissimo</span> <span class='ocrx_word' id='word_1_31' title='bbox 393 384 484 426; x_wconf 84' lang='lat' dir='ltr'>viro</span> <span class='ocrx_word' id='word_1_32' title='bbox 505 386 634 438; x_wconf 84' lang='lat' dir='ltr'>atque</span> <span class='ocrx_word' id='word_1_33' title='bbox 653 384 1005 426; x_wconf 83' lang='lat' dir='ltr'>innocentissimo</span> <span class='ocrx_word' id='word_1_34' title='bbox 1024 385 1211 427; x_wconf 86' lang='lat' dir='ltr'>decrevit</span> <span class='ocrx_word' id='word_1_35' title='bbox 1224 385 1465 440; x_wconf 82' lang='lat' dir='ltr'>imperium,</span> 
     </span>
     <span class='ocr_line' id='line_1_6' title="bbox 86 443 1464 499; baseline 0.001 -15"><span class='ocrx_word' id='word_1_36' title='bbox 86 454 102 477; x_wconf 75' lang='lat' dir='ltr'>f»</span> <span class='ocrx_word' id='word_1_37' title='bbox 122 444 289 497; x_wconf 88' lang='lat' dir='ltr'>privato</span> <span class='ocrx_word' id='word_1_38' title='bbox 321 445 484 497; x_wconf 83' lang='lat' dir='ltr'>tamen3</span> <span class='ocrx_word' id='word_1_39' title='bbox 514 443 560 483; x_wconf 84' lang='grc'>111</span> <span class='ocrx_word' id='word_1_40' title='bbox 590 457 673 497; x_wconf 90' lang='lat' dir='ltr'>quo</span> <span class='ocrx_word' id='word_1_41' title='bbox 702 444 936 484; x_wconf 85' lang='lat' dir='ltr'>maximum</span> <span class='ocrx_word' id='word_1_42' title='bbox 960 444 1086 485; x_wconf 88' lang='lat' dir='ltr'>nobis</span> <span class='ocrx_word' id='word_1_43' title='bbox 1113 458 1220 485; x_wconf 90' lang='lat' dir='ltr'>onus</span> <span class='ocrx_word' id='word_1_44' title='bbox 1246 444 1464 499; x_wconf 89' lang='lat' dir='ltr'>imposuit.</span> 
     </span>
     <span class='ocr_line' id='line_1_7' title="bbox 121 501 1466 559; baseline 0.002 -17"><span class='ocrx_word' id='word_1_45' title='bbox 121 501 341 543; x_wconf 88' lang='lat' dir='ltr'>Adsensus</span> <span class='ocrx_word' id='word_1_46' title='bbox 369 516 453 555; x_wconf 90' lang='lat' dir='ltr'>ero,</span> <span class='ocrx_word' id='word_1_47' title='bbox 480 501 761 543; x_wconf 74' lang='lat' dir='ltr'><strong>ambitionem</strong></span> <span class='ocrx_word' id='word_1_48' title='bbox 786 502 990 544; x_wconf 84' lang='lat' dir='ltr'>induxero</span> <span class='ocrx_word' id='word_1_49' title='bbox 1017 502 1062 543; x_wconf 90' lang='lat' dir='ltr'>in</span> <span class='ocrx_word' id='word_1_50' title='bbox 1089 503 1268 558; x_wconf 80' lang='lat' dir='ltr'>curiam3</span> <span class='ocrx_word' id='word_1_51' title='bbox 1291 517 1466 559; x_wconf 83' lang='lat' dir='ltr'>negaro,</span> 
     </span>
     <span class='ocr_line' id='line_1_8' title="bbox 123 560 1463 615; baseline 0.002 -14"><span class='ocrx_word' id='word_1_52' title='bbox 123 560 298 602; x_wconf 86' lang='lat' dir='ltr'>videbor</span> <span class='ocrx_word' id='word_1_53' title='bbox 351 560 555 615; x_wconf 86' lang='lat' dir='ltr'>suffragio</span> <span class='ocrx_word' id='word_1_54' title='bbox 604 575 699 602; x_wconf 90' lang='lat' dir='ltr'>meo</span> <span class='ocrx_word' id='word_1_55' title='bbox 749 563 970 614; x_wconf 77' lang='lat' dir='ltr'>tamquam</span> <span class='ocrx_word' id='word_1_56' title='bbox 1020 562 1207 603; x_wconf 89' lang='lat' dir='ltr'>comitiis</span> <span class='ocrx_word' id='word_1_57' title='bbox 1257 561 1463 604; x_wconf 85' lang='lat' dir='ltr'>honorem</span> 
     </span>
     <span class='ocr_line' id='line_1_9' title="bbox 119 618 1466 675; baseline 0.001 -15"><span class='ocrx_word' id='word_1_58' title='bbox 119 618 286 660; x_wconf 88' lang='lat' dir='ltr'>homini</span> <span class='ocrx_word' id='word_1_59' title='bbox 312 619 572 661; x_wconf 83' lang='lat' dir='ltr'>amicissimo</span> <span class='ocrx_word' id='word_1_60' title='bbox 598 619 887 674; x_wconf 84' lang='lat' dir='ltr'>denegavisse.</span> <span class='ocrx_word' id='word_1_61' title='bbox 935 619 1097 669; x_wconf 83' lang='lat' dir='ltr'>Quodsi</span> <span class='ocrx_word' id='word_1_62' title='bbox 1123 620 1299 662; x_wconf 84' lang='lat' dir='ltr'>comitia</span> <span class='ocrx_word' id='word_1_63' title='bbox 1323 621 1466 675; x_wconf 85' lang='lat' dir='ltr'>placet</span> 
     </span>
     <span class='ocr_line' id='line_1_10' title="bbox 120 677 1465 734; baseline 0.002 -16"><span class='ocrx_word' id='word_1_64' title='bbox 120 677 167 718; x_wconf 87' lang='lat' dir='ltr'>in</span> <span class='ocrx_word' id='word_1_65' title='bbox 203 680 355 719; x_wconf 90' lang='lat' dir='ltr'>senatu</span> <span class='ocrx_word' id='word_1_66' title='bbox 391 678 560 732; x_wconf 88' lang='lat' dir='ltr'>haberi,</span> <span class='ocrx_word' id='word_1_67' title='bbox 597 680 812 733; x_wconf 86' lang='lat' dir='ltr'>petamus,</span> <span class='ocrx_word' id='word_1_68' title='bbox 851 679 1109 734; x_wconf 83' lang='lat' dir='ltr'>ambiamus3</span> <span class='ocrx_word' id='word_1_69' title='bbox 1145 680 1307 720; x_wconf 88' lang='lat' dir='ltr'>tabella</span> <span class='ocrx_word' id='word_1_70' title='bbox 1338 680 1465 721; x_wconf 90' lang='lat' dir='ltr'>modo</span> 
     </span>
     <span class='ocr_line' id='line_1_11' title="bbox 69 736 1466 792; baseline 0.002 -15"><span class='ocrx_word' id='word_1_71' title='bbox 69 746 102 772; x_wconf 83' lang='grc' dir='ltr'>ιο</span> <span class='ocrx_word' id='word_1_72' title='bbox 121 736 246 778; x_wconf 90' lang='lat' dir='ltr'>detur</span> <span class='ocrx_word' id='word_1_73' title='bbox 282 736 426 792; x_wconf 88' lang='lat' dir='ltr'>nobis,</span> <span class='ocrx_word' id='word_1_74' title='bbox 463 736 575 778; x_wconf 87' lang='lat' dir='ltr'>sicut</span> <span class='ocrx_word' id='word_1_75' title='bbox 611 737 771 791; x_wconf 89' lang='lat' dir='ltr'>populo</span> <span class='ocrx_word' id='word_1_76' title='bbox 810 737 910 778; x_wconf 86' lang='lat' dir='ltr'>data</span> <span class='ocrx_word' id='word_1_77' title='bbox 947 740 1024 779; x_wconf 88' lang='lat' dir='ltr'>est.</span> <span class='ocrx_word' id='word_1_78' title='bbox 1092 737 1179 780; x_wconf 92' lang='lat' dir='ltr'>Cur</span> <span class='ocrx_word' id='word_1_79' title='bbox 1216 739 1466 791; x_wconf 72' lang='lat' dir='ltr'>committis,</span> 
     </span>
     <span class='ocr_line' id='line_1_12' title="bbox 122 793 1467 850; baseline 0.002 -14"><span class='ocrx_word' id='word_1_80' title='bbox 122 793 296 849; x_wconf 89' lang='lat' dir='ltr'>Caesar,</span> <span class='ocrx_word' id='word_1_81' title='bbox 335 797 385 836; x_wconf 86' lang='lat' dir='ltr'>ut</span> <span class='ocrx_word' id='word_1_82' title='bbox 422 798 497 836; x_wconf 83' lang='lat' dir='ltr'>aut</span> <span class='ocrx_word' id='word_1_83' title='bbox 533 796 930 849; x_wconf 85' lang='lat' dir='ltr'>praestantissimus</span> <span class='ocrx_word' id='word_1_84' title='bbox 969 797 1050 850; x_wconf 84' lang='lat' dir='ltr'>vir,</span> <span class='ocrx_word' id='word_1_85' title='bbox 1090 797 1126 838; x_wconf 90' lang='lat' dir='ltr'>si</span> <span class='ocrx_word' id='word_1_86' title='bbox 1164 797 1247 838; x_wconf 87' lang='lat' dir='ltr'>tibi</span> <span class='ocrx_word' id='word_1_87' title='bbox 1283 812 1371 839; x_wconf 89' lang='lat' dir='ltr'>non</span> <span class='ocrx_word' id='word_1_88' title='bbox 1410 798 1467 839; x_wconf 88' lang='lat' dir='ltr'>sit</span> 
     </span>
     <span class='ocr_line' id='line_1_13' title="bbox 121 853 1466 910; baseline 0.001 -15"><span class='ocrx_word' id='word_1_89' title='bbox 121 853 359 908; x_wconf 80' lang='lat' dir='ltr'>adsensum,</span> <span class='ocrx_word' id='word_1_90' title='bbox 391 854 609 908; x_wconf 83' lang='lat' dir='ltr'>repulsam</span> <span class='ocrx_word' id='word_1_91' title='bbox 640 854 791 896; x_wconf 88' lang='lat' dir='ltr'>tulisse</span> <span class='ocrx_word' id='word_1_92' title='bbox 823 855 1019 896; x_wconf 84' lang='lat' dir='ltr'>videatur</span> <span class='ocrx_word' id='word_1_93' title='bbox 1049 858 1123 897; x_wconf 88' lang='lat' dir='ltr'>aut</span> <span class='ocrx_word' id='word_1_94' title='bbox 1148 870 1258 897; x_wconf 87' lang='lat' dir='ltr'>unus</span> <span class='ocrx_word' id='word_1_95' title='bbox 1286 856 1466 910; x_wconf 87' lang='lat' dir='ltr'>quisque</span> 
     </span>
     <span class='ocr_line' id='line_1_14' title="bbox 119 913 1467 970; baseline 0.002 -17"><span class='ocrx_word' id='word_1_96' title='bbox 119 915 318 954; x_wconf 88' lang='lat' dir='ltr'>nostrum</span> <span class='ocrx_word' id='word_1_97' title='bbox 361 913 639 967; x_wconf 88' lang='lat' dir='ltr'>praeteritus,</span> <span class='ocrx_word' id='word_1_98' title='bbox 689 914 744 968; x_wconf 94' lang='lat' dir='ltr'>si,</span> <span class='ocrx_word' id='word_1_99' title='bbox 788 928 883 955; x_wconf 90' lang='lat' dir='ltr'>cum</span> <span class='ocrx_word' id='word_1_100' title='bbox 926 914 1020 968; x_wconf 82' lang='lat' dir='ltr'>pari</span> <span class='ocrx_word' id='word_1_101' title='bbox 1065 914 1276 969; x_wconf 80' lang='lat' dir='ltr'>dignitate</span> <span class='ocrx_word' id='word_1_102' title='bbox 1321 915 1467 970; x_wconf 89' lang='lat' dir='ltr'>simus,</span> 
     </span>
     <span class='ocr_line' id='line_1_15' title="bbox 122 971 1526 1029; baseline -0.001 -17"><span class='ocrx_word' id='word_1_103' title='bbox 122 971 271 1013; x_wconf 90' lang='lat' dir='ltr'>eodem</span> <span class='ocrx_word' id='word_1_104' title='bbox 313 972 477 1013; x_wconf 87' lang='lat' dir='ltr'>honore</span> <span class='ocrx_word' id='word_1_105' title='bbox 521 972 641 1027; x_wconf 82' lang='lat' dir='ltr'>digni</span> <span class='ocrx_word' id='word_1_106' title='bbox 677 987 764 1013; x_wconf 88' lang='grc'><strong>11011</strong></span> <span class='ocrx_word' id='word_1_107' title='bbox 800 973 1029 1026; x_wconf 76' lang='lat' dir='ltr'>putemur?</span> <span class='ocrx_word' id='word_1_108' title='bbox 1096 972 1158 1014; x_wconf 90' lang='lat' dir='ltr'>At</span> <span class='ocrx_word' id='word_1_109' title='bbox 1195 974 1309 1014; x_wconf 90' lang='lat' dir='ltr'>enim</span> <span class='ocrx_word' id='word_1_110' title='bbox 1348 972 1466 1029; x_wconf 81' lang='lat' dir='ltr'>(nam</span> <span class='ocrx_word' id='word_1_111' title='bbox 1481 981 1526 1012; x_wconf 85' lang='lat'>20</span> 
     </span>
     <span class='ocr_line' id='line_1_16' title="bbox 69 1028 1467 1086; baseline 0.002 -16"><span class='ocrx_word' id='word_1_112' title='bbox 69 1040 101 1066; x_wconf 87' lang='lat'>15</span> <span class='ocrx_word' id='word_1_113' title='bbox 121 1030 165 1071; x_wconf 91' lang='lat' dir='ltr'>id</span> <span class='ocrx_word' id='word_1_114' title='bbox 203 1028 402 1085; x_wconf 83' lang='lat' dir='ltr'>exaudio)</span> <span class='ocrx_word' id='word_1_115' title='bbox 435 1029 480 1072; x_wconf 91' lang='lat' dir='ltr'>C.</span> <span class='ocrx_word' id='word_1_116' title='bbox 513 1029 686 1072; x_wconf 86' lang='lat' dir='ltr'>Caesari</span> <span class='ocrx_word' id='word_1_117' title='bbox 719 1031 1038 1073; x_wconf 87' lang='lat' dir='ltr'>adulescentulo</span> <span class='ocrx_word' id='word_1_118' title='bbox 1070 1031 1299 1086; x_wconf 87' lang='lat' dir='ltr'>imperium</span> <span class='ocrx_word' id='word_1_119' title='bbox 1331 1035 1467 1074; x_wconf 82' lang='lat' dir='ltr'>extra-</span> 
     </span>
     <span class='ocr_line' id='line_1_17' title="bbox 122 1088 1467 1145; baseline 0.002 -16"><span class='ocrx_word' id='word_1_120' title='bbox 122 1088 386 1130; x_wconf 89' lang='lat' dir='ltr'>ordinarium</span> <span class='ocrx_word' id='word_1_121' title='bbox 417 1103 512 1130; x_wconf 89' lang='lat' dir='ltr'>mea</span> <span class='ocrx_word' id='word_1_122' title='bbox 544 1089 758 1131; x_wconf 86' lang='lat' dir='ltr'>sententia</span> <span class='ocrx_word' id='word_1_123' title='bbox 790 1090 896 1131; x_wconf 90' lang='lat' dir='ltr'>dedi.</span> <span class='ocrx_word' id='word_1_124' title='bbox 954 1089 1033 1131; x_wconf 91' lang='lat' dir='ltr'>Ille</span> <span class='ocrx_word' id='word_1_125' title='bbox 1066 1090 1180 1131; x_wconf 85' lang='lat' dir='ltr'>enim</span> <span class='ocrx_word' id='word_1_126' title='bbox 1210 1091 1317 1132; x_wconf 89' lang='lat' dir='ltr'>mihi</span> <span class='ocrx_word' id='word_1_127' title='bbox 1349 1106 1467 1145; x_wconf 88' lang='lat' dir='ltr'>prae-</span> 
     </span>
     <span class='ocr_line' id='line_1_18' title="bbox 122 1147 1467 1204; baseline 0.003 -17"><span class='ocrx_word' id='word_1_128' title='bbox 122 1147 279 1188; x_wconf 87' lang='lat' dir='ltr'>sidium</span> <span class='ocrx_word' id='word_1_129' title='bbox 329 1147 715 1189; x_wconf 84' lang='lat' dir='ltr'>extraordinarium</span> <span class='ocrx_word' id='word_1_130' title='bbox 765 1148 951 1190; x_wconf 85' lang='lat' dir='ltr'>dederat.</span> <span class='ocrx_word' id='word_1_131' title='bbox 1025 1147 1134 1190; x_wconf 92' lang='lat' dir='ltr'>Cum</span> <span class='ocrx_word' id='word_1_132' title='bbox 1177 1149 1271 1190; x_wconf 90' lang='lat' dir='ltr'>dico</span> <span class='ocrx_word' id='word_1_133' title='bbox 1316 1149 1467 1204; x_wconf 58' lang='grc' dir='ltr'>ε1;[ι1111’,</span> 
     </span>
     <span class='ocr_line' id='line_1_19' title="bbox 122 1205 1468 1262; baseline 0.002 -16"><span class='ocrx_word' id='word_1_134' title='bbox 122 1205 290 1246; x_wconf 87' lang='lat' dir='ltr'>senatui</span> <span class='ocrx_word' id='word_1_135' title='bbox 328 1205 421 1248; x_wconf 88' lang='lat' dir='ltr'>dico</span> <span class='ocrx_word' id='word_1_136' title='bbox 459 1206 704 1260; x_wconf 86' lang='lat' dir='ltr'>populoque</span> <span class='ocrx_word' id='word_1_137' title='bbox 736 1206 945 1248; x_wconf 84' lang='lat' dir='ltr'>Romano.</span> <span class='ocrx_word' id='word_1_138' title='bbox 1006 1206 1047 1248; x_wconf 91' lang='lat' dir='ltr'>A</span> <span class='ocrx_word' id='word_1_139' title='bbox 1084 1222 1168 1261; x_wconf 92' lang='lat' dir='ltr'>quo</span> <span class='ocrx_word' id='word_1_140' title='bbox 1205 1208 1468 1262; x_wconf 84' lang='lat' dir='ltr'>praesidium</span> 
     </span>
     <span class='ocr_line' id='line_1_20' title="bbox 120 1264 1468 1320; baseline 0.003 -16"><span class='ocrx_word' id='word_1_141' title='bbox 120 1278 188 1305; x_wconf 90' lang='lat' dir='ltr'>res</span> <span class='ocrx_word' id='word_1_142' title='bbox 220 1264 395 1319; x_wconf 89' lang='lat' dir='ltr'>publica</span> <span class='ocrx_word' id='word_1_143' title='bbox 424 1279 477 1305; x_wconf 93' lang='lat' dir='ltr'>ne</span> <span class='ocrx_word' id='word_1_144' title='bbox 510 1265 749 1320; x_wconf 80' lang='lat' dir='ltr'>cogitatum</span> <span class='ocrx_word' id='word_1_145' title='bbox 782 1266 952 1320; x_wconf 87' lang='lat' dir='ltr'>quidem</span> <span class='ocrx_word' id='word_1_146' title='bbox 983 1268 1154 1307; x_wconf 88' lang='lat' dir='ltr'>tantum</span> <span class='ocrx_word' id='word_1_147' title='bbox 1184 1266 1381 1318; x_wconf 88' lang='lat' dir='ltr'>haberet,</span> <span class='ocrx_word' id='word_1_148' title='bbox 1418 1271 1468 1308; x_wconf 86' lang='lat' dir='ltr'>ut</span> 
     </span>
     <span class='ocr_line' id='line_1_21' title="bbox 68 1322 1466 1378; baseline 0.001 -14"><span class='ocrx_word' id='word_1_149' title='bbox 68 1339 102 1364; x_wconf 82' lang='lat'>20</span> <span class='ocrx_word' id='word_1_150' title='bbox 122 1322 212 1364; x_wconf 88' lang='lat' dir='ltr'>sine</span> <span class='ocrx_word' id='word_1_151' title='bbox 251 1337 300 1364; x_wconf 92' lang='lat' dir='ltr'>eo</span> <span class='ocrx_word' id='word_1_152' title='bbox 339 1323 458 1364; x_wconf 86' lang='lat' dir='ltr'>salva</span> <span class='ocrx_word' id='word_1_153' title='bbox 495 1337 587 1364; x_wconf 89' lang='lat' dir='ltr'>esse</span> <span class='ocrx_word' id='word_1_154' title='bbox 624 1338 712 1365; x_wconf 94' lang='lat' dir='ltr'>non</span> <span class='ocrx_word' id='word_1_155' title='bbox 747 1326 910 1378; x_wconf 87' lang='lat' dir='ltr'>posset,</span> <span class='ocrx_word' id='word_1_156' title='bbox 947 1324 1048 1366; x_wconf 93' lang='lat' dir='ltr'>huic</span> <span class='ocrx_word' id='word_1_157' title='bbox 1079 1325 1466 1367; x_wconf 82' lang='lat' dir='ltr'>extraordinarium</span> 
     </span>
     <span class='ocr_line' id='line_1_22' title="bbox 120 1381 1467 1436; baseline 0.002 -14"><span class='ocrx_word' id='word_1_158' title='bbox 120 1381 349 1436; x_wconf 86' lang='lat' dir='ltr'>imperium</span> <span class='ocrx_word' id='word_1_159' title='bbox 385 1396 473 1423; x_wconf 91' lang='lat' dir='ltr'>non</span> <span class='ocrx_word' id='word_1_160' title='bbox 510 1382 684 1423; x_wconf 77' lang='lat' dir='ltr'>darem?</span> <span class='ocrx_word' id='word_1_161' title='bbox 745 1382 836 1424; x_wconf 89' lang='lat' dir='ltr'>Aut</span> <span class='ocrx_word' id='word_1_162' title='bbox 867 1383 1078 1425; x_wconf 83' lang='lat' dir='ltr'>exercitus</span> <span class='ocrx_word' id='word_1_163' title='bbox 1110 1383 1359 1426; x_wconf 88' lang='lat' dir='ltr'>adimendus</span> <span class='ocrx_word' id='word_1_164' title='bbox 1392 1388 1467 1425; x_wconf 87' lang='lat' dir='ltr'>aut</span> 
     </span>
     <span class='ocr_line' id='line_1_23' title="bbox 120 1439 1466 1497; baseline 0.003 -17"><span class='ocrx_word' id='word_1_165' title='bbox 120 1439 349 1494; x_wconf 87' lang='lat' dir='ltr'>imperium</span> <span class='ocrx_word' id='word_1_166' title='bbox 380 1440 566 1482; x_wconf 88' lang='lat' dir='ltr'>dandum</span> <span class='ocrx_word' id='word_1_167' title='bbox 596 1441 691 1482; x_wconf 80' lang='lat' dir='ltr'>fuit.</span> <span class='ocrx_word' id='word_1_168' title='bbox 751 1440 867 1490; x_wconf 89' lang='lat' dir='ltr'>Quae</span> <span class='ocrx_word' id='word_1_169' title='bbox 899 1444 966 1483; x_wconf 88' lang='lat' dir='ltr'>est</span> <span class='ocrx_word' id='word_1_170' title='bbox 996 1442 1111 1483; x_wconf 88' lang='lat' dir='ltr'>enim</span> <span class='ocrx_word' id='word_1_171' title='bbox 1136 1442 1261 1497; x_wconf 89' lang='lat' dir='ltr'>ratio,</span> <span class='ocrx_word' id='word_1_172' title='bbox 1293 1446 1368 1484; x_wconf 90' lang='lat' dir='ltr'>aut</span> <span class='ocrx_word' id='word_1_173' title='bbox 1394 1444 1466 1497; x_wconf 89' lang='lat' dir='ltr'>qui</span> 
     </span>
     <span class='ocr_line' id='line_1_24' title="bbox 120 1499 1466 1554; baseline 0.003 -15"><span class='ocrx_word' id='word_1_174' title='bbox 120 1501 267 1552; x_wconf 87' lang='lat' dir='ltr'>potest</span> <span class='ocrx_word' id='word_1_175' title='bbox 297 1499 403 1553; x_wconf 89' lang='lat' dir='ltr'>fieri,</span> <span class='ocrx_word' id='word_1_176' title='bbox 433 1502 483 1540; x_wconf 91' lang='lat' dir='ltr'>ut</span> <span class='ocrx_word' id='word_1_177' title='bbox 515 1500 606 1541; x_wconf 92' lang='lat' dir='ltr'>sine</span> <span class='ocrx_word' id='word_1_178' title='bbox 638 1500 819 1554; x_wconf 89' lang='lat' dir='ltr'>imperio</span> <span class='ocrx_word' id='word_1_179' title='bbox 851 1503 1049 1542; x_wconf 83' lang='lat' dir='ltr'>teneatur</span> <span class='ocrx_word' id='word_1_180' title='bbox 1075 1501 1316 1542; x_wconf 80' lang='lat' dir='ltr'>exercitus?</span> <span class='ocrx_word' id='word_1_181' title='bbox 1365 1501 1466 1543; x_wconf 91' lang='lat' dir='ltr'>Non</span> 
     </span>
     <span class='ocr_line' id='line_1_25' title="bbox 121 1556 1468 1613; baseline 0.003 -16"><span class='ocrx_word' id='word_1_182' title='bbox 121 1556 273 1611; x_wconf 83' lang='lat' dir='ltr'>igitur,</span> <span class='ocrx_word' id='word_1_183' title='bbox 318 1557 430 1611; x_wconf 91' lang='lat' dir='ltr'>quod</span> <span class='ocrx_word' id='word_1_184' title='bbox 468 1561 663 1611; x_wconf 90' lang='lat' dir='ltr'>ereptum</span> <span class='ocrx_word' id='word_1_185' title='bbox 699 1573 787 1600; x_wconf 93' lang='lat' dir='ltr'>non</span> <span class='ocrx_word' id='word_1_186' title='bbox 824 1561 907 1613; x_wconf 88' lang='lat' dir='ltr'>est,</span> <span class='ocrx_word' id='word_1_187' title='bbox 950 1559 994 1600; x_wconf 87' lang='lat' dir='ltr'>id</span> <span class='ocrx_word' id='word_1_188' title='bbox 1031 1559 1363 1601; x_wconf 78' lang='lat' dir='ltr'>existimandum</span> <span class='ocrx_word' id='word_1_189' title='bbox 1400 1563 1468 1602; x_wconf 90' lang='lat' dir='ltr'>est</span> 
     </span>
     <span class='ocr_line' id='line_1_26' title="bbox 69 1615 1468 1672; baseline 0.001 -15"><span class='ocrx_word' id='word_1_190' title='bbox 69 1632 102 1658; x_wconf 83' lang='lat'>25</span> <span class='ocrx_word' id='word_1_191' title='bbox 122 1615 282 1656; x_wconf 89' lang='lat' dir='ltr'>datum.</span> <span class='ocrx_word' id='word_1_192' title='bbox 358 1615 643 1669; x_wconf 87' lang='lat' dir='ltr'>Eripuissetis</span> <span class='ocrx_word' id='word_1_193' title='bbox 694 1616 738 1658; x_wconf 91' lang='lat' dir='ltr'>C.</span> <span class='ocrx_word' id='word_1_194' title='bbox 789 1615 979 1671; x_wconf 81' lang='lat' dir='ltr'>Caesari,</span> <span class='ocrx_word' id='word_1_195' title='bbox 1027 1620 1171 1671; x_wconf 86' lang='lat' dir='ltr'>patres</span> <span class='ocrx_word' id='word_1_196' title='bbox 1222 1618 1468 1672; x_wconf 83' lang='lat' dir='ltr'>conscripti,</span> 
     </span>
     <span class='ocr_line' id='line_1_27' title="bbox 121 1674 1467 1730; baseline 0.002 -16"><span class='ocrx_word' id='word_1_197' title='bbox 121 1674 368 1728; x_wconf 89' lang='lat' dir='ltr'>imperium,</span> <span class='ocrx_word' id='word_1_198' title='bbox 404 1674 489 1715; x_wconf 80' lang='lat' dir='ltr'>nisi</span> <span class='ocrx_word' id='word_1_199' title='bbox 520 1674 755 1716; x_wconf 88' lang='lat' dir='ltr'>dedissetis.</span> <span class='ocrx_word' id='word_1_200' title='bbox 797 1674 972 1716; x_wconf 68' lang='lat' dir='ltr'>vMilites</span> <span class='ocrx_word' id='word_1_201' title='bbox 1004 1675 1212 1726; x_wconf 84' lang='lat' dir='ltr'>veterani,</span> <span class='ocrx_word' id='word_1_202' title='bbox 1246 1676 1319 1730; x_wconf 93' lang='lat' dir='ltr'>qui</span> <span class='ocrx_word' id='word_1_203' title='bbox 1350 1677 1467 1718; x_wconf 91' lang='lat' dir='ltr'>illius</span> 
     </span>
     <span class='ocr_line' id='line_1_28' title="bbox 123 1732 1468 1788; baseline 0.001 -13"><span class='ocrx_word' id='word_1_204' title='bbox 123 1733 447 1786; x_wconf 81' lang='lat' dir='ltr'>auctoritatem,</span> <span class='ocrx_word' id='word_1_205' title='bbox 478 1732 724 1786; x_wconf 89' lang='lat' dir='ltr'>imperium,</span> <span class='ocrx_word' id='word_1_206' title='bbox 754 1747 911 1774; x_wconf 90' lang='lat' dir='ltr'>nomen</span> <span class='ocrx_word' id='word_1_207' title='bbox 943 1734 1077 1775; x_wconf 86' lang='lat' dir='ltr'>secuti</span> <span class='ocrx_word' id='word_1_208' title='bbox 1108 1748 1186 1787; x_wconf 88' lang='lat' dir='ltr'>pro</span> <span class='ocrx_word' id='word_1_209' title='bbox 1218 1748 1263 1775; x_wconf 90' lang='lat' dir='ltr'>re</span> <span class='ocrx_word' id='word_1_210' title='bbox 1294 1735 1468 1788; x_wconf 87' lang='lat' dir='ltr'>publiea</span> 
     </span>
     <span class='ocr_line' id='line_1_29' title="bbox 123 1791 1466 1848; baseline 0.002 -17"><span class='ocrx_word' id='word_1_211' title='bbox 123 1805 243 1832; x_wconf 88' lang='lat' dir='ltr'>arma</span> <span class='ocrx_word' id='word_1_212' title='bbox 281 1794 499 1845; x_wconf 86' lang='lat' dir='ltr'>ceperant,</span> <span class='ocrx_word' id='word_1_213' title='bbox 536 1791 740 1832; x_wconf 87' lang='lat' dir='ltr'>volebant</span> <span class='ocrx_word' id='word_1_214' title='bbox 778 1791 860 1832; x_wconf 88' lang='lat' dir='ltr'>sibi</span> <span class='ocrx_word' id='word_1_215' title='bbox 899 1791 952 1832; x_wconf 90' lang='lat' dir='ltr'>ab</span> <span class='ocrx_word' id='word_1_216' title='bbox 986 1792 1062 1833; x_wconf 91' lang='lat' dir='ltr'>illo</span> <span class='ocrx_word' id='word_1_217' title='bbox 1095 1792 1315 1847; x_wconf 66' lang='lat' dir='ltr'>imperari,</span> <span class='ocrx_word' id='word_1_218' title='bbox 1352 1793 1466 1848; x_wconf 79' lang='lat' dir='ltr'>legio</span> 
     </span>
     <span class='ocr_line' id='line_1_30' title="bbox 122 1848 1467 1905; baseline 0.002 -15"><span class='ocrx_word' id='word_1_219' title='bbox 122 1848 282 1890; x_wconf 88' lang='lat' dir='ltr'>Martia</span> <span class='ocrx_word' id='word_1_220' title='bbox 320 1853 363 1890; x_wconf 90' lang='lat' dir='ltr'>et</span> <span class='ocrx_word' id='word_1_221' title='bbox 394 1850 508 1905; x_wconf 84' lang='lat' dir='ltr'>legio</span> <span class='ocrx_word' id='word_1_222' title='bbox 542 1851 695 1904; x_wconf 83' lang='lat' dir='ltr'>quarta</span> <span class='ocrx_word' id='word_1_223' title='bbox 725 1850 789 1890; x_wconf 86' lang='lat' dir='ltr'>ita</span> <span class='ocrx_word' id='word_1_224' title='bbox 821 1864 864 1890; x_wconf 91' lang='lat' dir='ltr'>se</span> <span class='ocrx_word' id='word_1_225' title='bbox 897 1850 1168 1891; x_wconf 89' lang='lat' dir='ltr'>contulerant</span> <span class='ocrx_word' id='word_1_226' title='bbox 1200 1851 1253 1892; x_wconf 90' lang='lat' dir='ltr'>ad</span> <span class='ocrx_word' id='word_1_227' title='bbox 1285 1852 1467 1893; x_wconf 89' lang='lat' dir='ltr'>auctori-</span> 
     </span>
     <span class='ocr_line' id='line_1_31' title="bbox 70 1907 1467 1964; baseline 0.002 -15"><span class='ocrx_word' id='word_1_228' title='bbox 70 1924 105 1949; x_wconf 87' lang='lat'>30</span> <span class='ocrx_word' id='word_1_229' title='bbox 124 1910 261 1949; x_wconf 85' lang='lat' dir='ltr'>tatem</span> <span class='ocrx_word' id='word_1_230' title='bbox 305 1911 479 1949; x_wconf 86' lang='lat' dir='ltr'>senatus</span> <span class='ocrx_word' id='word_1_231' title='bbox 525 1910 568 1949; x_wconf 88' lang='lat' dir='ltr'>et</span> <span class='ocrx_word' id='word_1_232' title='bbox 607 1908 669 1949; x_wconf 92' lang='lat' dir='ltr'>rei</span> <span class='ocrx_word' id='word_1_233' title='bbox 706 1907 901 1962; x_wconf 90' lang='lat' dir='ltr'>publicae</span> <span class='ocrx_word' id='word_1_234' title='bbox 940 1909 1214 1963; x_wconf 84' lang='lat' dir='ltr'>dignitatem,</span> <span class='ocrx_word' id='word_1_235' title='bbox 1257 1912 1306 1951; x_wconf 87' lang='lat' dir='ltr'>ut</span> <span class='ocrx_word' id='word_1_236' title='bbox 1343 1910 1467 1964; x_wconf 87' lang='lat' dir='ltr'>depo—</span> 
     </span>
     <span class='ocr_line' id='line_1_32' title="bbox 125 1965 1466 2022; baseline 0.003 -16"><span class='ocrx_word' id='word_1_237' title='bbox 125 1969 293 2007; x_wconf 86' lang='lat' dir='ltr'>scerent</span> <span class='ocrx_word' id='word_1_238' title='bbox 318 1967 623 2020; x_wconf 75' lang='lat' dir='ltr'>imperatorem</span> <span class='ocrx_word' id='word_1_239' title='bbox 648 1969 693 2007; x_wconf 88' lang='lat' dir='ltr'>et</span> <span class='ocrx_word' id='word_1_240' title='bbox 718 1966 867 2007; x_wconf 89' lang='lat' dir='ltr'>ducem</span> <span class='ocrx_word' id='word_1_241' title='bbox 888 1965 932 2008; x_wconf 89' lang='lat' dir='ltr'>C.</span> <span class='ocrx_word' id='word_1_242' title='bbox 954 1966 1191 2009; x_wconf 81' lang='lat' dir='ltr'>Caesarem.</span> <span class='ocrx_word' id='word_1_243' title='bbox 1230 1967 1466 2022; x_wconf 89' lang='lat' dir='ltr'>Imperium</span> 
     </span>
     <span class='ocr_line' id='line_1_33' title="bbox 125 2023 1464 2077; baseline 0.002 -12"><span class='ocrx_word' id='word_1_244' title='bbox 125 2023 170 2065; x_wconf 91' lang='lat' dir='ltr'>C.</span> <span class='ocrx_word' id='word_1_245' title='bbox 191 2023 366 2066; x_wconf 88' lang='lat' dir='ltr'>Caesari</span> <span class='ocrx_word' id='word_1_246' title='bbox 390 2025 493 2066; x_wconf 86' lang='lat' dir='ltr'>belli</span> <span class='ocrx_word' id='word_1_247' title='bbox 518 2025 764 2077; x_wconf 80' lang='lat' dir='ltr'>necessitaS,</span> <span class='ocrx_word' id='word_1_248' title='bbox 789 2024 926 2066; x_wconf 86' lang='lat' dir='ltr'>fasces</span> <span class='ocrx_word' id='word_1_249' title='bbox 951 2028 1124 2067; x_wconf 89' lang='lat' dir='ltr'>senatus</span> <span class='ocrx_word' id='word_1_250' title='bbox 1145 2026 1272 2067; x_wconf 89' lang='lat' dir='ltr'>dedit.</span> <span class='ocrx_word' id='word_1_251' title='bbox 1313 2027 1464 2069; x_wconf 86' lang='lat' dir='ltr'>Otiose</span> 
     </span>
     <span class='ocr_line' id='line_1_34' title="bbox 123 2083 1466 2138; baseline 0.003 -15"><span class='ocrx_word' id='word_1_252' title='bbox 123 2097 224 2124; x_wconf 85' lang='lat' dir='ltr'>vero</span> <span class='ocrx_word' id='word_1_253' title='bbox 263 2086 305 2124; x_wconf 90' lang='lat' dir='ltr'>et</span> <span class='ocrx_word' id='word_1_254' title='bbox 341 2083 451 2124; x_wconf 90' lang='lat' dir='ltr'>nihil</span> <span class='ocrx_word' id='word_1_255' title='bbox 489 2084 633 2138; x_wconf 81' lang='lat' dir='ltr'>agenti</span> <span class='ocrx_word' id='word_1_256' title='bbox 671 2083 858 2137; x_wconf 88' lang='lat' dir='ltr'>privato,</span> <span class='ocrx_word' id='word_1_257' title='bbox 904 2084 1080 2126; x_wconf 89' lang='lat' dir='ltr'>obsecro</span> <span class='ocrx_word' id='word_1_258' title='bbox 1119 2087 1180 2138; x_wconf 88' lang='lat' dir='ltr'>te,</span> <span class='ocrx_word' id='word_1_259' title='bbox 1223 2084 1270 2125; x_wconf 93' lang='lat' dir='ltr'>L.</span> <span class='ocrx_word' id='word_1_260' title='bbox 1309 2084 1466 2127; x_wconf 88' lang='lat' dir='ltr'>Caesar</span> 
     </span>
     <span class='ocr_line' id='line_1_35' title="bbox 125 2139 1466 2198; baseline 0.004 -17"><span class='ocrx_word' id='word_1_261' title='bbox 125 2139 241 2196; x_wconf 87' lang='lat' dir='ltr'>(eum</span> <span class='ocrx_word' id='word_1_262' title='bbox 278 2141 541 2195; x_wconf 84' lang='lat' dir='ltr'>peritissimo</span> <span class='ocrx_word' id='word_1_263' title='bbox 579 2141 752 2182; x_wconf 84' lang='lat' dir='ltr'>homine</span> <span class='ocrx_word' id='word_1_264' title='bbox 789 2141 896 2182; x_wconf 92' lang='lat' dir='ltr'>mihi</span> <span class='ocrx_word' id='word_1_265' title='bbox 932 2156 1000 2183; x_wconf 86' lang='lat' dir='ltr'>res</span> <span class='ocrx_word' id='word_1_266' title='bbox 1039 2140 1141 2198; x_wconf 86' lang='lat' dir='ltr'>est),</span> <span class='ocrx_word' id='word_1_267' title='bbox 1183 2143 1351 2197; x_wconf 87' lang='lat' dir='ltr'>quando</span> <span class='ocrx_word' id='word_1_268' title='bbox 1390 2144 1466 2186; x_wconf 92' lang='lat' dir='ltr'>im-</span> 
     </span>
     <span class='ocr_line' id='line_1_36' title="bbox 71 2200 674 2253; baseline 0 -13"><span class='ocrx_word' id='word_1_269' title='bbox 71 2215 105 2241; x_wconf 71' lang='grc'>35</span> <span class='ocrx_word' id='word_1_270' title='bbox 124 2200 291 2253; x_wconf 88' lang='lat' dir='ltr'>perium</span> <span class='ocrx_word' id='word_1_271' title='bbox 323 2203 496 2241; x_wconf 88' lang='lat' dir='ltr'>senatus</span> <span class='ocrx_word' id='word_1_272' title='bbox 528 2200 674 2241; x_wconf 79' lang='lat' dir='ltr'>dedit?</span> 
     </span>
     <span class='ocr_line' id='line_1_37' title="bbox 213 2256 1506 2315; baseline 0.003 -16"><span class='ocrx_word' id='word_1_273' title='bbox 213 2256 297 2300; x_wconf 85' lang='lat' dir='ltr'>Sed</span> <span class='ocrx_word' id='word_1_274' title='bbox 328 2259 378 2299; x_wconf 91' lang='lat' dir='ltr'>de</span> <span class='ocrx_word' id='word_1_275' title='bbox 410 2258 491 2299; x_wconf 88' lang='lat' dir='ltr'>hoc</span> <span class='ocrx_word' id='word_1_276' title='bbox 524 2258 695 2312; x_wconf 91' lang='lat' dir='ltr'>quidem</span> <span class='ocrx_word' id='word_1_277' title='bbox 724 2258 944 2313; x_wconf 86' lang='lat' dir='ltr'>haetenus,</span> <span class='ocrx_word' id='word_1_278' title='bbox 975 2273 1028 2300; x_wconf 93' lang='lat' dir='ltr'>ne</span> <span class='ocrx_word' id='word_1_279' title='bbox 1059 2259 1267 2315; x_wconf 83' lang='lat' dir='ltr'>refragari</span> <span class='ocrx_word' id='word_1_280' title='bbox 1298 2259 1506 2303; x_wconf 83' lang='lat' dir='ltr'>homini9</span> 
     </span>
     <span class='ocr_line' id='line_1_38' title="bbox 126 2316 1464 2375; baseline 0.003 -18"><span class='ocrx_word' id='word_1_281' title='bbox 126 2316 387 2358; x_wconf 84' lang='lat' dir='ltr'>amicissimo</span> <span class='ocrx_word' id='word_1_282' title='bbox 420 2330 469 2358; x_wconf 88' lang='lat' dir='ltr'>ac</span> <span class='ocrx_word' id='word_1_283' title='bbox 500 2316 550 2357; x_wconf 89' lang='lat' dir='ltr'>de</span> <span class='ocrx_word' id='word_1_284' title='bbox 578 2331 644 2358; x_wconf 91' lang='lat' dir='ltr'>me</span> <span class='ocrx_word' id='word_1_285' title='bbox 672 2317 834 2370; x_wconf 89' lang='lat' dir='ltr'>optime</span> <span class='ocrx_word' id='word_1_286' title='bbox 860 2317 1014 2359; x_wconf 87' lang='lat' dir='ltr'>merito</span> <span class='ocrx_word' id='word_1_287' title='bbox 1039 2318 1196 2360; x_wconf 86' lang='lat' dir='ltr'>videar.</span> <span class='ocrx_word' id='word_1_288' title='bbox 1245 2319 1343 2360; x_wconf 86' lang='lat' dir='ltr'>Etsi</span> <span class='ocrx_word' id='word_1_289' title='bbox 1369 2320 1464 2375; x_wconf 88' lang='lat' dir='ltr'>quis</span> 
     </span>
     <span class='ocr_line' id='line_1_39' title="bbox 196 2390 1248 2420; baseline 0.004 -4"><span class='ocrx_word' id='word_1_290' title='bbox 196 2390 268 2417; x_wconf 81' lang='lat'>010.</span> <span class='ocrx_word' id='word_1_291' title='bbox 288 2392 329 2416; x_wconf 86' lang='lat' dir='ltr'>1L</span> <span class='ocrx_word' id='word_1_292' title='bbox 349 2392 373 2417; x_wconf 84' lang='lat'>3.</span> <span class='ocrx_word' id='word_1_293' title='bbox 1204 2390 1248 2420; x_wconf 86' lang='lat'>33</span> 
     </span>
    </p>
   </div>
  </div>
 </body>
</html>
