1671 2543
522 66 624 102 CAP.
650 72 790 103 20—22
818 71 836 111 g
864 72 1015 103 50—54.
1362 67 1449 108 223

100 176 263 230 lippus,
307 190 474 217 summa
503 175 733 217 nobilitate
774 179 817 217 et
855 175 1119 230 eloquentia,
1159 178 1364 230 quaestor
1402 175 1446 217 C.

103 233 287 288 Caelius,
319 234 582 276 clarissimus
616 249 664 276 ac
695 234 961 276 fortissimus
989 235 1250 288 adulescens,
1282 235 1446 275 tribuni

101 293 158 347 pl.
196 292 242 334 P.
280 293 471 335 Rutilius
510 293 667 347 Rufus,
712 292 756 336 C.
795 293 1007 347 Fimbria,
1052 292 1097 335 G.
1140 292 1332 347 Cassius,
1372 292 1445 335 Cn.

103 351 276 393 Orestes
313 351 419 393 facti
455 366 543 393 non
579 355 698 407 sunt,
740 366 846 406 quos
885 355 1032 393 tamen
1070 352 1208 393 omnis
1248 348 1444 393 consules

66 427 82 452 5
101 410 242 452 factos
274 411 433 452 scimus
466 425 570 452 esse.
630 410 747 460 Quae
780 411 862 452 tibi
893 411 1010 452 ultro
1041 414 1165 465 pater
1191 413 1235 452 et
1261 411 1446 452 maiores

103 469 168 510 tui
199 483 288 510 non
319 469 569 511 consolandi
601 469 666 510 tui
699 469 842 525 gratia
874 470 1029 524 dicent,
1059 484 1196 524 neque
1228 484 1328 511 vero
1362 483 1446 524 quo

102 531 145 569 te
183 528 368 569 liberent
406 528 551 582 aliqua
589 528 731 583 culpa,
777 543 906 582 quam
943 531 992 569 tu
1028 528 1206 579 vereris,
1248 543 1303 569 ne
1342 542 1367 569 a
1403 531 1446 569 te
1481 534 1483 536 ’

101 589 302 641 suscepta
338 586 551 641 videatur,
589 587 664 628 sed
694 589 744 628 ut
775 590 818 629 te
851 587 903 628 ad
934 587 1067 628 istum
1100 601 1272 628 cursum
1304 589 1447 628 tenen-

103 646 222 699 dum,
266 659 394 699 quem
435 660 460 686 a
501 645 643 700 prima
681 648 822 687 aetate
864 645 1110 700 suscepisti,
1156 645 1447 687 cohortentur.

50 718 83 743 ιο
102 703 226 745 Nihil
270 707 335 746 est
380 704 512 758 enim,
556 704 665 745 mihi
706 704 845 758 crede,
890 703 1156 758 Laterensis,
1200 704 1250 745 de
1294 707 1337 745 te
1382 704 1449 745 de-

101 765 302 804 tractum.
369 762 611 805 Detractum
655 763 769 817 dico;
811 763 848 804 si
889 763 1131 804 mehercule
1176 777 1291 817 vere,
1336 763 1449 817 quod

103 821 269 875 accidit,
300 821 578 876 interpretari
608 821 727 875 velis,
760 824 828 863 est
860 821 1022 875 aliquid
1055 822 1187 863 etiam
1213 822 1263 863 de
1290 821 1448 863 virtute

103 879 396 935 significatum
427 883 514 921 tua.
571 879 675 922 Noli
707 880 821 921 enim
853 880 1099 921 existimare
1130 895 1218 921 non
1243 894 1449 935 magnum
1464 884 1520 924 22

104 939 316 993 quendam
354 941 521 980 motum
551 938 685 980 fuisse
716 939 833 980 illius
864 939 1089 993 petitionis
1123 942 1240 993 tuae,
1278 939 1328 980 de
1367 954 1451 993 qua

52 1014 83 1038 15
102 1012 155 1038 ne
189 997 350 1052 aliquid
381 997 564 1051 iurares,
597 997 816 1039 destitisti.
878 996 1157 1038 Denuntiasti
1188 998 1319 1039 homo
1353 998 1449 1038 adu—

103 1055 282 1111 lescens,
315 1056 416 1110 quid
448 1056 498 1097 de
531 1070 699 1097 summa
723 1071 768 1097 re
793 1056 968 1110 publica
992 1056 1187 1110 sentires,
1217 1056 1375 1097 fortius
1402 1059 1451 1097 tu

104 1114 277 1169 quidem
310 1129 439 1168 quam
469 1129 557 1156 non
586 1115 696 1156 nulli
728 1114 919 1156 defuncti
950 1115 1201 1168 honoribus,
1234 1115 1308 1156 sed
1335 1129 1451 1169 aper-

103 1173 204 1228 tius,
236 1188 364 1228 quam
394 1173 462 1214 vel
489 1173 739 1215 ambitionis
765 1173 833 1215 vel
860 1174 1015 1214 aetatis
1042 1176 1141 1214 tuae
1167 1174 1279 1214 ratio
1305 1177 1451 1228 postu-

102 1232 234 1273 labat.
309 1231 448 1281 Quam
499 1232 552 1273 ob
602 1246 693 1273 rem
742 1232 806 1273 in‘
832 1232 1112 1273 dissentiente
1155 1232 1316 1286 populo
1360 1232 1451 1273 noli
1466 1242 1511 1273 53

52 1307 86 1331 20
105 1292 258 1345 putare
294 1290 438 1332 nullos
475 1290 627 1345 fuisse,
666 1305 848 1345 quorum
887 1290 1053 1332 animos
1087 1293 1187 1331 tuus
1220 1291 1293 1331 ille
1325 1290 1451 1332 fortis

105 1349 272 1390 am‘mus
305 1349 554 1403 offenderet3
587 1349 661 1404 qui
692 1352 735 1390 te
766 1350 988 1391 incautum
1018 1349 1204 1390 fortasse
1234 1364 1349 1390 nunc
1375 1353 1451 1390 tuo

102 1407 198 1449 loco
232 1408 454 1449 demovere
486 1410 734 1463 potuerunt,
763 1408 1063 1462 providentem
1095 1410 1239 1449 autem
1266 1411 1308 1449 et
1334 1423 1453 1462 prae-

104 1469 326 1507 caventem
355 1481 593 1521 numquam
624 1469 738 1508 certe
771 1467 1016 1508 movebunt.

193 1525 263 1565 An
287 1528 331 1566 te
356 1525 433 1566 illa
453 1528 708 1580 argumenta
728 1525 968 1566 duxerunt?
1008 1524 1275 1579 eDubitatis’,
1301 1525 1454 1579 inquit,

53 1599 86 1624 25
108 1582 229 1637 ‘quin
254 1583 384 1624 coitio
410 1583 526 1625 facta
552 1584 621 1637 sit,
648 1599 744 1625 cum
771 1584 911 1625 tribus
936 1584 1163 1638 plerasque
1190 1598 1287 1625 cum
1309 1583 1454 1625 Plotio

105 1641 256 1682 tulerit
276 1640 475 1682 Plancius
485 1641 521 1682 ‘P'
559 1642 630 1683 An
653 1657 739 1683 una
763 1643 857 1683 fieri
881 1645 1127 1696 potuerunt,
1153 1642 1191 1683 si
1209 1657 1295 1683 una
1314 1642 1455 1683 tribus

104 1714 192 1741 non
223 1699 458 1740 tulissent?
509 1699 585 1741 eAt
608 1715 696 1741 non
720 1701 860 1742 nullas
885 1700 1058 1754 punctis
1084 1714 1218 1754 paene
1245 1700 1455 1741 totidem.9

108 1758 294 1812 Quippe,
338 1772 434 1798 cum
477 1758 564 1798 iam
606 1758 712 1799 facti
754 1773 887 1813 prope
932 1758 1224 1812 superioribus
1267 1758 1455 1799 comitiis

107 1816 397 1869 declaratique
423 1816 652 1857 venissent.
692 1816 962 1870 Quamquam
987 1831 1039 1857 ne
1066 1817 1109 1857 id
1131 1816 1302 1870 quidem
1322 1817 1457 1870 suspi-

55 1891 88 1915 30
109 1875 274 1916 cionem
307 1874 506 1915 coitionis
538 1875 748 1915 habuerit.
805 1874 955 1928 Neque
987 1874 1102 1916 enim
1133 1889 1339 1928 umquam
1372 1889 1457 1915 ma-

106 1933 220 1974 iores
250 1933 391 1974 nostri
424 1932 699 1974 sortitionem
731 1933 1059 1974 constituissent
1089 1933 1341 1986 aediliciam,
1371 1933 1458 1974 nisi

106 1991 300 2032 viderent
324 1991 513 2032 accidere
533 2005 671 2045 posse,
696 1994 746 2032 ut
766 1991 1070 2045 competitores
1091 2005 1216 2045 pares
1238 1991 1456 2046 suffragiis

106 2052 262 2091 essent.
322 2049 382 2091 Et
420 2050 481 2090 ais
516 2050 733 2104 prioribus
765 2050 952 2092 comitiis
983 2049 1219 2091 Aniensem
1252 2064 1277 2091 a
1308 2049 1454 2091 Plotio
1472 2063 1518 2094 54

106 2108 251 2162 Pedio,
281 2107 528 2150 Teretinam
559 2123 584 2149 a
607 2107 782 2150 Plancio
814 2108 897 2149 tibi
922 2122 1013 2150 esse
1040 2122 1305 2162 concessam3
1334 2122 1447 2150 nunc

55 2181 88 2207 35
109 2166 162 2207 ab
204 2169 389 2221 utroque
434 2181 505 2208 eas
552 2166 741 2220 avulsas,
788 2181 842 2208 ne
886 2166 931 2207 in
975 2169 1209 2221 angustum
1252 2166 1458 2207 venirent.

110 2224 248 2273 Quam
280 2225 479 2267 convenit
509 2225 699 2266 nondum
733 2225 907 2280 cognita
937 2225 1087 2279 populi
1116 2225 1339 2266 voluntate
1365 2225 1457 2272 hos,

108 2296 215 2336 quos
240 2283 328 2324 iam
353 2286 447 2325 tum
474 2283 725 2325 coniunctos
751 2283 884 2325 fuisse
905 2283 1023 2335 dicis,
1049 2283 1261 2325 iacturam
1282 2298 1458 2325 suarum
