1671 2543
587 90 678 127 GAP
715 94 806 125 6-9
833 94 852 133 g
882 94 1029 126 19—26.
1391 89 1478 132 483

136 201 343 254 differret,
385 199 555 255 virgula
598 201 785 240 stantem
830 198 1167 252 circumscripsit
1204 197 1395 251 dixitque
1434 212 1478 239 se

135 261 166 304 †
198 259 544 302 renuntiaturum
577 258 763 311 senatui,
793 257 877 299 nisi
909 258 1028 312 prius
1062 257 1144 298 sibi
1176 256 1479 310 respondisset,

137 319 239 373 quid
281 318 474 360 facturus
518 319 648 371 esset,
699 330 827 370 quam
871 331 921 357 ex
966 316 1041 356 illa
1085 315 1478 369 circumscriptione

137 378 305 419 exisset.
367 376 608 430 Praeclare3
646 378 820 417 senatus
860 376 973 416 enim
1008 374 1161 416 faciem
1193 388 1337 416 secum
1370 376 1479 414 attu-

99 437 246 478 slerat
287 435 674 488 auctoritatemque
711 434 859 488 populi
897 433 1093 475 Romani.
1161 432 1242 475 Cui
1280 433 1352 487 qui
1392 446 1478 473 non

135 497 276 550 paret,
313 509 399 536 non
437 494 490 535 ab
529 508 578 535 eo
617 493 818 534 mandata
851 492 1095 547 accipienda
1127 494 1244 544 sunt,
1282 491 1355 532 sed
1385 491 1477 545 ipse

136 557 203 596 est
239 554 384 608 potius
422 552 720 607 repudiandus.
782 551 851 592 An
889 565 967 606 ego
1007 552 1060 592 ab
1099 565 1148 592 eo
1181 550 1382 591 mandata
1413 558 1535 591 ,ἤιε-24

136 613 340 668 ciperem,
390 612 462 666 qui
506 614 679 653 senatus
724 610 925 651 mandata
970 612 1278 663 contemneret,
1323 611 1396 650 aut
1440 608 1478 649 ei

137 686 233 714 cum
267 673 416 713 senatu
450 670 679 724 quicquam
712 683 935 710 commune
968 669 1212 722 iudicarem,
1245 668 1317 722 qui
1348 667 1479 721 impe·

84 742 117 767 10
136 733 325 772 ratorem
363 729 511 784 populi
542 728 727 770 Romani
760 730 912 769 senatu
943 727 1200 781 prohibente
1233 725 1478 780 opsideret‘?

135 789 197 831 At
230 803 336 843 quae
369 788 588 829 mandata!
628 802 711 842 qua
743 786 1016 841 adrogantia,
1055 800 1139 840 quo
1173 788 1366 839 stupore,
1394 799 1478 838 quo

136 848 310 902 spiritu!
367 846 454 889 Cur
486 849 628 887 autem
662 860 711 887 ea
741 845 898 900 legatis
929 845 1091 886 nostris
1124 844 1265 897 dabat,
1298 858 1394 885 cum
1426 843 1478 884 ad

134 921 213 949 nos
247 905 445 960 Cotylam
478 905 684 958 mitteret,
717 906 1016 946 ornamentum
1049 906 1177 957 atque
1210 917 1351 944 arcem
1378 901 1478 943 ami·

136 980 284 1008 corum
317 979 504 1018 suorum,
535 964 753 1005 hominem
784 962 1056 1004 aedilicium?
1089 962 1126 1003 si
1151 976 1251 1003 vero
1279 964 1371 1002 tum
1397 960 1480 1001 fuit

83 1036 116 1062 15
137 1025 305 1077 aedilis,
343 1038 439 1064 cum
478 1037 574 1063 eum
612 1022 731 1063 iussu
763 1021 927 1062 Antoni
960 1021 1003 1062 in
1035 1020 1230 1062 convivio
1263 1019 1375 1061 servi
1406 1023 1548 1097 pii-(0)

135 1083 239 1124 blici
283 1082 388 1123 loris
433 1081 686 1123 ceciderunt.
754 1080 815 1121 At
856 1094 983 1134 quam
1029 1079 1221 1120 modesta
1259 1074 1537 1135 mandatal2²5

136 1141 168 1182 F
174 1141 282 1183 errei
322 1154 487 1193 sumus,
530 1142 675 1193 patres
715 1139 965 1192 conscripti,
1005 1138 1076 1191 qui
1115 1137 1343 1191 quicquam
1379 1136 1478 1177 huic

133 1214 352 1255 negemus.
383 1195 1049 1252 ‘Utramqueprovinciam',
1070 1195 1480 1250 mquit,‘remitto,

137 1259 419 1300 exercitum
460 1257 673 1311 depono,
716 1256 951 1310 privatus
989 1269 1097 1296 esse
1137 1269 1236 1295 non
1272 1253 1478 1295 recuso?

83 1330 118 1355 20
137 1317 256 1359 Haec
283 1319 383 1358 sunt
409 1316 522 1357 enim
548 1316 689 1356 verba.
739 1314 892 1355 Redire
917 1314 969 1354 ad
990 1328 1034 1355 se
1055 1313 1234 1354 videtur.
1285 1312 1335 1354 ‘O
1348 1312 1480 1353 mnia

136 1376 440 1428 obliviscor,
484 1375 534 1415 in
571 1374 794 1429 gratiam
832 1372 1008 1414 redeo?
1077 1371 1159 1413 Sed
1199 1371 1299 1425 quid
1336 1371 1480 1412 adiun-

136 1435 229 1490 git?
291 1433 355 1475 esi
392 1433 687 1488 legionibus
727 1432 849 1472 meis
888 1446 990 1484 sex,
1035 1431 1077 1472 si
1116 1430 1398 1484 equitibus,
1437 1430 1478 1470 si

136 1492 340 1535 cohorti
359 1491 650 1546 praetoriae
673 1487 1478 1545 praemiaagrumquedederitis.⁷

135 1551 195 1592 Iis
235 1551 366 1592 etiam
403 1550 593 1604 praemia
629 1550 839 1603 postulat,
878 1549 1033 1602 quibus
1070 1550 1119 1589 ut
1155 1547 1405 1602 ignoscatur
1442 1547 1479 1587 si

83 1623 116 1649 25
136 1609 344 1665 postulet,
375 1608 772 1662 impudentissimus
805 1607 1027 1648 iudicetur.
1083 1606 1216 1646 Addit
1246 1608 1479 1659 praeterea,

135 1671 208 1723 ut,
259 1681 383 1721 quos
427 1666 535 1720 ipse
587 1680 693 1707 cum
742 1665 1015 1706 Dolabella
1064 1664 1264 1704 dederit
1310 1677 1479 1718 agros,

119 1729 346 1775 ,teneant
383 1725 438 1778 ii,
477 1724 660 1778 quibus
699 1724 805 1764 dati
844 1724 959 1764 sint.
1019 1722 1103 1763 Hic
1135 1725 1201 1762 est
1234 1721 1537 1775 Campanus26
1574 1741 1580 1746 ¹

137 1801 238 1842 ager
276 1788 318 1826 et
350 1783 605 1836 Leontinus,
644 1796 750 1835 quae
783 1782 865 1822 duo
898 1781 1082 1822 maiores
1114 1781 1252 1821 nostri
1285 1794 1476 1822 annonae

135 1844 333 1899 perfugia
364 1842 588 1884 ducebant.
651 1839 783 1882 Cavet
815 1840 975 1893 mimis,
1008 1839 1288 1892 aleatoribus,
1320 1838 1517 1880 lenoni-9

83 1915 118 1940 ³0
136 1904 236 1957 bus,
274 1901 426 1944 Cafoni
464 1901 594 1941 etiam
632 1902 675 1940 et
707 1897 841 1940 Saxae
881 1900 1018 1951 cavet,
1061 1912 1168 1951 quos
1208 1897 1476 1939 centuriones

136 1975 353 2016 pugnaces
399 1962 442 2001 et
479 1959 716 2000 lacertosos
754 1957 864 1997 inter
902 1957 1130 1998 mimorum
1169 1958 1212 1997 et
1248 1956 1477 1996 mimarum

137 2033 290 2075 greges
318 2017 569 2060 conlocavit.
620 2015 820 2057 Postulat
846 2018 1079 2069 praeterea,
1112 2018 1165 2056 ut
1193 2014 1477 2069 [chirogra-

135 2078 368 2133 phorum]
403 2090 491 2117 sua
525 2076 591 2127 [et
618 2074 1116 2125 commentariorum]
1146 2073 1476 2128 collegaeque

138 2137 216 2178 sui
259 2137 464 2177 decreta
507 2135 754 2174 maneant.
827 2131 935 2180 Quid
978 2132 1166 2185 laborat,
1216 2134 1263 2172 ut
1306 2131 1477 2184 habeat,

85 2207 118 2233 35
139 2195 252 2250 quod
291 2194 470 2248 quisque
505 2194 718 2233 mercatus
757 2193 840 2244 est,
878 2191 932 2244 si,
970 2191 1081 2245 quod
1114 2191 1296 2244 accepit,
1332 2189 1476 2243 habet,

138 2254 212 2308 qui
243 2252 463 2295 vendidit?
496 2253 545 2292 et
575 2265 633 2291 ne
667 2249 1208 2304 tanganturarationes
1245 2248 1301 2289 ad
1335 2247 1476 2302 Opis,

137 2312 182 2354 id
225 2315 309 2364 est,
351 2325 404 2352 ne
450 2309 637 2363 septiens
680 2308 849 2349 miliens
887 2307 1165 2362 reciperetur,
1207 2321 1266 2348 ne
1308 2306 1476 2348 fraudi

1190 2376 1262 2410 31*
