1671 2543
163 62 249 103 282
446 59 540 95 PRO
567 60 607 94 T.
634 58 787 95 ANNIO
815 57 1000 94 MILONE
1028 57 1216 94 ORATIO.

125 151 143 192 Ῑ
252 169 351 210 Etsi
389 182 556 222 vereor,
593 167 772 218 iudices,
808 181 862 208 ne
901 169 1025 221 turpe
1065 167 1122 208 sit
1153 182 1232 221 pro
1263 167 1504 211 fortissimo

164 228 255 270 viro
284 227 422 269 dicere
448 226 726 281 incipientem
752 225 904 267 timere
931 225 1189 280 minimeque
1216 226 1375 282 deceat,
1408 241 1505 269 cum

162 287 208 328 Τ.
241 286 408 328 Amiius
441 286 533 340 ipse
566 285 705 340 magis
737 284 788 326 de
820 284 881 326 rei
910 285 1107 339 publicae
1135 284 1273 326 salute
1300 300 1429 340 quam
1454 286 1505 327 de

163 360 241 387 sua
283 345 576 399 perturbetur,
619 358 686 385 me
730 343 782 385 ad
826 343 916 385 eius
961 357 1134 385 causam
1177 358 1326 398 parem
1370 344 1502 386 animi

163 403 504 459 magnitudinem
527 402 676 444 afferre
695 417 782 444 non
802 416 940 457 posse,
961 405 1105 443 tamen
1124 402 1229 444 haec
1242 402 1343 444 novi
1357 403 1503 445 iudicii
1542 411 1559 438 ⁵

166 477 278 505 nova
309 462 448 504 forma
479 464 614 504 terret
646 461 810 515 oculos,
847 461 919 515 qui
952 475 1220 515 quocumque
1253 461 1506 513 inciderunt,

169 521 521 563 consuetudinem
564 520 648 562 fori
694 523 737 561 et
779 519 1012 574 pristinum
1049 534 1212 561 morem
1249 520 1506 562 iudiciorum

99 588 155 631 (2)
170 580 404 635 requirunt.
454 579 556 621 Non
588 579 701 621 enim
733 593 890 621 corona
922 593 1146 620 consessus
1173 582 1314 620 vester
1340 579 1504 621 cinctus

165 642 247 694 est,
278 642 328 680 ut
360 639 544 692 solebat,
576 653 663 680 non
693 638 856 679 usitata
886 637 1131 692 frequentia
1163 637 1313 692 stipati
1345 652 1504 692 sumus,

129 708 251 740 anon
283 698 357 738 illa
388 697 612 752 praesidia,
645 711 752 750 quae
783 711 873 751 pro⁴
891 696 1065 751 templis
1092 697 1291 738 omnibus
1317 696 1504 747 cernitis,
1526 706 1560 731 1⁰

165 757 248 798 etsi
293 759 443 798 contra
480 756 568 797 vim
607 756 818 797 collocata
856 758 973 809 sunt,
1015 769 1103 796 non
1140 755 1324 797 afferunt
1360 758 1507 796 tamen

167 815 367 867 [oratori]
403 814 577 869 aliquid,
608 817 658 856 ut
688 815 734 855 in
764 814 859 856 foro
892 816 935 856 et
966 813 1012 855 in
1041 814 1211 868 iudicio,
1245 827 1506 868 quamquam

164 874 390 928 praesidiis
412 873 674 915 salutaribus
696 875 739 914 et
757 873 1010 915 necessariis
1028 873 1167 927 saepti
1182 887 1340 926 sumus,
1361 875 1512 923 tamen,

165 947 217 974 ne
254 947 341 974 non
379 933 531 974 timere
570 932 742 986 quidem
781 932 871 973 sine
909 931 1054 985 aliquo
1090 931 1245 973 timore
1277 931 1506 986 possimus.

167 991 284 1041 Quae
324 991 360 1033 si
398 990 599 1046 opposita.
634 990 787 1032 Miloni
824 993 1040 1045 putarem,
1080 990 1272 1032 cederem
1310 990 1506 1044 tempori,
1526 998 1560 1024 15

165 1050 344 1104 iudices,
381 1065 460 1092 nec
496 1050 609 1091 inter
647 1052 814 1090 tantam
848 1050 935 1090 vim
967 1063 1183 1090 armorum
1215 1049 1507 1090 existimarem

166 1123 259 1150 esse
301 1108 487 1150 orationi
524 1109 676 1150 locum.
746 1106 829 1150 Sed
866 1122 934 1149 me
972 1110 1137 1150 recreat
1174 1110 1218 1149 et
1254 1108 1394 1149 reficit
1432 1106 1506 1150 Cn.

166 1167 357 1222 Pompei,
390 1167 698 1222 sapientissimi
725 1170 768 1208 et
793 1166 1020 1208 iustissimi
1047 1166 1139 1220 viri,
1168 1166 1406 1220 consilium,
1434 1166 1507 1220 qui

166 1226 361 1280 profecto
398 1240 477 1267 nec
514 1226 706 1267 iustitiae
742 1240 843 1267 suae
875 1228 1049 1279 putaret
1081 1239 1190 1275 esse,
1230 1239 1356 1278 quem
1387 1238 1507 1265 reum

169 1284 394 1326 sententiis
433 1284 621 1325 iudicum
658 1284 925 1337 tradidisset,
963 1283 1143 1324 eundem
1181 1283 1279 1324 telis
1318 1283 1506 1324 militum
1527 1291 1561 1316 20

168 1343 318 1384 dedere
350 1356 428 1383 nec
461 1342 696 1396 sapientiae
729 1342 1018 1383 temeritatem
1047 1341 1287 1382 concitatae
1314 1341 1507 1382 multitu-

134 1401 280 1442 3dinis
320 1400 578 1442 auctoritate
609 1400 782 1454 publica
814 1414 990 1441 armare.
1053 1399 1191 1448 Quam
1225 1400 1278 1441 ob
1311 1414 1401 1441 rem
1432 1400 1508 1440 illa

169 1473 298 1513 arma,
331 1459 614 1513 centuriones,
647 1459 845 1500 cohortes
877 1473 964 1500 non
994 1458 1232 1513 periculum
1263 1459 1403 1513 nobis,
1435 1458 1508 1500 sed

167 1518 428 1573 praesidium
471 1517 742 1571 denuntiant,
785 1532 922 1571 neque
963 1517 1103 1558 solum
1139 1520 1189 1558 ut
1227 1517 1391 1571 quieto,
1435 1517 1507 1558 sed

169 1577 300 1618 etiam
338 1579 386 1617 ut
424 1590 580 1631 magno
619 1576 759 1617 animo
796 1576 929 1617 simus
962 1576 1193 1617 hortantur
1223 1590 1361 1630 neque
1394 1575 1508 1617 auxi·
1528 1583 1561 1609 2⁵

168 1635 275 1676 lium
314 1635 439 1676 modo
479 1634 715 1676 defensioni
753 1649 889 1689 meae,
932 1648 1080 1676 verum
1118 1634 1250 1675 etiam
1288 1634 1509 1676 silentium

168 1694 437 1748 pollicentur.
487 1693 669 1747 Reliqua
701 1708 800 1735 vero
833 1693 1079 1747 multitudo,
1111 1707 1217 1747 quae
1245 1693 1416 1747 quidem
1442 1695 1509 1734 est

170 1753 339 1802 civium,
372 1755 466 1794 tota
497 1755 648 1794 nostra
680 1755 757 1807 est,
788 1766 924 1806 neque
952 1766 1100 1793 eorum
1126 1751 1367 1806 quisquam,
1400 1765 1507 1805 quos

169 1811 355 1865 undique
387 1811 609 1861 intuentis,
639 1811 749 1852 unde
783 1811 927 1864 aliqua
954 1809 1037 1852 fori
1063 1824 1162 1864 pars
1190 1810 1324 1864 aspici
1350 1812 1508 1864 potest,

169 1873 213 1911 et
249 1869 377 1911 huius
414 1869 576 1911 exitum
608 1869 754 1910 iudicii
786 1869 1052 1923 expectantis
1085 1868 1258 1923 videtis,
1294 1882 1381 1909 non
1412 1882 1509 1910 cum
1528 1875 1563 1901 ³⁰

169 1928 322 1969 virtuti
359 1927 535 1969 Milonis
571 1927 704 1982 favet,
741 1931 835 1969 tum
867 1928 917 1969 de
950 1942 1011 1978 se,
1050 1927 1100 1968 de
1132 1927 1280 1968 liberis
1314 1927 1420 1977 suis,
1457 1926 1507 1968 de

130 1992 156 2033 2
171 1987 324 2041 patria,
351 1987 400 2028 de
425 1986 611 2028 fortunis
637 1986 843 2028 hodierno
871 1986 936 2027 die
960 1986 1169 2028 decertari
1188 1987 1326 2040 putat.
1364 1984 1508 2026 Unum

172 2059 307 2099 genus
347 2048 413 2086 est
451 2045 675 2086 adversum
712 2044 1001 2099 infestumque
1039 2044 1164 2086 nobis
1197 2058 1361 2093 eorum,
1400 2055 1506 2096 quos

170 2102 215 2143 P.
245 2102 369 2145 Clodi
400 2103 520 2144 furor
551 2103 712 2158 rapinis
745 2106 789 2144 et
819 2103 1025 2145 incendiis
1059 2106 1102 2144 et
1134 2102 1331 2144 omnibus
1364 2099 1506 2142 exitiis

170 2161 354 2214 publicis
397 2162 535 2216 pavit3
578 2162 652 2216 qui
694 2161 897 2203 hesterna
932 2161 1064 2203 etiam
1102 2160 1300 2202 contione
1338 2158 1508 2200 incitati
1528 2167 1561 2194 3⁵

172 2222 282 2269 sunt,
317 2223 365 2260 ut
396 2220 518 2262 vobis
551 2235 652 2262 voce
685 2220 913 2274 praeirent,
945 2219 1047 2274 quid
1077 2217 1335 2260 iudicaretis.
1398 2216 1508 2266 Quo-

171 2290 266 2317 rum
299 2278 460 2319 clamor
493 2279 529 2320 si
559 2279 631 2333 qui
656 2278 768 2320 forte
794 2278 936 2331 fuerit,
968 2278 1194 2319 admonere
1220 2289 1296 2316 vos
1323 2275 1510 2321 debebit,
