1671 2543
550 75 650 112 cAP.
681 79 817 111 14—17
843 80 863 120 ξ
888 80 1040 112 35—40.
1374 78 1463 120 129

119 182 259 226 Nemo
291 198 497 238 umquam
527 183 599 226 hic
627 184 773 239 potuit
799 198 892 226 esse
918 185 1130 239 princeps,
1163 184 1237 239 qui
1263 185 1465 227 maluerit

120 257 212 284 esse
237 242 472 297 popularis.
523 241 606 285 Sed
630 243 828 284 homines
856 246 931 284 aut
955 245 1133 298 propter
1157 243 1464 299 indignitatem

121 316 244 343 suam
275 301 408 343 diffisi
432 301 518 356 ipsi
544 301 628 343 sibi
653 304 728 343 aut
752 305 931 357 propter
957 301 1221 357 reliquorum
1251 303 1464 345 obtrecta-

119 360 284 402 tionem
327 361 380 402 ab
421 360 549 402 huius
588 360 751 402 ordinis
791 361 1091 403 coniunctione
1130 361 1297 416 depulsi
1336 376 1462 416 saepe

82 433 99 458 5
120 432 170 459 ex
201 418 284 460 hoc
315 421 446 474 portu
477 433 522 460 se
552 419 598 460 in
629 419 729 460 illos
758 420 914 461 fluctus
940 434 1073 474 prope
1098 420 1340 462 necessario
1367 435 1464 462 con-

119 477 324 519 tulerunt.
388 477 472 527 Qm·
503 477 541 519 si
572 492 623 519 ex
653 478 730 519 illa
760 478 994 520 iactatione
1025 493 1235 533 cursuque
1261 479 1463 534 populari

118 535 227 578 bene
267 538 394 592 gesta
430 550 475 578 re
512 536 687 591 publica
724 537 918 578 referunt
956 540 1179 592 aspectum
1215 538 1261 579 in
1299 538 1463 580 curiam

119 597 249 649 atque
297 594 398 637 huic
447 595 740 650 amplissimae
788 596 993 651 dignitati
1037 610 1130 638 esse
1174 597 1463 639 commendati

118 653 288 708 volunt,
325 668 413 696 non
449 654 577 696 modo
608 669 696 696 non
726 655 961 709 repellendi
993 657 1112 710 sunt,
1148 670 1298 697 verum
1329 656 1463 697 etiam

69 727 100 753 ιο
119 712 356 767 expetendi.
417 711 644 754 Monemur
680 728 706 755 a
734 713 974 755 fortissimo
1006 714 1099 755 viro
1133 716 1262 768 atque
1295 715 1460 769 optimo
1475 718 1520 749 39

118 773 219 825 post
243 771 470 813 hominum
494 772 748 814 memoriam
775 773 960 826 consule,
991 777 1041 814 ut
1065 773 1380 827 provideamus,
1407 788 1462 815 ne

119 829 295 872 citerior
328 829 469 872 Gallia
498 831 624 872 nobis
657 831 805 873 invitis
838 831 966 873 alicui
997 832 1112 873 detur
1140 834 1241 886 post
1267 846 1338 873 eos
1367 846 1463 874 con·

120 888 253 954 sule-s,
289 889 363 943 (1111
393 903 506 931 1111116
538 892 664 931 6111111
695 890 922 945 designati,
952 892 1247 945 perpetuoque
1278 891 1462 945 posthac

120 947 175 988 ab
206 947 273 1002 iis,
306 948 379 1002 qui
410 947 523 990 hunc
555 948 748 990 ordinem
781 951 1043 1004 oppugnent,
1074 949 1274 1003 populari
1300 964 1349 991 ac
1375 952 1463 991 tur-

68 1020 101 1046 15
120 1005 299 1047 bulenta
327 1006 495 1048 latione
520 1009 730 1049 teneatur.
794 1007 932 1056 Quam
959 1021 1038 1063 ego
1064 1007 1241 1063 plagam
1267 1008 1351 1049 etsi
1374 1023 1463 1050 non

121 1067 366 1119 contemno,
415 1068 560 1119 patres
606 1066 857 1120 conscripti,
900 1066 1158 1121 praesertim
1201 1067 1392 1108 monitus
1437 1082 1463 1108 a

121 1123 441 1177 sapientissimo
481 1124 654 1166 consule
690 1127 734 1166 et
765 1124 1100 1180 diligentissimo
1134 1125 1310 1167 custode
1341 1126 1461 1180 pacis

120 1184 249 1236 atque
271 1182 361 1237 otii,
381 1185 527 1224 tamen
544 1183 840 1225 vehementius
859 1184 1047 1225 arbitror
1059 1183 1462 1239 pertimescendum,

120 1240 157 1281 si
200 1240 426 1282 hominum
471 1242 810 1284 clarissimorum
854 1257 903 1284 ac
942 1242 1349 1297 potentissimorum
1386 1246 1462 1285 aut

66 1315 100 1340 80
118 1299 326 1341 honorem
372 1300 566 1342 minuero
611 1304 686 1342 aut
730 1301 921 1342 studium
965 1315 1067 1356 erga
1108 1301 1223 1343 hunc
1268 1301 1462 1343 ordinem

119 1358 357 1413 repudiaro.
412 1358 527 1401 Nam
551 1361 602 1401 ut
622 1359 666 1402 O.
685 1359 822 1401 Iulius
850 1360 1049 1402 omnibus
1073 1374 1099 1401 a
1118 1362 1271 1401 senatu
1291 1361 1461 1402 eximiis

120 1420 195 1459 aut
230 1418 354 1459 novis
388 1418 516 1459 rebus
550 1421 727 1460 ornatus
758 1433 835 1473 per
866 1433 1019 1460 manus
1049 1418 1162 1460 hanc
1192 1419 1462 1474 provinciam

119 1475 264 1517 tradat
297 1476 354 1530 ei,
389 1477 458 1519 6111
489 1476 665 1519 minime
696 1491 773 1519 vos
804 1477 968 1532 velitis,
998 1492 1075 1532 per
1107 1492 1235 1532 quem
1267 1478 1461 1520 ordinem

118 1533 211 1588 ipse
244 1535 556 1589 amplissimam
587 1536 645 1577 sit
676 1536 860 1592 gloriam
892 1538 1158 1590 consecutuS,
1189 1536 1228 1578 ei
1255 1551 1308 1578 ne
1334 1537 1461 1578 liber-

68 1608 101 1633 25
122 1595 257 1634 tatem
289 1593 462 1647 quidem
492 1594 719 1649 relinquat,
751 1595 903 1636 adduci
931 1595 984 1636 ad
1010 1595 1315 1649 suspicandum
1338 1596 1460 1637 nullo

122 1651 249 1693 modo
281 1666 469 1717 possum.
522 1652 762 1708 Postremo,
795 1668 879 1707 quo
906 1653 1087 1707 quisque
1117 1654 1260 1695 animo
1286 1654 1460 1695 futurus

123 1711 193 1763 sit,
222 1710 385 1765 nescio,
417 1710 519 1764 quid
550 1726 728 1765 sperem,
758 1712 900 1765 video3
931 1714 1151 1766 praestare
1176 1712 1259 1753 hoe
1286 1715 1462 1754 senator

122 1769 268 1823 debeo,
298 1771 505 1833 quantum
530 1783 719 1835 possum,
743 1785 796 1811 ne
824 1770 919 1824 quis
945 1770 1011 1810 vir
1037 1770 1177 1811 clarus
1204 1773 1279 1811 aut
1304 1774 1459 1824 potens

121 1827 223 1869 huic
260 1827 399 1868 ordini
436 1827 528 1868 iure
565 1828 694 1870 irasci
728 1842 856 1882 posse
893 1828 1100 1869 videatur.
1161 1828 1306 1882 Atque
1341 1828 1458 1883 haec,
1473 1840 1518 1870 40

70 1903 104 1927 30
124 1886 160 1927 si
191 1885 514 1928 inimicissimus
541 1900 679 1928 essem
705 1886 749 1928 O.
777 1885 962 1941 Caesari,
994 1886 1200 1928 sentirem
1225 1889 1372 1929 tamen
1396 1887 1461 1928 rei

121 1944 318 1999 pubheae
350 1959 489 1986 causa.

212 2001 294 2044 Sed
329 2017 418 2044 non
449 2003 634 2044 alienum
666 2017 758 2045 esse
790 2003 996 2057 arbitror,
1034 2018 1118 2057 quo
1150 2003 1292 2045 minus
1325 2018 1451 2059 saepe

123 2064 198 2103 aut
217 2061 466 2116 interpeller
485 2077 510 2103 a
528 2076 616 2103 non
633 2062 764 2103 nullis
785 2064 859 2103 aut
879 2062 1112 2103 tacitorum
1132 2062 1451 2104 existimatione

122 2121 372 2175 reprendar,
408 2120 620 2174 explicare
656 2120 864 2175 breviter,
902 2135 1009 2174 quae
1042 2120 1149 2161 mihi
1181 2120 1240 2162 sit
1271 2121 1382 2163 ratio
1415 2124 1458 2163 et

70 2194 104 2220 35
125 2193 253 2220 causa
278 2194 375 2221 cum
401 2178 594 2221 Caesare.
647 2178 711 2220 Ac
735 2179 924 2233 primum
949 2179 1055 2220 illud
1081 2182 1251 2233 tempus
1277 2179 1458 2221 familia-

124 2237 267 2279 ritatis
311 2241 356 2279 et
398 2237 736 2292 consuetudinis,
780 2252 887 2292 quae
931 2237 1038 2278 mihi
1079 2252 1176 2279 cum
1212 2238 1306 2292 illo,
1351 2253 1458 2293 quae

123 2295 250 2337 fratri
286 2310 400 2351 meo,
438 2310 545 2350 quae
580 2295 625 2339 C.
657 2295 862 2351 Varroni,
900 2296 1158 2338 consobrino
1195 2299 1366 2352 nostro,
1403 2297 1457 2339 ab

195 2370 267 2396 616
283 2371 324 2397 11.
342 2372 367 2396 3
1225 2369 1246 2399 9

1476 1981 1496 2019 1
1505 1980 1529 2020 7

1455 2037 1529 2080 (40)
