1671 2543
214 103 299 144 512
390 102 440 138 IN
466 102 513 137 M.
541 101 799 137 ANTONIUM
825 100 1004 136 ORATIO
1031 100 1304 136 PHILIPPICA
1330 101 1389 136 XI.

216 225 312 253 cum
344 213 410 252 est
440 224 631 264 necesse,
668 209 953 264 periculosam
986 209 1191 263 arbitror,
1226 209 1424 259 alteram,
1457 209 1557 263 quia

160 277 200 308 17
217 270 399 311 alienam
447 269 515 311 his
566 268 833 322 temporibus
884 268 1094 309 existimo.
1168 266 1281 309 Nam
1325 267 1556 309 extraordi-

214 328 384 370 narium
420 327 649 382 imperium
685 327 890 381 populare
929 329 1057 381 atque
1096 329 1322 368 ventosum
1360 329 1443 380 est,
1481 327 1556 368 mi-

214 387 329 428 nime
361 389 535 428 nostrae
569 385 810 441 gravitatis,
844 385 1018 426 minime
1050 385 1178 426 huius
1211 385 1384 427 ordinis.
1432 384 1554 427 Bello

215 445 479 487 Antiochino
512 458 668 500 magno
701 447 744 486 et
776 443 898 499 gravi
924 458 1020 485 cum
1045 443 1091 485 L.
1120 442 1310 498 Scipioni
1334 443 1556 498 provincia
1591 463 1608 489 5

215 504 320 546 Asia
383 504 629 546 obvenisset
682 517 918 558 parumque
980 503 1024 544 in
1080 517 1129 544 eo
1184 505 1409 557 putaretur
1463 517 1555 544 esse

216 563 364 616 animi,
402 576 555 617 parum
596 562 765 604 roboris
810 564 1067 616 senatusque
1111 561 1164 602 ad
1204 561 1415 617 collegam
1452 562 1554 615 eius,

216 620 260 663 C.
287 621 494 676 Laelium,
519 620 636 673 illius
664 619 880 675 Sapientis
905 623 1084 675 patrem,
1110 620 1334 675 negotium
1359 619 1555 674 deferret,

216 680 400 722 surrexit
442 679 488 721 P.
526 679 774 734 Africanus,
814 679 948 720 frater
984 679 1121 720 maior
1158 678 1204 720 L.
1244 677 1476 734 Scipionis,
1511 682 1556 721 et

215 739 335 780 illam
390 738 673 794 ignominiam
728 753 754 779 a
801 737 966 779 familia
1015 738 1267 792 deprecatus
1317 740 1383 779 est
1432 737 1555 779 dixit-
1575 753 1608 778 ιο

216 812 296 852 que
347 799 390 839 et
428 798 473 839 in
516 797 648 838 fratre
693 811 770 839 suo
813 811 1023 838 summam
1064 797 1269 838 virtutem
1308 811 1400 838 esse
1444 811 1555 838 sum-

215 870 415 911 mumque
459 856 685 898 consilium
730 870 866 910 neque
911 870 955 897 se
1000 855 1039 897 ei
1082 855 1274 911 legatum
1318 855 1360 896 id
1399 855 1554 897 aetatis

214 915 352 970 iisque
401 915 528 956 rebus
579 915 712 970 gestis
763 914 1020 956 defuturum.
1094 913 1217 963 Quod
1266 928 1364 956 cum
1407 914 1459 956 ab
1503 928 1553 956 eo

215 976 329 1016 esset
373 974 554 1027 dictum,
596 973 705 1015 nihil
743 976 809 1014 est
846 973 896 1015 de
935 971 1147 1027 Scipionis
1184 972 1404 1027 provincia
1441 987 1553 1015 com-

214 1035 445 1087 mutatum,
499 1046 578 1074 nec
633 1032 729 1087 plus
783 1032 1169 1073 extraordinarium
1225 1031 1455 1086 imperium
1501 1032 1553 1073 ad
1574 1045 1606 1072 15

213 1091 256 1133 id
305 1091 467 1133 bellum
517 1091 760 1146 quaesitum
804 1105 932 1145 quam
976 1090 1141 1132 duobus
1186 1093 1312 1131 antea
1355 1090 1552 1132 maximis

213 1150 386 1192 Punicis
424 1150 568 1204 bellis,
606 1164 712 1205 quae
751 1164 776 1190 a
809 1149 1057 1191 consulibus
1096 1151 1170 1190 aut
1207 1163 1233 1190 a
1269 1149 1553 1191 dictatoribus

214 1212 338 1265 gesta
368 1211 412 1250 et
449 1208 642 1251 confecta
670 1211 787 1262 sunt,
826 1223 954 1262 quam
985 1207 1158 1262 Pyrrhi,
1188 1222 1314 1262 quam
1349 1207 1552 1262 Philippi,

215 1282 343 1322 quam
368 1270 468 1322 post
493 1267 682 1309 Achaico
709 1267 834 1320 bello,
861 1281 989 1321 quam
1009 1266 1170 1308 Punico
1193 1267 1335 1320 tertio,
1360 1266 1413 1308 ad
1439 1266 1551 1321 quod

214 1326 398 1381 populus
419 1325 639 1367 Romanus
669 1326 731 1366 ita
757 1325 838 1366 sibi
865 1326 955 1379 ipse
983 1325 1143 1380 delegit
1169 1325 1368 1366 idoneum
1388 1324 1550 1378 ducem,
1573 1339 1606 1363 20

214 1384 260 1426 P.
295 1383 551 1439 Scipionem,
582 1386 630 1425 ut
661 1399 757 1425 eum
794 1387 938 1425 tamen
970 1383 1129 1424 bellum
1161 1397 1307 1438 gerere
1333 1359 1552 1425 consuleni

175 1427 198 1467 8
180 1443 354 1516 8.vellet
387 1442 495 1484 Cum
515 1442 762 1484 Aristonico
784 1442 945 1483 bellum
965 1441 1201 1497 gerundum
1221 1441 1305 1482 fuit
1324 1441 1369 1483 P.
1384 1441 1550 1484 Licinio

180 1486 260 1543 8.L
300 1501 474 1543 Valerio
519 1501 776 1542 consulibus.
844 1500 1038 1556 Rogatus
1078 1503 1143 1541 est
1179 1500 1381 1555 populus,
1425 1515 1551 1555 quem

214 1561 256 1601 id
294 1560 456 1602 bellum
493 1573 639 1615 gerere
677 1560 874 1614 placeret.
938 1558 1117 1601 Crassus
1156 1559 1321 1612 consul,
1358 1559 1551 1613 pontifex

214 1620 441 1674 maximus,
484 1618 638 1660 Flacco
677 1618 883 1673 collegae,
926 1618 1088 1659 flamini
1126 1617 1334 1672 Martiali,
1371 1618 1551 1660 multam
1571 1632 1603 1657 25

214 1678 340 1732 dixit,
377 1678 414 1719 si
452 1692 477 1718 a
511 1678 643 1719 sacris
675 1677 958 1731 discessisset3
997 1691 1124 1731 quam
1156 1677 1337 1717 multam
1367 1677 1550 1731 populus

215 1736 471 1789 [Romanus]
518 1736 701 1790 remisit,
738 1735 932 1790 pontifici
969 1738 1113 1776 tamen
1150 1735 1366 1776 flaminem
1402 1750 1550 1790 parere

215 1796 351 1837 iussit.
427 1794 508 1836 Sed
556 1810 608 1836 ne
657 1798 749 1836 tum
794 1794 963 1848 quidem
1007 1794 1190 1848 populus
1233 1793 1453 1835 Romanus
1498 1794 1549 1836 ad

213 1855 429 1908 privatum
473 1854 627 1895 detulit
664 1853 841 1905 bellum,
885 1867 1143 1907 quamquam
1181 1854 1273 1893 erat
1311 1852 1550 1907 Africanus,

215 1913 287 1967 qui
325 1927 435 1954 anno
475 1916 572 1954 ante
610 1912 659 1953 de
691 1911 968 1953 Numantinis
1007 1911 1311 1965 triumpharat;
1349 1911 1421 1965 qui
1453 1926 1550 1953 cum
1569 1924 1603 1949 so

214 1972 340 2027 longe
385 1985 531 2013 omnes
572 1971 674 2012 belli
712 1970 851 2025 gloria
888 1973 931 2011 et
968 1970 1126 2011 virtute
1165 1972 1402 2024 superaret,
1443 1969 1548 2012 duas

214 2034 358 2072 tamen
395 2030 534 2071 tribus
572 2029 684 2071 solas
716 2029 829 2069 tulit.
890 2028 960 2069 Ita
990 2028 1172 2083 populus
1204 2028 1423 2069 Romanus
1455 2042 1550 2070 con-

215 2089 297 2130 suli
323 2088 466 2143 potius
487 2087 642 2130 Crasso
666 2102 793 2142 quam
813 2088 981 2141 privato
1002 2087 1204 2129 Africano
1225 2087 1385 2128 bellum
1405 2100 1550 2143 geren-

214 2148 314 2188 dum
339 2147 466 2188 dedit.
511 2145 674 2188 De—Cn.
702 2146 879 2200 Pompei
904 2145 1107 2199 imperiis,
1133 2145 1287 2186 summi
1314 2145 1394 2186 viri
1419 2148 1547 2198 atque

216 2206 405 2247 omnium
431 2205 649 2260 principis,
674 2205 835 2246 tribuni
861 2204 917 2258 pl.
940 2203 1176 2245 turbulenti
1195 2204 1397 2245 tulerunt.
1434 2201 1546 2243 Nam
1567 2215 1599 2241 ³⁵

216 2262 507 2305 Sertorianum
539 2264 699 2305 bellum
732 2278 756 2303 a
787 2266 936 2304 senatu
969 2263 1137 2316 privato
1166 2262 1313 2303 datum
1338 2263 1416 2315 est,
1447 2262 1547 2315 quia

214 2322 407 2363 consules
440 2323 712 2376 recusabant,
744 2336 839 2363 cum
865 2320 910 2362 L.
939 2321 1162 2376 Philippus
1193 2334 1270 2375 pro
1300 2319 1546 2360 consulibus
