1671 2543
511 85 612 120 CAP.
641 88 779 120 22—25
807 89 826 128 ς,
853 89 1001 127 51-56.
1348 86 1432 127 155

87 194 277 236 licebat?
310 209 364 235 an
397 193 638 235 accusatori
669 193 854 235 maiores
885 194 1025 236 nostri
1054 195 1219 236 maiora
1243 194 1435 248 praemia

90 268 219 308 quam
251 253 453 294 bellatori
485 266 577 293 esse
608 252 866 294 voluerunt?

180 311 343 360 Quodsi
378 310 656 352 acerbissima
686 311 781 366 lege
815 311 997 353 Servilia
1027 311 1243 366 principes
1276 312 1358 352 viri
1391 311 1506 353 0124

90 370 335 425 gravissimi
369 373 412 411 et
444 370 753 424 sapientissimi
787 371 899 412 cives
931 371 1042 412 hanc
1073 370 1260 424 Latinis,
1292 371 1335 411 id
1368 373 1435 411 est

53 439 71 465 5
90 429 332 482 foederatis,
358 429 472 470 viam
499 429 551 469 ad
577 429 797 470 civitatem
822 429 972 484 populi
997 430 1118 471 iussu
1143 432 1290 484 patere
1318 429 1434 483 passi

91 490 192 530 sunt
221 502 357 542 neque
390 488 456 528 ius
489 490 555 529 est
585 487 668 529 hoc
697 489 1003 542 reprehensum
1029 487 1197 529 Licinia
1223 490 1266 529 et
1291 487 1436 530 Mucia

90 548 197 602 lege,
218 560 315 587 cum
333 547 589 600 praesertim
609 560 744 601 genus
763 547 905 601 ipsum
920 547 1206 588 accusationis
1222 550 1265 588 et
1277 561 1432 588 nomen

90 609 128 648 et
151 605 241 646 eius
268 605 385 646 modi
410 605 663 660 praemium,
690 606 803 660 quod
828 621 953 647 nemo
981 606 1158 660 adsequi
1182 608 1331 660 posset
1349 606 1434 646 nisi

92 679 143 706 ex
184 663 394 705 senatoris
435 664 700 718 calamitate,
742 679 880 718 neque
920 665 1109 706 senatori
1145 679 1283 719 neque
1320 665 1435 705 bono

36 732 73 757 10
93 723 292 777 cuiquam
317 722 445 763 nimis
472 698 703 764 iucunduni
730 738 821 764 esse
848 726 1008 777 posset,
1034 723 1317 764 dubitandum
1339 723 1436 775 fuit,

93 782 214 836 quin,
251 796 333 836 quo
365 781 411 822 in
443 796 596 836 genere
628 782 817 823 iudicum
849 782 1041 836 praemia
1072 785 1168 823 rata
1200 784 1360 836 essent,
1391 782 1438 823 in

92 841 242 882 eodem
284 840 442 881 iudicia
484 841 795 894 imperatorum
842 841 1064 882 valerent?
1126 840 1243 882 Num
1280 841 1435 881 fundos

92 899 229 954 igitur
259 898 399 940 factos
425 900 608 954 populos
635 899 813 940 Latinos
841 899 1103 940 arbitramur
1130 903 1204 940 aut
1231 899 1436 941 Serviliae

93 958 182 1013 legi
214 960 288 998 aut
315 958 481 1012 ceteris,
515 958 669 1011 quibus
697 957 864 999 Latinis
890 958 1138 999 hominibus
1165 961 1257 999 erat
1283 972 1436 1013 propo-

39 1024 75 1050 15
96 1017 227 1058 81111111
265 1016 410 1070 aliqua
447 1031 497 1057 ex
534 1031 579 1057 10
616 1017 854 1070 praemium
894 1017 1113 1058 civitatis?
1177 1016 1436 1071 Cognoscite
1452 1022 1496 1054 55

94 1090 207 1117 nunc
232 1075 437 1116 iudicium
464 1077 651 1129 senatus,
678 1076 792 1130 quod
818 1090 987 1130 semper
1012 1075 1169 1117 iudicio
1198 1078 1264 1116 est
1288 1075 1438 1140 populi

96 1134 435 1187 compiobatum.
497 1133 627 1175 Sacra
654 1133 833 1188 Cereris,
859 1134 1032 1189 iudices,
1059 1149 1228 1175 summa
1253 1134 1438 1175 maiores

95 1192 233 1234 nostri
264 1192 472 1247 religione
506 1193 657 1234 confici
684 1193 1025 1247 caerimoniaque
1051 1193 1298 1247 voluerunt,
1331 1207 1438 1246 quae

97 1266 193 1293 cum
220 1254 364 1292 essent
391 1251 619 1305 adsumpta
641 1252 692 1293 de
714 1251 904 1306 Graecia,
925 1255 969 1292 et
987 1266 1064 1307 per
1085 1250 1270 1293 Graecas
1292 1253 1440 1292 curata

43 1323 79 1349 20
99 1312 200 1351 sunt
238 1324 407 1364 semper
444 1311 687 1351 sacerdotes
726 1313 769 1351 et
802 1309 966 1352 Graeca
998 1310 1172 1351 omnino
1203 1310 1439 1352 nominata.

99 1368 181 1410 Sed
202 1383 298 1409 eum
323 1368 455 1422 illam,
482 1383 589 1423 quae
612 1368 823 1410 Graecum
848 1369 955 1410 illud
981 1384 1150 1410 sacrum
1176 1371 1440 1410 monstraret

97 1430 141 1469 et
165 1427 337 1481 faceret,
363 1442 413 1468 ex
441 1427 621 1469 Graecia
646 1428 895 1482 deligerent,
922 1431 1068 1469 tamen
1094 1442 1216 1469 sacra
1240 1442 1318 1482 pro
1341 1427 1439 1468 civi-

98 1487 178 1527 bus
205 1486 341 1527 civem
365 1486 505 1527 facere
528 1486 768 1540 voluerunt,
793 1489 843 1527 ut
863 1487 965 1528 deos
985 1487 1239 1527 inmortales
1261 1486 1441 1528 scientia

98 1545 326 1599 peregrina
357 1547 400 1585 et
432 1548 619 1599 externa,
651 1548 793 1586 mente
825 1545 1063 1587 domestica
1088 1547 1132 1586 et
1158 1545 1273 1586 civili
1298 1559 1441 1599 preca-

46 1615 80 1641 25
100 1605 230 1644 retur.
278 1602 369 1643 Has
396 1604 638 1645 sacerdotes
664 1604 786 1645 video
812 1603 901 1645 fere
929 1606 1003 1644 aut
1025 1603 1338 1657 Neapolitanas
1367 1606 1442 1644 aut

99 1661 322 1702 Velienses
359 1661 511 1715 fuisse,
551 1662 867 1703 foederatarum
906 1662 995 1703 sine
1034 1662 1163 1703 dubio
1203 1662 1440 1703 civitatum.

99 1720 229 1761 Mitto
256 1721 418 1774 vetera3
448 1720 640 1774 proxime
671 1720 764 1761 dico
792 1723 891 1761 ante
918 1720 1139 1761 civitatem
1164 1720 1440 1761 Veliensibus

100 1779 245 1819 datam
272 1778 321 1818 de
349 1781 524 1819 senatus
551 1779 765 1819 sententia
785 1778 829 1820 G.
850 1778 1075 1820 Valerium
1094 1778 1298 1820 Flaccum
1324 1793 1441 1832 prae-

101 1840 240 1878 torem
270 1836 482 1877 urbanum
516 1837 772 1878 nominatim
799 1837 851 1878 ad
876 1837 1085 1891 populum
1110 1837 1160 1877 de
1187 1836 1442 1890 Calliphana

48 1908 83 1934 30
106 1895 314 1948 Veliense,
338 1897 388 1935 ut
408 1909 457 1935 ea
477 1895 580 1936 civis
601 1895 796 1936 Romana
816 1898 941 1949 esset,
967 1895 1130 1936 tulisse.
1168 1894 1285 1935 Num
1305 1896 1442 1950 igitur

103 1957 177 1994 aut
202 1953 356 1994 fundos
379 1953 519 1994 factos
539 1953 762 1994 Velienses
784 1956 858 1994 aut
879 1953 1145 1994 sacerdotem
1165 1953 1286 1994 illam
1307 1954 1442 1996 civem

102 2012 342 2053 Romanam
373 2012 535 2053 factam
564 2026 653 2053 non
683 2026 775 2053 esse
808 2014 883 2053 aut
913 2011 1063 2053 foedus
1095 2014 1139 2053 et
1171 2026 1196 2052 a
1221 2015 1373 2053 senatu
1399 2016 1442 2054 et

103 2085 128 2112 a
157 2070 318 2125 populo
350 2070 546 2112 Romano
572 2069 782 2111 violatum
814 2070 1106 2111 arbitramur?

190 2128 424 2184 Intellego,
478 2129 660 2182 iudices,
709 2129 755 2170 in
804 2144 933 2170 causa
982 2131 1132 2183 aperta
1180 2129 1441 2183 minimeque
1456 2110 1512 2153 25

51 2198 85 2225 35
105 2187 235 2228 dubia
275 2188 413 2229 multo
452 2190 496 2229 et
525 2187 651 2242 plura
683 2190 726 2228 et
757 2202 782 2228 a
812 2187 1008 2242 pluribus
1040 2187 1317 2241 peritissimis
1350 2203 1442 2230 esse

104 2245 236 2300 dicta,
277 2260 406 2299 quam
437 2261 504 2287 res
536 2246 789 2300 postularet.
853 2245 935 2287 Sed
966 2245 1009 2286 id
1040 2246 1204 2287 factum
1236 2249 1319 2299 est,
1355 2261 1444 2288 non

103 2307 152 2344 ut
195 2304 317 2346 vobis
361 2319 452 2346 rem
495 2307 587 2346 tam
626 2304 897 2359 perspicuam
936 2304 1112 2346 dicendo
1149 2305 1443 2360 probaremus,
