1671 2543
538 80 638 116 CAP.
664 84 780 115 8—10
805 84 824 123 s
849 84 999 115 25-31.
1367 79 1453 121 329

103 192 194 243 tu13
224 189 317 243 illa,
348 188 543 243 inquam,
579 188 657 229 illa
688 188 778 229 vita
810 190 876 228 est
901 190 995 241 tua,
1028 201 1136 241 quae
1169 187 1335 242 vigebit
1368 202 1453 228 me-

104 247 244 289 moria
269 247 538 288 saeculorum
559 245 763 299 omnium,
790 260 918 299 quam
938 245 1173 300 posteritas
1195 245 1294 299 alet,
1321 259 1450 299 quam

104 306 199 360 ipsa
243 305 476 346 aeternitas
515 318 682 358 semper
719 304 924 345 tuebitur.
990 302 1105 345 Huic
1142 306 1191 344 tu
1228 303 1451 358 inservias,

103 364 205 405 huic
236 366 279 405 te
313 365 504 404 ostentes
538 365 728 417 oportet,
760 377 867 416 quae
901 361 1084 416 quidem,
1117 376 1224 416 quae
1257 362 1450 417 miretur,

69 439 85 464 5
105 422 191 463 iam
216 421 382 476 pridem
408 421 545 462 multa
569 421 720 473 habet3
752 435 865 461 nunc
892 420 1035 474 etiam,
1067 434 1174 486 quae
1199 420 1358 475 laudet,
1384 435 1450 462 ex-

106 482 286 534 spectat.
324 479 646 533 Obstupescent
660 479 824 532 posteri
845 479 991 520 certe
980 479 1173 533 1mperia,
1191 479 1450 545 provincias,

105 538 323 592 Rhenum,
356 537 586 592 Oceanum,
617 536 780 591 Nilum,
811 551 978 592 pugnas
1010 537 1357 592 innumerabiles,
1388 537 1449 578 111-

106 596 330 638 credibiles
373 596 596 650 victorias,
640 596 923 649 monimenta,
967 610 1161 649 munera,
1202 595 1448 650 triumphos

106 655 328 696 audientes
360 656 404 696 et
434 655 628 709 legentes
661 657 771 695 tuos.
829 652 911 695 Sed
942 653 1027 694 nisi
1058 653 1163 695 haec
1188 654 1291 695 urbs
1319 654 1508 695 stabi-29

55 727 88 751 ιο
105 713 186 755 lita
222 713 309 754 tuis
349 713 540 754 consiliis
579 715 622 754 et
658 712 874 754 institutis
913 712 1012 766 erit,
1055 712 1286 767 vagabitur
1322 713 1449 754 modo

107 775 231 813 tuum
273 785 431 813 nomen
473 771 601 826 longe
646 773 774 825 atque
817 771 923 824 late,
972 770 1116 812 sedem
1161 770 1363 811 stabilem
1406 774 1450 812 et

108 829 375 871 domicilium
401 832 567 872 certum
592 844 680 871 11011
703 829 895 870 habebit.
944 828 1043 870 Erit
1069 828 1182 869 inter
1208 843 1280 869 eos
1307 829 1451 883 etiam,

109 889 183 942 qui
213 890 462 942 nascentur,
501 888 613 929 sicut
643 888 757 928 inter
787 902 867 928 nos
898 886 1000 941 fuit,
1039 900 1196 941 magna
1228 886 1450 940 dissensio,

109 962 206 988 cum
239 946 313 987 alii
343 947 542 988 laudibus
575 946 627 987 ad
660 946 824 987 caelum
855 959 923 986 res
955 948 1052 986 tuas
1085 947 1230 1000 gestas
1264 944 1451 999 efferent,

56 1024 89 1049 15
110 1005 184 1046 alii
227 1004 412 1046 fortasse
455 1004 617 1058 aliquid
654 1004 893 1057 requirent,
935 1003 1062 1057 idque
1100 1003 1167 1044 vel
1205 1003 1451 1058 maximum,

108 1063 192 1106 nisi
229 1063 333 1104 belli
374 1063 511 1104 civilis
549 1062 791 1103 incendium
823 1062 961 1103 salute
992 1061 1157 1115 patriae
1189 1062 1452 1116 restinxeris,

108 1124 159 1163 ut
189 1121 296 1162 illud
321 1121 402 1162 fati
426 1121 560 1162 fuisse
586 1120 793 1174 videatur,
823 1120 906 1161 hoc
933 1119 1112 1161 consilii.
1170 1118 1291 1161 Servi
1316 1120 1452 1174 igitur

109 1180 163 1221 iis
208 1179 339 1221 etiam
381 1179 613 1233 iudicibus,
658 1178 731 1232 qui
775 1178 924 1219 multis
962 1181 1063 1232 post
1101 1178 1281 1219 saeculis
1320 1178 1370 1219 de
1408 1180 1451 1219 te

109 1238 373 1291 iudicabunt,
404 1240 448 1278 et
474 1237 646 1291 quidem
670 1237 784 1278 haud
810 1237 898 1278 scio
926 1251 980 1278 an
1004 1236 1296 1290 incorruptius
1323 1251 1453 1290 quam

57 1311 207 1350 2011083
243 1300 345 1337 nain
383 1298 426 1337 et
457 1296 547 1337 sine
580 1306 725 1338 amore
744 1298 803 1340 ¹et
835 1295 925 1336 sine
962 1295 1196 1349 cupiditate
1230 1298 1272 1336 et
1304 1309 1452 1336 rursus

112 1355 203 1396 sine
236 1354 333 1397 odio
366 1357 410 1395 et
438 1354 529 1395 51116
554 1353 715 1395 invidia
739 1353 1003 1395 iudicabunt.
1058 1353 1108 1394 Id
1135 1356 1279 1395 autem
1306 1353 1452 1394 etiam·
1467 1365 1512 1396 30

111 1413 148 1454 si
172 1414 267 1454 tu'm
293 1412 345 1452 ad
371 1415 426 1466 te,
450 1415 504 1468 ut¹
526 1412 699 1466 quidam
728 1412 873 1464 [falso]
901 1414 1070 1466 putant,
1094 1426 1181 1453 non
1205 1412 1453 1465 pertinebit,

110 1477 224 1512 nunc
256 1472 370 1512 certe
401 1470 591 1524 pertinet
623 1480 715 1519 esse
748 1474 802 1511 te.
822 1470 967 1523 talem,
997 1472 1046 1511 ut
1077 1472 1174 1511 tuas
1207 1470 1354 1511 laudes
1381 1471 1453 1511 ob-

113 1530 337 1570 scuratura
366 1528 485 1582 nulla
514 1531 719 1582 umquam
751 1528 809 1569 sit
840 1528 1013 1570 oblivio.

60 1608 94 1633 25
200 1585 406 1627 Diversae
445 1586 691 1627 voluntates
731 1586 888 1628 civium
924 1586 1098 1626 fuerunt
1135 1586 1452 1640 distractaeque
1472 1591 1525 1631 10

115 1643 364 1686 sententiae.
424 1642 527 1685 Non
558 1644 671 1684 enim
704 1644 894 1685 consiliis
929 1643 1068 1683 solum
1101 1645 1144 1684 et
1175 1644 1347 1697 studiis,
1380 1645 1454 1685 sed

115 1702 246 1744 armis
286 1701 418 1742 etiam
456 1704 500 1742 et
538 1701 689 1742 castris
729 1701 1060 1754 dissidebamus3
1099 1704 1192 1741 erat
1230 1701 1345 1741 enim
1383 1702 1454 1742 ob-

115 1760 298 1803 scuritas
350 1759 576 1813 quaedam,
626 1761 718 1799 erat
767 1761 985 1800 certamen
1032 1758 1147 1799 inter
1191 1758 1454 1799 clarissimos

115 1820 261 1872 duces3
298 1817 423 1858 multi
462 1816 736 1869 dubitabant,
769 1817 870 1870 quid
903 1815 1115 1869 optimum
1148 1818 1279 1869 esset,
1316 1816 1454 1869 multi,

61 1895 96 1920 30
117 1877 219 1930 quid
263 1875 346 1916 sibi
389 1874 622 1928 expediret,
659 1874 809 1927 multi,
853 1873 955 1927 quid
994 1873 1179 1927 deceret,
1221 1884 1310 1914 non
1345 1874 1454 1915 nulli

116 1935 265 1988 etiam,
310 1933 412 1986 quid
454 1933 614 1974 liceret.
681 1931 913 1973 Perfuncta
955 1946 1022 1972 res
1059 1931 1233 1985 publica
1270 1934 1336 1972 est
1372 1932 1454 1973 hoc
1469 1945 1511 1975 31

115 1993 272 2034 misero
310 1991 516 2044 fatalique
553 1990 687 2044 bello;
723 1990 828 2031 vicit
859 1990 915 2043 is,
953 1990 1025 2043 qui
1062 2004 1149 2030 non
1188 1989 1364 2030 fortuna
1394 1990 1455 2030 in·

115 2051 356 2092 flammaret
388 2048 533 2090 odium
564 2062 707 2101 suum,
745 2048 818 2089 sed
848 2048 1042 2089 bonitate
1074 2047 1241 2101 leniret,
1271 2061 1350 2088 nec
1382 2048 1455 2102 qui

117 2123 276 2162 omnes,
309 2107 464 2161 quibus
496 2107 631 2147 iratus
664 2108 790 2160 esset,
820 2106 992 2147 eosdem
1025 2105 1191 2157 [etiam]
1225 2105 1352 2146 exilio
1380 2108 1455 2147 aut

63 2184 97 2210 35
117 2169 255 2207 morte
299 2165 453 2219 dignos
496 2164 716 2205 iudicaret.
784 2163 919 2205 Arma
962 2163 1016 2204 ab
1060 2163 1156 2204 aliis
1193 2163 1355 2217 posita,
1399 2164 1452 2204 ab

117 2224 213 2265 aliis
244 2226 393 2278 erepta
424 2225 534 2264 sunt.
595 2221 801 2276 Ingratus
833 2224 899 2262 est
928 2221 1199 2275 iniustusque
1231 2221 1348 2275 civis,
1381 2222 1454 2275 qui

117 2296 335 2324 armorum
381 2280 572 2335 periculo
621 2279 830 2320 liberatus
875 2279 1065 2320 animum
1108 2281 1255 2320 tamen
1296 2279 1455 2320 retinet
