1671 2543
202 73 290 115 520
401 72 453 107 IN
479 73 528 108 M.
553 72 816 107 ANTONIUM
841 71 1020 107 ORATIO
1046 71 1313 108 PHILIPPICA
1338 73 1399 108 XI.

201 182 267 223 vel
301 181 485 222 maxime
518 180 710 221 exaudio.
771 179 867 235 Ego
901 182 1045 222 autem
1078 183 1301 222 veteranos
1334 186 1445 222 tueri
1478 181 1546 223 de-

200 242 282 282 beo
313 240 344 295 †
377 240 489 294 quod
521 239 575 280 iis
612 253 719 292 quos
753 239 908 293 quibus
942 239 1106 280 sanitas
1139 242 1216 292 est,
1248 242 1362 282 certe
1394 239 1546 282 timere

200 313 288 341 non
326 299 472 340 debeo.
533 297 622 339 Eos
661 311 761 339 vero
800 301 1045 352 veteranos,
1083 298 1155 352 qui
1186 312 1264 352 pro
1297 313 1341 340 re
1374 298 1546 352 publica

202 372 324 399 arma
356 360 561 411 ceperunt
593 356 813 410 secutique
846 359 946 398 sunt
978 355 1022 399 C.
1053 355 1292 411 Caesarem,
1324 360 1545 399 auctorem

201 416 508 458 beneficiorum
563 418 860 469 paternorum,
919 415 1131 470 hodieque
1187 430 1276 457 rem
1328 416 1546 470 publicam
1582 432 1599 458 5

202 475 436 517 defendunt
497 474 610 515 vitae
667 488 767 515 suae
822 474 1030 528 periculo,
1089 489 1175 516 non
1226 475 1337 516 tueri
1392 475 1546 529 solum,

202 535 275 576 sed
308 534 440 575 etiam
473 532 709 575 commodis
743 546 899 588 augere
932 533 1076 575 debeo.
1141 533 1224 582 Qui
1256 536 1400 575 autem
1433 534 1547 588 quie-

203 595 346 645 scunt,
384 595 434 633 ut
466 592 666 646 septima,
704 595 753 632 ut
791 594 943 633 octava
974 592 1105 647 legio,
1143 591 1187 633 in
1220 606 1377 648 magna
1407 592 1548 648 gloria

202 654 246 693 et
283 651 407 692 laude
444 651 664 705 ponendos
701 654 819 705 puto.
889 649 1078 693 Comites
1118 665 1217 693 vero
1252 651 1436 706 Antoni,
1473 652 1547 706 qui

200 713 434 765 postquam
481 709 688 752 beneficia
737 708 933 752 Caesaris
983 710 1277 764 comederunt,
1327 710 1546 752 consulein
1567 728 1601 753 ιο

202 769 476 824 designatum
509 769 720 823 obsident,
745 768 845 810 huic
878 769 972 809 urbi
1005 768 1117 810 ferro
1145 769 1320 824 ignique
1347 768 1547 810 minitan-

202 831 292 882 tur,
325 827 461 870 Saxae
494 842 538 869 se
572 830 615 869 et
653 826 806 870 Cafoni
844 827 1112 869 tradiderunt
1149 828 1201 869 ad
1232 827 1399 869 facinus
1430 842 1548 882 prae-

202 888 385 941 damque
434 887 567 940 natis,
626 901 729 927 num
779 886 875 940 quis
926 889 991 928 est
1041 886 1114 941 qui
1163 887 1344 928 tuendos
1394 886 1548 941 putet?

202 946 321 1002 Ergo
361 947 435 987 aut
472 945 575 987 boni
614 948 732 998 sunt,
771 959 877 999 quos
917 946 1047 987 etiam
1086 960 1255 1000 ornare,
1294 948 1369 987 aut
1401 945 1548 1000 quieti,

203 1020 310 1059 quos
350 1019 602 1046 conservare
640 1004 972 1057 debemus,.aut
1003 1004 1144 1058 impii,
1182 1019 1364 1059 quorum
1397 1007 1546 1046 contra
1568 1021 1600 1046 15

139 1044 188 1135 {fg
202 1064 393 1105 furorem
442 1063 605 1104 bellum
655 1066 698 1104 et
746 1063 862 1104 iusta
911 1078 1030 1104 arma
1078 1062 1280 1117 cepimus.
1355 1063 1547 1112 Quorum

203 1123 339 1178 igitur
402 1125 704 1163 veteranorum
766 1122 932 1163 animos
987 1137 1039 1163 ne
1097 1122 1378 1175 offendamus,
1434 1136 1549 1163 vere-

202 1182 328 1223 mur?
379 1195 600 1234 eorumne,
651 1180 818 1235 qui-D.
862 1180 1046 1222 Brutum
1098 1181 1319 1222 obsidione
1370 1180 1549 1235 cupiunt

202 1240 416 1281 liberare?
491 1239 656 1288 Quibus
707 1254 803 1281 cum
853 1239 981 1280 Bruti
1032 1240 1148 1281 salus
1198 1254 1296 1281 cara
1345 1239 1423 1292 sit,
1474 1239 1547 1293 qui

202 1301 387 1353 possunt
419 1297 542 1340 Cassi
578 1312 735 1339 nomen
773 1298 942 1340 odisse?
1003 1298 1073 1339 An
1112 1313 1278 1352 eorum,
1316 1298 1389 1352 qui
1421 1297 1547 1339 utris·
1567 1313 1601 1338 20

203 1371 284 1412 que
323 1356 453 1398 armis
491 1357 675 1397 vacant?
730 1355 831 1398 Non
869 1371 1033 1410 vereor,
1070 1371 1123 1398 ne
1162 1356 1341 1398 acerbus
1373 1356 1403 1410 †
1440 1356 1545 1397 civis

204 1416 432 1470 quisquam
468 1415 654 1456 istorum
693 1415 767 1467 sit,
812 1415 884 1468 qui
923 1415 1012 1456 otio
1051 1415 1329 1456 delectantur.
1400 1414 1546 1456 Tertio

203 1489 303 1516 vero
354 1473 501 1529 generi
544 1488 632 1515 non
675 1474 863 1514 militum
906 1476 1225 1526 veteranorum,
1275 1473 1349 1514 sed
1393 1473 1549 1528 impor-

202 1533 532 1575 tunissimorum
569 1531 762 1573 hostium
801 1532 926 1586 cupio
960 1546 1089 1586 quam
1121 1532 1447 1573 acerbissimum
1479 1532 1549 1574 do-

201 1592 339 1634 lorem
370 1592 550 1633 inurere.
615 1590 896 1645 Quamquam,
928 1594 1073 1645 patres
1106 1591 1356 1645 conscripti,
1395 1605 1548 1645 quous·
1568 1607 1601 1633 25

204 1665 284 1706 que
321 1650 558 1692 sententias
585 1650 773 1691 dicemus
806 1652 1105 1691 veteranorum
1132 1649 1376 1691 arbitratu?
1426 1648 1550 1698 Quod

203 1724 352 1752 eorum
390 1712 562 1750 tantum
600 1708 823 1750 fastidium
861 1711 947 1763 est,
985 1723 1093 1763 quae
1132 1711 1255 1749 tanta
1287 1708 1548 1763 arrogantia,

202 1771 252 1810 ut
298 1769 349 1810 ad
399 1768 629 1809 arbitrium
674 1767 846 1808 illorum
891 1768 1172 1822 imperatores
1216 1766 1348 1808 etiam
1391 1767 1548 1822 deliga-

146 1841 189 1871 39
205 1827 331 1868 mus?
393 1826 488 1882 Ego
534 1829 675 1867 autem
717 1824 960 1880 (dicendum
999 1828 1064 1867 est
1102 1826 1234 1880 enim,
1270 1828 1415 1880 patres
1453 1840 1548 1867 con-

204 1885 374 1940 scripti,
427 1885 540 1939 quod
589 1884 746 1939 sentio)
791 1899 877 1926 non
920 1887 1010 1926 tam
1054 1887 1278 1926 veteranos
1319 1884 1548 1926 intuendos
1567 1900 1602 1926 30

201 1945 328 1986 nobis
387 1944 593 1996 arbitror,
655 1958 783 1998 quam
846 1943 947 1997 quid
1009 1943 1171 1984 tirones
1233 1943 1412 1993 milites,
1468 1942 1548 1984 flos

203 2002 375 2057 Italiae,
420 2002 521 2057 quid
564 2017 699 2043 novae
737 2002 929 2057 legiones
968 2002 1020 2043 ad
1058 2002 1324 2043 liberandam
1362 2001 1547 2055 patriam

202 2061 523 2116 paratissimae,
565 2061 664 2116 quid
704 2063 857 2102 cuncta
896 2060 1025 2102 Italia
1062 2061 1112 2101 de
1151 2063 1295 2101 vestra
1335 2060 1547 2116 gravitate

203 2121 374 2162 sentiat.
443 2119 566 2161 Nihil
617 2119 730 2161 enim
780 2134 948 2174 semper
996 2119 1143 2173 floret,
1190 2121 1308 2160 aetas
1360 2117 1548 2160 succedit

203 2179 348 2220 aetati.
409 2178 496 2220 Diu
528 2178 720 2234 legiones
753 2176 948 2220 Caesaris
981 2178 1224 2233 viguerunt,
1254 2191 1368 2219 nunc
1398 2176 1545 2231 vigent
1565 2193 1599 2218 35

204 2237 387 2292 Pansae,
437 2238 585 2293 vigent
628 2236 764 2291 Hirti,
813 2237 963 2292 vigent
1006 2235 1203 2279 Caesaris
1249 2235 1349 2289 filii,
1398 2234 1548 2289 vigent

204 2294 371 2348 Planci3
410 2296 589 2338 vincunt
625 2310 823 2348 numero,
860 2296 1039 2337 vincunt
1071 2294 1307 2340 aetatibus;
1343 2292 1547 2334 nimirum
