1671 2543
572 83 674 120 OAP.
700 89 792 120 2-4
818 89 837 128 g
864 90 966 121 4—9.
1357 85 1440 127 377

92 207 182 235 non
226 208 323 235 cum
362 208 448 235 uno
487 193 728 248 gladiatore
766 193 1051 247 nequissimo,
1097 193 1147 234 de
1186 207 1231 234 re
1268 193 1443 247 publica

95 252 288 307 graviter
325 266 506 307 querens
540 252 590 293 de
621 251 796 293 homine
827 252 936 293 nihil
969 251 1067 293 dixi.
1128 251 1281 306 Itaque
1314 251 1441 293 hodie

93 310 334 365 perficiam,
375 313 426 351 ut
470 310 717 366 intellegat,
761 313 971 364 quantum
1016 325 1040 352 a
1077 325 1144 352 me
1181 310 1439 352 heneficium

94 371 189 410 tum
228 369 455 423 acceperit.
517 368 578 410 At
616 369 749 410 etiam
783 369 972 423 litteras,
1012 383 1118 423 quas
1150 383 1217 411 me
1251 369 1334 410 sibi
1365 368 1483 410 mi-4

58 438 74 463 ⁵
96 428 204 469 sisse
237 427 410 482 diceret,
442 427 644 469 recitavit
674 427 804 469 homo
838 431 881 468 et
906 428 1194 469 humanitatis
1221 442 1371 482 expers
1398 430 1442 469 et

93 486 209 528 vitae
255 486 496 528 communis
539 486 728 541 ignarus.
798 485 903 535 Quis
948 486 1062 527 enim
1099 500 1323 540 umquam,
1367 486 1443 540 qui

92 545 272 599 paulum
305 545 432 586 modo
459 545 673 586 bonorum
700 545 1054 586 consuetudinem
1078 547 1239 598 nosset,
1270 544 1441 586 litteras

94 603 147 645 ad
186 618 231 645 se
270 603 324 645 ab
364 603 502 645 amico
542 604 697 644 missas
737 603 970 645 offensione
1006 603 1151 657 aliqua
1181 603 1443 657 interposita

94 661 141 703 in
185 662 375 703 medium
417 662 602 716 protulit
644 662 873 716 palamque
917 662 1146 704 recitavit?
1220 660 1332 710 Quid
1375 664 1443 703 est

42 731 76 756 10
96 720 213 762 aliud
251 721 404 762 tollere
441 735 492 762 ex
523 721 613 762 vita
644 721 758 762 vitae
792 721 1062 774 societatem,
1100 720 1253 762 tollere
1286 721 1441 762 amico-

94 793 190 820 rum
232 779 463 833 conloquia
498 780 772 821 absentium?
835 778 973 828 Quam
1005 779 1144 820 multa
1174 779 1269 820 ioca
1301 779 1442 820 solent

94 851 188 879 esse
214 837 259 879 in
286 838 498 892 epistulis,
526 852 632 892 quae
658 838 830 892 prolata
857 842 893 879 si
913 838 1012 892 sint,
1037 838 1185 892 inepta
1204 837 1441 891 videantur,

95 910 227 950 quam
256 896 395 937 multa
421 896 533 938 seria
557 911 694 950 neque
721 899 868 937 tamen
892 896 981 937 ullo
1008 897 1135 937 modo
1162 896 1439 951 divulganda!

94 953 162 996 Sit
181 954 264 996 1100
282 955 613 996 inhumanitatis
637 956 791 1008 [tuae]3
812 955 1046 996 stultitiam
1066 954 1362 996 incredibilem
1381 954 1438 995 vi·
1453 965 1475 996 8

40 1024 73 1050 15
93 1013 201 1054 dete.
246 1013 358 1062 Quid
377 1013 524 1067 habes,
550 1013 663 1067 quod
683 1013 789 1054 mihi
810 1028 1013 1067 opponas,
1038 1012 1168 1054 homo
1190 1013 1361 1067 diserte,
1392 1016 1442 1054 ut

93 1071 308 1113 Mustelae
347 1075 391 1113 et
427 1071 576 1113 Tironi
614 1071 814 1113 Numisio
853 1071 1039 1113 videris?
1101 1070 1183 1120 Qui
1222 1085 1318 1112 cum
1358 1071 1440 1113 hoc

93 1130 189 1184 ipso
223 1134 418 1184 tempore
451 1132 568 1172 stent
601 1144 697 1172 cum
729 1130 885 1185 gladiis
917 1130 963 1170 in
991 1132 1225 1184 conspectu
1252 1132 1440 1183 senatus,

93 1202 174 1244 ego
214 1203 384 1242 quoque
424 1191 467 1230 te
506 1189 715 1230 disertum
751 1189 934 1242 putabo,
979 1188 1015 1229 si
1055 1188 1315 1242 ostenderis,
1354 1202 1438 1242 quo

94 1247 222 1288 modo
268 1247 326 1288 sis
372 1261 444 1288 eos
488 1247 602 1288 inter
647 1247 826 1288 sicarios
871 1246 1134 1288 defensurus.
1209 1245 1291 1288 Sed
1336 1246 1438 1299 quid

40 1316 74 1342 20
95 1319 288 1359 opponas
326 1306 518 1360 tandem,
557 1305 594 1346 si
630 1319 786 1360 negem
823 1320 891 1347 me
929 1319 1136 1359 umquam
1171 1305 1223 1346 ad
1256 1308 1299 1345 te
1331 1305 1438 1346 istas

91 1363 263 1405 litteras
296 1364 483 1419 misisse,
519 1378 602 1418 quo
635 1379 703 1405 me
736 1367 847 1405 teste
881 1364 1138 1406 convincas?
1199 1363 1271 1404 An
1302 1363 1439 1405 chiro-

92 1422 288 1476 grapho?
326 1423 372 1464 in
410 1437 494 1476 quo
532 1422 665 1464 habes
706 1423 933 1464 scientiam
971 1424 1290 1476 quaestuosam.
1357 1421 1439 1470 Qui

91 1480 263 1534 possis?
296 1483 398 1521 sunt
429 1481 543 1522 enim
574 1481 741 1522 librarii
772 1496 913 1522 manu.
976 1480 1070 1522 Iam
1102 1480 1270 1521 invideo
1304 1481 1438 1535 magi-

93 1540 184 1579 stro
211 1540 299 1591 tuo,
325 1538 399 1591 qui
423 1541 466 1579 te
492 1542 615 1580 tanta
640 1540 846 1593 mercede,
873 1542 1081 1592 quantam
1100 1539 1188 1579 iam
1206 1538 1437 1592 proferam,

39 1608 73 1634 25
92 1595 202 1638 nihil
241 1610 390 1649 sapere
428 1596 590 1638 doceat.
651 1596 763 1645 Quid
801 1598 915 1638 enim
951 1600 1016 1637 est
1048 1597 1190 1637 minus
1221 1610 1309 1637 non
1340 1596 1472 1637 (11009

93 1654 292 1707 oratoris,
319 1654 392 1694 sed
417 1653 605 1695 hominis
632 1669 762 1708 quam
787 1655 830 1695 id
851 1655 1018 1695 obicere
1040 1654 1295 1706 adversario,
1323 1655 1437 1707 quod

92 1712 165 1754 ille
199 1712 235 1752 si
266 1712 397 1753 verbo
426 1712 609 1766 negarit,
641 1713 812 1767 longius
838 1712 1042 1767 progredi
1066 1726 1154 1752 non
1178 1711 1330 1765 possit,
1364 1712 1438 1764 qui

94 1770 332 1812 obiecerit?
393 1769 454 1810 At
486 1783 566 1824 ego
598 1784 686 1810 non
716 1784 825 1825 nego
858 1773 986 1823 teque
1017 1769 1063 1810 in
1093 1769 1180 1810 isto
1213 1769 1308 1822 ipso
1342 1783 1437 1810 con-

91 1829 216 1870 vinco
254 1843 342 1869 non
379 1827 710 1869 inhumanitatis
747 1828 905 1880 solum,
943 1827 1016 1868 sed
1048 1827 1179 1868 etiam
1211 1827 1441 1868 amentiae.⁴

39 1899 74 1924 30
96 1885 219 1935 Quod
257 1887 372 1927 enim
409 1886 588 1927 verbum
624 1886 670 1926 in
706 1885 803 1926 istis
841 1886 1000 1927 litteris
1040 1888 1106 1926 est
1142 1899 1230 1926 non
1260 1885 1436 1938 plenum

91 1944 396 1998 humanitatis,
429 1944 573 1998 officii,
605 1944 949 1985 benivolentiae?
1013 1943 1149 1985 Omne
1182 1945 1327 1984 autem
1360 1943 1436 1984 cri-

91 2017 191 2045 men
227 2006 351 2044 tuum
390 2005 473 2055 est,
512 2002 626 2055 quod
663 2002 713 2043 de
752 2005 794 2042 te
833 2003 879 2043 in
914 2002 983 2043 his
1015 2002 1174 2043 litteris
1205 2015 1293 2042 non
1325 2001 1436 2043 male

92 2061 346 2114 existimem,
374 2060 487 2114 quod
514 2060 701 2101 scribam
722 2063 945 2113 tamquam
966 2060 1018 2101 ad
1039 2060 1187 2113 civem,
1212 2062 1436 2113 tamquam

93 2120 146 2161 ad
176 2120 337 2161 bonum
368 2119 526 2172 virum,
557 2132 644 2159 non
675 2121 897 2172 tamquam
930 2119 982 2159 ad
1014 2118 1271 2159 sceleratum
1303 2120 1346 2158 et
1377 2118 1435 2158 la-

39 2189 73 2214 35
93 2180 275 2219 tronem.
335 2177 397 2218 At
429 2191 509 2231 ego
541 2179 638 2217 tuas
670 2176 851 2229 litteras,
884 2177 966 2217 etsi
997 2176 1089 2218 iure
1117 2178 1315 2230 poteram
1341 2190 1366 2216 a
1392 2178 1434 2217 te

92 2235 338 2289 lacessitus,
371 2238 517 2276 tamen
546 2249 633 2275 non
663 2234 897 2288 proferam,
930 2234 1084 2288 quibus
1115 2234 1252 2288 petis„
1271 2237 1321 2274 ut
1353 2234 1433 2275 tibi

91 2308 169 2347 per
199 2309 267 2336 me
298 2294 427 2335 liceat
460 2293 672 2348 quendam
703 2293 752 2334 de
780 2293 908 2334 exilio
935 2293 1146 2348 reducere,
1179 2292 1434 2347 adiurasque
