1671 2543
580 81 683 116 CAP.
709 84 802 116 4-6
828 84 846 124 ἓ
875 85 1023 117 10-18.
1387 84 1473 126 325

125 203 214 231 11011
244 189 371 230 modo
403 202 564 243 pacem,
597 188 670 230 sed
702 188 833 230 etiam
866 189 1107 230 orationem
1139 189 1298 231 civium
1323 205 1473 244 pacem

128 247 421 303 flagitantium
452 246 680 301 repudiari.
731 246 882 301 Neque
916 248 1030 289 enim
1062 261 1142 303 ego
1174 248 1252 289 illa
1281 263 1359 290 neo
1385 249 1474 290 ulla

126 320 333 359 umquam
378 308 550 347 secutus
589 320 684 346 sum
722 320 842 346 arma
880 306 1041 360 civilia,
1086 321 1339 361 semperque
1378 322 1473 349 mea

127 363 308 405 consilia
344 364 462 417 pacis
501 366 544 404 et
582 366 710 418 togae
750 364 883 418 socia,
919 379 1006 406 non
1037 365 1141 406 belli
1174 368 1303 419 atque
1336 380 1473 408 armo-

91 433 107 459 5
128 437 224 463 rum
255 421 440 463 fuemnt.
496 421 729 464 Hominem
768 437 862 463 sum
895 426 1067 464 secutus
1106 423 1277 477 privato
1317 423 1472 479 officio,

126 495 214 522 non
253 480 446 535 publico,
484 483 740 534 tantumque
779 481 891 535 apud
923 496 990 523 me
1023 482 1138 536 grati
1170 482 1302 523 animi
1332 483 1472 524 fidelis

83 541 86 549 ⁴
128 539 336 580 memoria
366 539 513 593 valuit,
544 542 594 580 ut
623 539 743 580 nulla
773 554 861 580 non
886 540 1013 581 modo
1040 540 1289 595 cupiditate,
1321 541 1395 582 sed
1419 556 1473 582 ne

127 612 202 652 spe
242 597 414 651 quidem
445 597 631 651 prudens
664 600 707 638 et
739 598 876 639 sciens
909 601 1132 652 tamquam
1164 599 1217 640 ad
1248 599 1474 640 interitum

127 669 296 697 ruerem
333 656 635 697 voluntarium.
700 656 823 705 Quod
862 657 1033 710 quidem
1071 672 1212 698 meum
1245 658 1473 699 consilium
1490 667 1531 697 15

76 725 110 750 10
129 714 305 755 minime
338 715 569 756 obscurum
597 714 691 755 fuit.
742 714 856 755 Nam
883 718 926 756 et
951 715 997 756 in
1020 715 1103 756 hoc
1130 716 1277 756 ordine
1302 716 1475 771 integra

126 787 171 813 re
210 772 349 813 multa
386 773 436 814 de
473 787 578 827 pace
617 773 703 813 dixi
736 776 780 814 et
810 773 856 814 in
886 773 981 827 ipso
1014 774 1128 814 bello
1162 774 1309 815 eadem
1342 775 1474 815 etiam

127 845 226 872 cum
264 831 418 884 capitis
457 831 541 872 mei
577 831 767 885 periculo
807 832 932 873 sensi.
994 832 1061 873 Ex
1100 847 1183 886 quo
1222 846 1347 873 nemo
1387 833 1474 873 iam

127 889 211 930 erit
236 891 327 930 tam
353 889 540 930 iniustus
567 890 840 931 existimator
865 905 1021 944 rerum,
1054 891 1125 944 qui
1152 891 1335 944 dubitet,
1366 905 1473 944 quae

129 946 326 989 Caesaris
359 948 410 988 de
441 947 556 988 bello
588 948 788 989 voluntas
822 948 964 1002 fuerit,
997 963 1093 990 cum
1124 949 1242 1002 pacis
1276 952 1472 990 auctores

75 1015 108 1041 1⁵
129 1006 444 1047 conservandos
484 1006 634 1046 statim
673 1007 905 1060 censuerit,
951 1008 1103 1048 ceteris
1141 1007 1273 1048 fuerit
1310 1007 1473 1048 iratior.

126 1063 273 1117 Atque
310 1064 354 1104 id
392 1064 533 1105 minus
572 1064 729 1105 mirum
767 1064 952 1106 fortasse
991 1068 1101 1119 tum,
1140 1080 1237 1106 cum
1269 1068 1383 1106 esset
1413 1065 1474 1106 in-

129 1124 272 1163 certus
306 1122 445 1163 exitus
479 1125 522 1163 et
554 1136 710 1176 anceps
741 1122 918 1164 fortuna
948 1123 1071 1177 belli3
1103 1124 1176 1177 qui
1208 1138 1307 1164 vero
1334 1124 1474 1165 victor

127 1180 247 1234 pacis
279 1183 477 1222 auctores
510 1180 666 1236 diligit,
698 1181 734 1221 is
760 1181 954 1235 profecto
983 1182 1172 1223 declarat
1199 1196 1243 1223 se
1269 1182 1473 1223 maluisse

128 1253 216 1279 non
248 1238 451 1280 dimicare
485 1253 614 1292 quam
645 1239 825 1280 vincere.
881 1240 1026 1294 Atque
1057 1240 1185 1281 huius
1213 1240 1385 1294 quidem
1412 1240 1472 1281 rei
1488 1217 1531 1307 ᾖ

75 1307 109 1332 20
128 1296 185 1337 M.
223 1295 429 1338 Marcello
474 1311 569 1338 sum
605 1297 749 1341 testis.⁴
812 1297 965 1339 Nostri
1003 1298 1118 1339 enim
1156 1313 1304 1340 sensus
1342 1302 1392 1339 ut
1429 1299 1474 1339 in

127 1369 232 1409 pace
277 1369 462 1409 semper,
506 1355 567 1397 'sic
611 1358 705 1396 tum
749 1356 880 1397 etiam
921 1356 966 1397 in
1005 1357 1120 1398 bello
1167 1357 1473 1412 congruebant.

130 1412 339 1462 Quotiens
372 1427 452 1468 ego
486 1427 583 1462 eum
615 1416 658 1455 et
691 1417 850 1468 quanto
884 1429 981 1456 cum
1007 1415 1152 1456 dolore
1178 1415 1265 1456 vidi
1292 1415 1473 1456 cumin-

128 1471 365 1512 solentiam
393 1468 609 1513 certorum
632 1472 870 1526 hominum,
902 1476 996 1514 tum
1022 1474 1154 1514 etiam
1179 1473 1316 1527 ipsius
1342 1473 1474 1515 victo-

130 1529 219 1569 riae
265 1529 568 1571 ferocitatem
588 1530 957 1572 extimescentem!
1038 1531 1131 1580 Quo
1184 1532 1350 1586 gratior
1399 1534 1476 1572 tua

78 1597 112 1623 2⁵
130 1586 390 1640 liberalitas,
429 1586 474 1629 C.
507 1587 681 1642 Caesar,
717 1589 862 1643 nobis,
901 1589 971 1642 qui
1005 1589 1083 1630 illa
1113 1589 1315 1643 vidimus,
1347 1589 1475 1630 debet

132 1659 237 1686 esse.
293 1620 395 1685 Nori
426 1646 541 1686 enim
572 1646 659 1686 iam
692 1660 844 1687 causae
877 1650 978 1687 sunt
1008 1647 1121 1687 inter
1153 1662 1209 1700 se,
1242 1648 1315 1688 sed
1343 1647 1474 1689 victo-

132 1703 221 1744 riae
259 1703 581 1756 comparandae.
643 1703 841 1744 Vidimus
880 1707 1000 1745 tuam
1035 1705 1263 1746 victoriam
1293 1705 1473 1758 proelio·
1492 1713 1532 1744 17

132 1776 229 1802 rum
273 1760 389 1802 exitu
432 1761 726 1814 terminatam,
770 1762 962 1816 gladium
1005 1762 1162 1816 vagina
1204 1777 1387 1803 vacuum
1430 1762 1476 1803 in

133 1819 238 1860 uibe
270 1833 357 1859 non
388 1818 584 1861 vidimus.
648 1818 764 1867 Quos
798 1820 1019 1860 amisimus
1052 1820 1182 1873 cives,
1215 1835 1287 1861 eos
1320 1819 1476 1861 Martis

82 1895 117 1920 30
137 1877 200 1918 vis
221 1876 416 1930 perculit,
441 1890 529 1917 non
554 1876 619 1916 ira
638 1876 857 1931 victoriae,
877 1880 926 1918 ut
945 1878 1142 1918 dubitare
1166 1853 1319 1919 debeat
1337 1893 1477 1932 nemo,

135 1935 240 1989 quin
271 1934 450 1988 multos,
489 1934 526 1975 si
556 1934 650 1975 fieri
680 1938 846 1988 posset,
878 1934 923 1977 O.
955 1934 1113 1977 Caesar
1144 1936 1197 1976 ab
1229 1936 1378 1977 inferis
1410 1951 1477 1978 ex-

135 1993 302 2046 citaret,
329 1992 532 2046 quoniam
558 2007 609 2033 ex
634 1993 782 2034 eadem
808 1993 897 2034 acie
924 1996 1159 2047 conservat,
1186 2008 1292 2048 quos
1318 1997 1477 2047 potest.

134 2051 329 2093 Alterius
372 2064 473 2091 vero
517 2050 655 2104 partis
697 2050 807 2092 nihil
846 2052 1029 2105 amplius
1068 2052 1207 2093 dicam
1246 2066 1390 2106 quam,
1432 2053 1476 2094 id

137 2109 251 2163 quod
301 2123 447 2150 omnes
497 2109 768 2162 verebamur,
816 2109 945 2150 nimis
994 2110 1243 2151 iracundam
1285 2109 1477 2152 futuram

83 2183 117 2209 35
136 2166 269 2208 fuisse
311 2166 550 2208 victoriam.
619 2166 802 2215 Quidam
845 2168 959 2208 enim
994 2182 1082 2209 non
1119 2168 1246 2209 modo
1285 2169 1475 2223 armatis,
1492 2179 1534 2208 18

138 2225 212 2266 sed
235 2225 451 2266 interdum
477 2225 609 2265 etiam
635 2224 787 2266 otiosis
812 2225 1088 2267 minabantur
1112 2240 1202 2280 nec,
1234 2226 1336 2280 quid
1362 2227 1477 2281 quis-

139 2296 220 2336 que
253 2283 475 2337 sensisset,
514 2283 587 2324 sed
617 2283 692 2324 ubi
723 2282 896 2338 fuisset,
934 2284 1213 2339 cogitandum
1245 2299 1338 2326 esse
1369 2285 1477 2328 dice-
