1671 2543
195 88 282 130 334
567 87 660 123 PRO
688 86 728 130 Q.
753 85 949 122 LIGARIO
975 85 1165 121 ORATIO.

195 209 352 251 magna
393 195 514 236 nulla
555 195 598 235 vi
643 197 816 235 coactus
856 193 1012 235 iudicio
1051 209 1100 235 ac
1137 193 1360 235 voluntate
1397 192 1450 234 ad
1487 206 1538 234 ea

194 268 315 296 arma
356 253 576 308 profectus
621 267 734 307 sum,
778 266 885 306 quae
923 254 1046 294 erant
1084 255 1257 306 sumpta
1294 253 1445 294 contra
1481 253 1536 292 te.

123 310 172 353 (7)
193 312 322 367 Apud
355 327 482 366 quem
512 311 648 367 igitur
678 311 761 353 hoc
792 311 916 352 dico?
978 310 1145 364 Nempe
1178 310 1290 364 apud
1321 324 1430 363 eum,
1462 309 1536 364 qui

194 386 292 413 cum
316 371 399 413 11οο
422 370 563 423 sciret,
589 373 736 411 tamen
754 383 834 423 me,
860 371 1091 423 antequam
1109 369 1230 420 vidit,
1255 368 1318 410 rei
1336 367 1534 422 publicae

192 430 389 483 reddidit,
416 429 488 483 qui
515 429 568 469 ad
593 443 660 470 me
687 443 738 469 ex
757 427 959 483 Aegypto
979 428 1149 468 litteras
1170 427 1301 481 misit,
1326 429 1376 468 ut
1395 440 1533 468 essem
1570 432 1588 459 ⁵

192 488 322 542 idem,
365 487 438 541 qui
473 487 671 541 fuissem,
709 486 783 541 qui
822 500 918 528 cum
954 486 1046 540 ipse
1084 486 1321 540 imperator
1357 485 1404 526 in
1439 487 1534 526 toto

191 546 374 600 imperio
412 546 561 600 populi
593 544 779 587 Romani
815 558 925 586 unus
958 547 1088 598 esset,
1127 558 1219 586 esse
1251 558 1319 585 me
1351 543 1535 584 alterum

192 619 344 659 passus
384 607 468 658 est,
506 618 530 645 a
569 618 652 658 quo
690 603 772 645 hoc
802 603 904 657 ,ipso
937 601 981 645 C.
1014 602 1155 644 Pansa
1193 602 1299 643 mihi
1334 601 1536 643 nuntium

191 662 433 717 perferente
484 676 710 704 concessos
759 661 896 703 fasces
946 661 1163 702 laureatos
1208 660 1346 714 tenui,
1395 659 1536 714 quoad

193 721 399 763 tenendos
442 721 611 775 putavi,
656 720 730 774 qui
773 720 880 761 mihi
917 723 1011 761 tum
1049 720 1229 773 denique
1269 733 1313 760 se
1351 718 1535 759 salutem
1555 724 1590 750 1⁰

192 780 364 833 putavit
400 780 593 833 reddere,
631 779 668 820 si
706 793 800 820 eam
836 779 966 820 nullis
1005 778 1236 832 spoliatam
1271 776 1535 818 ornamentis

157 838 392 881 8dedisset.
447 837 569 891 Vide,
602 852 772 892 quaeso,
804 837 985 891 Tubero,
1015 839 1077 890 ut,
1109 836 1182 891 qui
1213 836 1263 876 de
1295 849 1390 876 meo
1419 834 1535 876 facto

190 911 279 938 non
310 896 516 949 dubitem,
549 896 599 937 de
631 895 780 951 Ligari
810 910 898 936 non
923 895 1101 936 audeam
1127 894 1334 936 confiteri.
1389 893 1535 947 Atque

190 955 297 996 haec
327 957 559 1009 propterea
589 954 640 995 de
672 968 739 995 me
773 954 877 1006 dixi,
914 956 963 994 ut
994 953 1101 994 mihi
1132 953 1321 1006 Tubero,
1357 966 1454 993 cum
1484 951 1535 992 de

193 1027 236 1054 se
281 1013 430 1054 eadem
470 1013 673 1066 dicerem,
716 1012 977 1067 ignosceret3
1022 1012 1141 1053 cuius
1180 1025 1260 1066 ego
1298 1009 1533 1051 industriae
1554 1015 1588 1041 15

192 1071 440 1126 gloriaeque
466 1070 589 1112 faveo
616 1071 683 1112 vel
707 1073 886 1125 propter
910 1070 1198 1124 propinquam
1221 1068 1536 1124 cognationem,

192 1129 258 1170 vel
297 1129 410 1183 quod
448 1129 538 1170 eius
576 1129 749 1184 ingenio
789 1129 1027 1182 studiisque
1066 1128 1272 1181 delector,
1317 1127 1384 1168 vel
1423 1126 1536 1181 quod

190 1187 363 1228 laudem
389 1188 674 1229 adulescentis
695 1187 926 1241 propinqui
947 1186 1146 1228 existimo
1168 1186 1300 1227 etiam
1320 1185 1373 1226 ad
1392 1198 1536 1226 meum

157 1246 381 1299 9aliquem
424 1245 614 1287 fructum
654 1245 900 1286 redundare.
970 1244 1052 1286 Sed
1088 1245 1170 1286 11οο
1208 1257 1384 1298 quaero:
1429 1241 1534 1290 Qm‘s

190 1306 318 1357 putat
350 1317 442 1344 esse
476 1303 637 1344 crimen
667 1303 801 1344 fuisse
832 1303 878 1343 in
909 1302 1085 1343 Africa?
1118 1301 1283 1355 Nempe
1311 1301 1361 1355 is,
1393 1300 1466 1355 qui
1492 1303 1535 1341 et
1554 1307 1588 1332 ²0

191 1361 282 1414 ipse
321 1360 366 1401 in
404 1361 550 1402 eadem
581 1360 730 1401 Africa
766 1374 857 1401 esse
890 1361 1027 1401 voluit
1059 1362 1102 1400 et
1132 1359 1401 1414 prohibitum
1433 1373 1477 1400 se
1511 1373 1536 1399 a

191 1418 366 1473 Ligario
407 1419 601 1472 queritur
633 1421 675 1459 et
708 1421 821 1460 certe
854 1421 1004 1460 contra
1034 1418 1177 1472 ipsum
1209 1417 1437 1460 Caesarem
1469 1419 1536 1458 est

192 1490 447 1531 congressus
493 1479 697 1517 armatus.
766 1476 877 1525 Quid
915 1476 1046 1529 enim,
1090 1476 1278 1529 Tubero,
1322 1478 1423 1516 tuus
1461 1475 1535 1516 ille

191 1535 423 1575 destrictus
469 1535 514 1575 in
558 1535 646 1576 acie
684 1534 934 1576 Pharsalica
978 1535 1146 1589 gladius
1185 1533 1371 1589 agebat?
1415 1533 1534 1574 cuius

190 1592 305 1633 latus
345 1593 416 1633 ille
455 1607 602 1634 mucro
641 1593 847 1646 petebat?
886 1593 958 1647 qui
997 1607 1146 1634 sensus
1185 1595 1277 1634 erat
1315 1606 1533 1633 armorum
1551 1597 1586 1623 25

191 1651 394 1692 tuorum?
435 1665 541 1705 quae
574 1654 650 1692 tua
681 1665 818 1704 mens,
851 1651 982 1704 oculi,
1014 1665 1184 1704 manUS,
1217 1651 1343 1692 ardor
1373 1649 1535 1691 animi?

191 1709 292 1763 quid
314 1709 528 1763 cupiebas,
556 1710 658 1763 quid
679 1709 892 1764 optabas?
936 1708 1078 1750 Nimis
1098 1723 1250 1764 urgeo,
1276 1708 1535 1749 commoveri

190 1767 360 1808 videtur
392 1768 653 1808 adulescens.
707 1767 776 1808 Ad
808 1782 874 1808 me
907 1770 1108 1808 revertar.
1163 1767 1305 1808 Isdem
1332 1766 1378 1807 in
1403 1765 1534 1807 armis

133 1802 176 1891 ὦ
190 1824 263 1866 fui.
323 1825 434 1874 Quid
466 1829 611 1866 autem
644 1825 759 1866 aliud
791 1826 971 1880 egimus,
1001 1825 1183 1878 Tubero,
1213 1825 1298 1866 nisi
1329 1826 1388 1877 ut,
1421 1823 1534 1878 quod

189 1883 259 1924 hic
291 1887 453 1937 potest,
483 1898 563 1925 nos
594 1884 848 1937 possemus?
912 1883 1104 1932 Quorum
1135 1883 1270 1938 igitur
1302 1882 1533 1936 inpunitas,
1552 1887 1588 1912 3⁰

190 1940 365 1995 Caesar,
403 1945 502 1982 tuae
541 1942 790 1983 clementiae
825 1942 918 1983 laus
951 1946 1034 1996 est,
1073 1956 1219 1982 eorum
1256 1941 1450 1995 ipsorum
1481 1939 1534 1980 ad

190 2000 490 2041 crudelitatem
534 2003 576 2041 te
621 2003 745 2041 acuet
787 2000 956 2041 oratio?
1022 2000 1167 2053 Atque
1204 1999 1250 2040 in
1285 1999 1366 2039 hac
1405 2011 1534 2039 causa

187 2072 276 2099 non
313 2058 421 2098 nihil
461 2058 673 2112 equidem,
711 2057 899 2111 Tubero,
937 2058 1069 2098 etiam
1106 2061 1244 2108 tuam,
1284 2056 1357 2097 sed
1395 2055 1532 2096 multo
1575 2097 1578 2099 Α

190 2116 328 2171 inagis
353 2116 490 2170 patris
518 2116 582 2157 tui
607 2116 880 2170 prudentiam
907 2116 1111 2169 desidero,
1137 2115 1250 2169 quod
1280 2113 1409 2155 homo
1436 2127 1533 2154 cum

189 2174 375 2228 ingenio,
398 2177 492 2215 tum
512 2174 643 2215 etiam
664 2174 861 2215 doctrina
880 2174 1102 2227 excellens,
1122 2186 1256 2228 genus
1276 2171 1358 2212 hoc
1379 2184 1530 2212 causae
1550 2175 1585 2202 ⁸⁵

190 2232 303 2284 quod
324 2235 448 2285 esset,
461 2246 549 2273 non
563 2232 728 2273 viderit.
768 2231 893 2286 Nam,
914 2232 950 2272 si
963 2232 1153 2285 vidisset,
1173 2229 1323 2284 quovis
1336 2228 1531 2282 profecto

191 2302 321 2341 quam
352 2290 437 2331 isto
470 2290 597 2331 modo
631 2305 656 2331 a
686 2293 729 2331 te
762 2290 834 2345 agi
865 2290 1098 2331 maluisset.
