1671 2543
252 90 338 131 556
408 89 458 124 IN
484 89 531 124 M.
558 88 815 125 ANTONIUM
842 89 1022 124 ORATIO
1049 88 1312 124 PHILIPPICA
1337 89 1433 126 XIV.

249 198 561 253 cognovissem,
588 200 764 251 propter
791 196 910 238 cuius
936 196 1173 250 periculum
1199 197 1251 238 ad
1275 210 1380 252 saga
1397 196 1593 249 issemus,

249 259 427 311 propter
478 256 666 298 eiusdem
717 255 901 297 salutem
951 255 1211 296 redeundum
1262 255 1314 296 ad
1360 255 1593 310 pristinum

249 315 455 357 vestitum
493 315 584 356 sine
624 314 713 355 ulla
756 313 1025 355 dubitatione
1058 327 1284 355 censerem.
1347 313 1460 355 Ante
1491 327 1592 357 vero

251 388 381 428 quam
407 373 465 414 sit
491 388 540 414 ea
566 387 645 427 res,
673 387 800 427 quam
828 372 1072 413 avidissime
1099 372 1251 414 civitas
1279 374 1511 427 exspectat,
1535 372 1592 414 al-

249 433 357 486 lata,
394 432 564 473 laetitia
600 431 685 472 frui
723 431 829 472 satis
869 434 934 472 est
970 431 1180 472 maximae
1212 431 1593 485 praeclarissimae·

251 505 331 545 que
370 504 557 546 pugnae,
595 490 781 532 reditum
814 490 866 530 ad
898 490 1104 531 vestitum
1137 489 1356 532 confectae
1388 489 1593 532 victoriae

251 552 476 590 reservate.
540 548 763 591 Confectio
803 550 948 589 autem
984 548 1111 589 huius
1150 549 1253 590 belli
1286 552 1352 590 est
1382 547 1433 589 D.
1466 547 1593 590 Bruti

216 616 235 647 2
252 608 379 649 salus.
429 606 546 656 Quae
574 610 718 648 autem
743 611 810 648 est
835 606 921 648 ista
947 607 1174 660 sententia,
1198 610 1246 648 ut
1271 607 1316 648 in
1338 607 1593 649 hodiernum

249 667 362 707 diem
394 667 577 708 vestitus
610 668 812 720 mutetur,
844 665 994 707 deinde
1020 680 1114 708 cras
1140 665 1282 721 sagati
1308 665 1592 720 prodeamus?

250 724 343 766 Nos
372 739 473 766 vero
501 739 597 766 eum
623 725 754 766 semel
781 724 834 765 ad
860 739 969 777 eum,
1002 738 1128 779 quem
1155 725 1349 779 cupimus
1377 727 1593 779 optamus-

251 797 350 838 que,
381 783 588 825 vestitum
621 783 883 837 redierimus,
914 782 957 824 id
990 797 1186 838 agamus,
1217 787 1266 824 ut
1298 797 1395 824 eum
1426 783 1471 824 in
1501 797 1593 837 per-

249 844 429 896 petuum
461 842 733 884 retineamus.
791 841 905 883 Nam
936 841 1018 884 hoc
1045 842 1215 897 quidem
1241 856 1337 883 cum
1364 845 1489 896 turpe
1516 843 1594 896 est,

250 903 343 942 tum
381 915 434 942 ne
473 900 537 942 dis
579 901 751 955 quidem
789 900 1092 942 inmortalibus
1131 903 1321 956 gratum,
1359 901 1411 942 ab
1445 914 1593 942 eorum

251 959 349 1013 aris,
381 959 434 1001 ad
468 974 573 1014 quas
607 960 747 1015 togati
781 959 1023 1013 adierimus,
1055 959 1107 1000 ad
1139 973 1243 1015 saga
1274 959 1481 1001 sumenda
1511 959 1592 1000 dis-

216 1018 408 1060 3cedere.
471 1018 614 1072 Atque
648 1018 960 1072 animadverto,
1002 1021 1145 1072 patres
1179 1018 1430 1072 conscripti,
1468 1031 1590 1072 quos-

250 1077 349 1118 dam
385 1076 485 1119 huic
523 1077 665 1119 favere
704 1077 960 1131 sententiae3
1003 1091 1185 1131 quorum
1222 1091 1271 1119 ea
1309 1090 1427 1118 mens
1465 1076 1593 1130 idque

251 1135 479 1178 consilium
518 1139 601 1190 est,
639 1139 705 1190 ut,
744 1150 840 1177 cum
872 1135 1045 1177 videant
1076 1135 1439 1191 gloriosissimum
1469 1135 1593 1175 illum

251 1193 302 1235 D.
328 1194 466 1236 Bruto
500 1194 692 1236 futurum
724 1193 849 1249 diem,
881 1208 964 1248 quo
997 1194 1063 1235 die
1089 1198 1266 1249 propter
1293 1194 1382 1235 eius
1409 1193 1593 1235 salutem

250 1252 502 1294 redierimus
524 1254 576 1294 ad
597 1253 813 1306 vestitum,
828 1253 941 1294 hunc
957 1253 995 1294 ei
1015 1252 1202 1294 fructum
1223 1253 1385 1307 eripere
1405 1252 1592 1306 cupiant,

249 1326 303 1353 ne
319 1312 549 1352 memoriae
566 1311 898 1365 posteritatique
918 1312 1124 1365 prodatur
1144 1315 1320 1365 propter
1339 1310 1466 1352 unius
1486 1310 1590 1352 civis

249 1370 488 1424 periculum
527 1370 734 1424 populum
767 1369 1008 1419 Romanum
1047 1370 1099 1410 ad
1137 1383 1242 1424 saga
1277 1369 1378 1422 isse,
1415 1371 1593 1423 propter

251 1428 441 1469 eiusdem
492 1428 675 1469 salutem
726 1428 884 1468 redisse
935 1428 987 1468 ad
1041 1431 1178 1482 togas.
1257 1427 1414 1469 Tollite
1463 1426 1593 1482 han03

249 1487 414 1528 nullam
449 1490 538 1527 tam
570 1500 725 1540 pravae
753 1486 991 1527 sententiae
1019 1500 1190 1527 causam
1216 1486 1450 1540 reperietis.
1501 1484 1593 1527 Vos

250 1560 368 1599 vero,
412 1548 558 1599 patres
603 1545 853 1598 conscripti,
898 1549 1146 1586 conservate
1185 1545 1488 1586 auctoritatem
1526 1558 1592 1586 ve·

251 1607 405 1658 stram,
450 1606 617 1645 manete
656 1604 700 1644 in
738 1603 968 1656 sententia,
1012 1606 1153 1644 tenete
1192 1606 1336 1645 vestra
1372 1602 1591 1656 memoria,

251 1663 364 1717 quod
412 1676 536 1716 saepe
582 1662 850 1715 ostendistis,
892 1662 1019 1702 huius
1064 1662 1199 1703 totius
1243 1662 1345 1703 belli
1382 1662 1425 1702 in
1464 1661 1590 1702 unius

250 1721 332 1762 viri
364 1721 592 1762 fortissimi
625 1724 668 1761 et
701 1720 877 1761 maximi
902 1720 990 1761 vita
1017 1721 1206 1775 positum
1233 1734 1324 1762 esse
1351 1719 1591 1762 discrimen.

209 1763 318 1821 2Ad
344 1779 394 1820 D.
421 1779 606 1821 Brutum
638 1779 905 1820 liberandum
936 1779 1070 1834 legati
1102 1779 1221 1820 missi
1253 1778 1467 1833 principes
1493 1777 1591 1820 civi-

214 1823 373 1892 4tatis,
412 1839 485 1892 qui
524 1838 586 1878 illi
624 1838 740 1879 hosti
780 1852 828 1879 ac
860 1837 1095 1892 parricidae
1129 1837 1446 1891 denuntiarent,
1485 1839 1535 1878 ut
1566 1851 1592 1878 a

1613 735 1671 782 10Ι

1613 1026 1646 1053 16

1611 1613 1644 1639 25

250 1896 419 1938 Mutina
445 1897 700 1950 discederet3
726 1896 916 1937 eiusdem
936 1895 986 1937 D.
1007 1895 1132 1937 Bruti
1152 1895 1429 1937 conservandi
1449 1895 1591 1950 gratia
1609 1905 1645 1932 ³0

250 1955 399 1997 consul
438 1956 598 1996 sortitu
637 1955 687 1996 ad
719 1955 880 1996 bellum
912 1954 1130 2008 profectus
1164 1955 1213 1996 A.
1246 1953 1433 2008 Hirtius,
1471 1954 1590 1996 cuius

249 2013 580 2055 inbecillitatem
606 2013 863 2054 valetudinis
891 2013 1020 2054 animi
1048 2013 1183 2054 virtus
1205 2015 1249 2054 et
1269 2027 1365 2067 spes
1386 2011 1591 2054 victoriae

250 2072 539 2126 confirmavit3
578 2071 735 2114 Caesar
773 2086 870 2113 cum
908 2071 1096 2113 exercitu
1134 2086 1209 2125 per
1247 2086 1291 2113 se
1329 2073 1590 2125 comparato,

249 2145 346 2172 cum
401 2131 521 2185 prius
577 2131 772 2185 pestibus
829 2145 918 2171 rem
968 2127 1186 2184 publicam
1238 2130 1486 2183 liberasset,
1537 2143 1589 2169 ne

250 2189 351 2242 quid
383 2191 534 2243 postea
566 2189 737 2230 sceleris
765 2189 962 2242 oriretur,
994 2188 1213 2242 profectus
1240 2191 1308 2230 est
1333 2188 1386 2230 ad
1411 2186 1589 2229 eundem
1609 2198 1646 2225 ³5

249 2247 433 2288 Brutum
470 2247 739 2289 liberandum
777 2247 965 2301 vicitque
1003 2247 1193 2288 dolorem
1232 2247 1418 2300 aliquem
1450 2245 1590 2286 dome-

216 2306 408 2346 5sticum
454 2306 619 2359 patriae
664 2306 855 2347 caritate.
924 2303 1033 2354 Quid
1079 2304 1122 2347 C.
1160 2304 1300 2346 Pansa
1340 2303 1431 2358 egit
1475 2303 1590 2345 aliud

1630 2442 1652 2543 flor-5102
1649 2416 1651 2418 .
