1671 2543
69 763 102 787 10

68 1057 100 1082 15

67 1349 102 1374 20

69 1643 101 1668 25

69 1936 104 1961 30

70 2229 104 2254 35

545 112 644 147 CAP.
672 116 810 148 35—37
838 116 857 155 ἓ
885 116 1032 148 76-80.
1400 112 1456 154 35

120 222 215 276 ciis,
250 236 338 263 non
368 220 690 274 intercessione,
727 235 814 262 non
845 220 1078 277 suffragiis,
1116 221 1190 262 sed
1220 220 1280 274 vi,
1316 234 1455 272 manu,

125 280 245 322 ferro.
306 279 420 321 Nam
454 279 491 321 si
523 279 821 321 obnuntiasset
852 279 1052 322 Fabricio
1085 279 1122 321 is
1153 281 1344 334 praetor,
1383 279 1455 333 qui

120 353 164 380 se
209 353 398 380 servasse
439 338 489 379 de
527 338 643 380 caelo
683 338 864 391 dixerat,
908 338 1141 393 accepisset
1178 351 1246 379 res
1283 337 1456 392 publica

119 398 310 452 plagam,
348 398 421 438 sed
455 411 566 451 eam,
604 411 733 451 quam
764 400 983 451 acceptam
1014 411 1182 452 gemere
1214 399 1378 451 posset,
1417 396 1454 437 si

120 456 433 498 intercessisset
459 455 638 510 conlega
656 455 869 509 Fabricio,
894 456 1089 497 laesisset
1113 470 1203 497 rem
1224 455 1454 510 publicam,

120 515 192 556 sed
230 515 291 556 rei
327 514 523 569 publicae
560 514 651 555 iure
683 515 888 556 laesisset.
952 514 1222 556 Gladiatores
1261 517 1309 555 tu
1338 513 1454 554 novi-

120 573 208 615 cios
245 587 323 628 pro
362 575 586 627 expectata
624 573 843 614 aedilitate
882 573 1128 628 suppositos
1161 587 1257 614 cum
1288 572 1453 614 sicariis

120 646 142 674 e
185 646 352 674 carcere
397 632 563 673 emissis
604 635 702 673 ante
741 632 879 673 lucem
917 632 1129 686 inmittas,
1172 631 1454 687 magistratus

121 691 281 745 templo
308 690 476 744 deicias,
507 691 679 732 caedem
703 691 933 732 maximam
958 690 1102 745 facias,
1129 690 1271 732 forum
1296 703 1454 745 purges

121 753 182 804 et,
221 764 317 791 cum
349 750 492 790 omnia
522 750 564 790 vi
596 753 639 791 et
671 750 800 790 armis
833 750 989 804 egeris,
1027 763 1198 791 accuses
1231 763 1344 802 eum,
1382 748 1454 802 qui

119 822 164 850 se
201 808 412 862 praesidio
448 808 668 861 munierit,
705 822 792 849 non
822 812 871 849 ut
903 811 945 849 te
978 811 1264 863 oppugnaret,
1301 808 1375 849 sed
1405 809 1455 848 ut

119 867 254 909 vitam
285 881 406 908 suam
437 870 583 921 posset
614 866 866 908 defendere?

208 926 344 979 Atqui
380 940 433 966 ne
472 940 522 966 ex
559 939 608 967 eo
647 926 818 980 quidem
853 928 1044 980 tempore
1076 925 1121 967 id
1152 926 1242 980 egit
1276 924 1453 979 Sestius,

119 988 168 1026 ut
205 999 230 1026 a
267 985 355 1025 suis
388 984 577 1025 munitus
609 987 705 1025 tuto
737 984 782 1025 in
812 984 905 1025 foro
938 984 1242 1039 magistratum
1274 986 1454 1039 gereret,

120 1058 211 1084 rem
241 1043 458 1097 publicam
490 1043 819 1084 administraret.
881 1043 1033 1097 Itaque
1061 1043 1196 1084 fretus
1223 1042 1454 1084 sanctitate

121 1102 367 1143 tribunatus
406 1116 502 1143 cum
539 1116 583 1142 se
620 1116 706 1143 non
743 1102 868 1143 modo
909 1105 1059 1144 contra
1092 1102 1175 1143 vim
1209 1104 1252 1142 et
1282 1101 1455 1154 ferrum,

121 1160 194 1202 sed
238 1160 368 1201 etiam
409 1162 559 1202 contra
595 1161 725 1201 verba
763 1163 891 1214 atque
928 1160 1250 1201 interfationem
1286 1159 1455 1214 legibus

121 1219 300 1260 sacratis
351 1233 442 1260 esse
492 1222 704 1260 armatum
752 1221 943 1273 putaret,
992 1220 1110 1260 venit
1158 1219 1203 1260 in
1246 1219 1456 1272 templum

122 1277 331 1331 Castoris,
371 1277 642 1319 obnuntiavit
674 1278 856 1319 consuli:
894 1293 990 1319 cum
1022 1278 1166 1320 subito
1198 1291 1349 1319 manus
1380 1277 1455 1317 illa

122 1335 328 1378 Clodiana
358 1336 403 1377 in
434 1336 559 1378 caede
592 1336 748 1378 civium
779 1350 905 1391 saepe
936 1337 1023 1378 iam
1051 1337 1207 1378 victrix
1232 1336 1454 1388 exclamat,

119 1395 336 1448 incitatur,
365 1394 546 1449 invadit,
577 1394 782 1436 inermem
808 1398 936 1449 atque
962 1396 1208 1450 inparatum
1234 1395 1456 1436 tribunum

120 1453 194 1494 alii
231 1453 385 1508 gladiis
424 1453 691 1507 adoriuntur,
730 1454 803 1494 alii
840 1453 1094 1509 fragmentis
1132 1457 1380 1508 saeptorum
1412 1455 1455 1507 et

119 1512 318 1553 fustibus.
391 1512 431 1553 A
475 1512 628 1566 quibus
672 1512 742 1554 hic
786 1513 934 1554 multis
977 1513 1224 1554 vulneribus
1268 1511 1454 1566 acceptis

121 1585 169 1612 ac
201 1570 424 1612 debilitato
457 1585 634 1624 corpore
666 1573 710 1612 et
742 1572 1036 1613 contrucidato
1063 1586 1107 1613 se
1134 1571 1291 1613 abiecit
1317 1569 1455 1611 exani-

122 1631 263 1670 matus
293 1643 429 1682 neque
460 1629 549 1670 ulla
580 1629 665 1670 alia
694 1644 739 1670 re
771 1631 824 1671 ab
857 1645 900 1671 se
932 1633 1115 1672 mortem
1145 1630 1229 1671 nisi
1256 1629 1454 1683 opinione

121 1687 273 1735 mortis
323 1687 497 1741 depulit.
571 1687 707 1736 Quem
756 1703 852 1730 cum
898 1689 1108 1730 iacentem
1152 1691 1195 1729 et
1238 1688 1455 1730 concisum

121 1745 317 1801 plurimis
366 1745 613 1787 vulneribus
663 1749 852 1787 extremo
903 1747 1059 1800 spiritu
1109 1760 1368 1801 exsanguem
1412 1748 1454 1786 et

122 1804 364 1847 confectum
412 1804 622 1858 viderent,
675 1805 983 1859 defetigatione
1032 1805 1171 1860 magis
1220 1808 1263 1846 et
1312 1818 1454 1845 errore

123 1878 250 1917 quam
298 1862 590 1904 misericordia
638 1865 681 1903 et
730 1864 854 1904 modo
900 1863 1127 1917 aliquando
1172 1863 1345 1905 caedere
1389 1862 1454 1903 de-

1469 894 1522 935 37

1469 954 1511 985 79

123 1921 338 1962 stiterunt.
399 1920 459 1962 Et
497 1935 667 1962 causam
701 1922 805 1963 dicit
839 1921 1003 1962 Sestius
1036 1922 1086 1963 de
1118 1921 1189 1963 vi?
1229 1921 1330 1975 quid
1362 1921 1512 1962 ita?80

125 1979 233 2028 Quia
276 1979 393 2021 vivit.
462 1980 521 2020 At
564 1979 607 2020 id
648 1994 735 2021 non
778 1980 854 2021 sua
897 1980 1038 2035 culpa,
1080 1980 1210 2035 plaga
1251 1994 1336 2020 una
1379 1979 1454 2020 illa

123 2040 312 2080 extrema
354 2037 506 2092 defuit,
551 2051 657 2092 quae
695 2038 731 2079 si
772 2039 1039 2092 accessisset,
1083 2039 1296 2093 reliquum
1333 2038 1453 2092 spiri-

122 2100 214 2138 tum
258 2097 533 2138 exhausisset.
600 2096 769 2138 Accusa
805 2096 1066 2152 Lentidium3
1114 2112 1201 2138 non
1242 2097 1454 2151 percussit

122 2156 280 2209 locum3
323 2156 433 2196 male
472 2155 538 2197 dic
575 2154 708 2209 Titio,
747 2154 904 2197 Sabino
942 2156 1105 2197 homini
1143 2155 1344 2210 Reatino,
1381 2170 1455 2197 cur

123 2216 213 2255 tam
255 2217 414 2255 temere
457 2214 706 2255 exclamarit
749 2214 946 2255 occisum.
1020 2214 1167 2268 Ipsum
1209 2228 1309 2256 vero
1354 2215 1454 2268 quid

124 2273 325 2313 accusas?
355 2286 458 2313 num
484 2272 620 2313 defuit
646 2272 812 2326 gladiis,
843 2287 946 2313 num
975 2273 1242 2328 repugnavit,
1266 2287 1381 2327 num,
1406 2276 1455 2314 ut

122 2331 436 2386 gladiatoribus
485 2331 688 2385 imperari
737 2331 864 2386 solet,
919 2331 1081 2373 ferrum
1128 2346 1215 2373 non
1263 2331 1454 2386 recepit‘.>

1198 2399 1246 2434 3*
