1671 2543
230 76 381 111 XLVHI
649 74 928 110 ADNOTATIO
954 74 1152 110 CRITICA.

229 182 268 217 P.
290 186 370 217 138.
386 186 429 217 21
455 194 555 228 yrav.
580 183 672 218 viris
702 180 897 216 commatis
930 180 1081 225 disting.
1109 181 1209 222 edd.;
1242 181 1291 215 ad
1317 192 1352 225 p.
1374 185 1428 216 12.
1443 186 1499 217 30.
1526 203 1571 207 -

229 229 268 264 P.
285 233 362 264 138.
376 233 420 263 25
441 230 620 265 iudicium
637 230 737 263 recte
759 239 829 263 om.
851 227 933 270 edd.
954 248 998 253 —
1017 228 1056 263 P.
1072 231 1206 263 138.32
1230 228 1317 263 Oum
1330 248 1374 254 —
1387 229 1572 264 noluerint

230 278 319 311 vett.
342 276 436 319 edd.,
461 276 550 311 Oum
569 296 613 302 -
632 277 827 311 noluerunt
847 274 950 310 codd.
967 276 1047 319 (vol.
1060 275 1135 320 W),
1153 274 1284 319 Klotz,
1304 275 1430 321 [cum]
1443 295 1488 300 —
1505 287 1570 311 rw-

232 324 378 358 luerunt
401 323 531 367 Kays„
564 334 644 358 cuni
672 322 742 357 del.
768 321 866 356 Bait.
892 321 1099 366 Madvigio‚
1131 323 1174 356 ut
1204 321 1274 366 ait,
1308 324 1475 366 auctore,
1507 322 1573 366 qui

232 371 356 414 ‘posse
377 369 540 414 aliquem
560 368 755 413 suspicari’
773 368 866 403 dicit
879 368 1003 414 ‘quum
1023 368 1264 403 subditicium
1284 370 1394 413 esse’,
1415 371 1453 403 et
1464 369 1570 404 Reid.

232 417 295 461 (ad
314 428 348 461 p.
364 421 419 452 46.
434 419 510 460 20);
538 417 586 450 ad
606 416 710 451 Caec.
730 428 765 460 p.
780 419 835 450 39.
848 419 903 459 21,
929 415 1011 450 infr.
1032 419 1110 450 233.
1126 420 1181 459 37,
1201 419 1280 450 400.
1296 419 1357 457 31;
1387 416 1511 461 Quid?
1527 437 1571 442 —

229 465 427 499 noluerunt
444 463 631 498 Weidner.
651 474 772 508 progr.
788 461 863 497 Col.
879 466 969 497 1864
988 474 1022 507 p.
1039 466 1094 505 11,
1114 463 1178 497 An
1193 483 1238 488 —
1252 464 1448 498 noluerunt
1465 463 1570 498 Paul.

230 522 266 555 p.
282 514 313 554 5,
338 510 398 545 cui
420 512 556 545 assent.
580 511 641 545 1w.
662 509 828 544 Mueller.
845 509 1083 544 ‘Jahresberf
1099 510 1151 543 ΠΙ
1170 521 1204 554 p.
1220 513 1298 544 690.
1313 530 1358 535 -
1377 509 1416 545 P.
1432 514 1510 545 138.
1526 514 1571 545 36

230 559 396 592 scientem
416 558 494 600 GE,
520 557 650 600 Klotz.,
676 556 793 600 Reid,
818 558 998 592 sicientem
1016 556 1063 590 P¹
1083 556 1146 601 (ad
1168 568 1203 601 p.
1222 561 1253 591 3.
1269 558 1340 600 20),
1365 558 1573 593 inscientem

232 604 333 638 P2W
354 604 435 648 (sed
459 604 520 638 hic
544 608 711 639 utrumne
735 605 850 648 insa),
875 603 985 647 Bait.,
1010 603 1121 647 Kays.
1144 603 1206 648 (ad
1225 615 1260 648 p.
1277 607 1354 638 130.
1370 605 1447 648 26);
1472 615 1506 639 v.
1527 608 1570 639 37

229 653 318 686 inse.
337 651 415 694 GE,
441 651 572 694 Klotz,
598 650 715 694 Reid,
740 652 861 685 scient.
881 650 976 694 PW,
995 650 1105 694 Bait,
1124 650 1253 694 Kays.;
1279 662 1312 685 v.
1332 650 1455 685 Madv.
1475 662 1511 696 p.
1527 654 1572 685 20

230 709 264 732 n.
281 702 311 733 2.
333 719 377 724 —
397 698 436 733 P.
453 702 530 733 139.
546 702 589 732 15
609 710 684 733 non
703 697 787 732 add.
809 697 854 731 de
872 696 1025 731 Memmi
1047 699 1138 732 sent.
1161 697 1302 740 Lamb„
1327 697 1450 732 Madv.
1471 709 1506 742 p.
1526 701 1571 732 20

231 747 278 789 (v.
306 745 355 779 ad
384 757 419 790 p.
442 749 496 780 20.
512 748 588 789 32);
620 745 690 779 hoc
715 746 773 779 est
798 743 896 778 enim
921 744 1147 778 contrarium
1172 743 1222 788 ei,
1255 744 1356 788 quod
1379 756 1414 789 p.
1435 748 1570 780 137.19

232 791 369 825 dicitur
392 794 551 838 yravius,
579 793 691 827 levius
711 802 792 825 cum
812 801 917 825 cruce
936 790 1045 835 Bait„
1070 791 1199 835 Kays.;
1225 791 1343 826 Klotz.
1363 803 1399 835 p.
1419 791 1573 826 XXXVI

234 838 406 872 ‘miratur
430 840 536 873 tanto
563 849 673 883 opere
699 837 897 873 offendisse
923 837 1070 872 criticos
1094 837 1134 871 in
1158 837 1217 872 his
1241 837 1394 882 verbis’‚
1419 840 1574 884 nequius

230 885 344 920 Koch.
364 886 457 920 Mus.
478 885 593 920 Rhen.
612 889 703 920 1858
722 897 757 930 p.
773 889 841 920 285
860 896 924 928 sq.,
945 886 1090 930 turpius
1102 884 1289 920 Weidner.
1308 895 1431 929 progr.
1446 884 1571 921 Colon.

233 936 324 967 1864
342 944 377 977 p.
391 937 445 976 11,
462 934 572 967 setius
585 932 732 977 Rumpf.
748 943 869 976 progr.
884 931 1051 966 Francos.
1066 935 1156 966 1868
1173 943 1208 976 p.
1223 935 1279 975 22,
1297 932 1454 967 alienius
1466 932 1570 967 Paul.

230 991 265 1023 p.
282 984 336 1022 13,
364 981 505 1014 levioris
523 978 640 1022 Reid,
666 979 791 1014 omnia
813 978 934 1012 minus
955 979 1148 1013 commoda
1167 989 1281 1022 quam
1296 990 1372 1013 non
1391 980 1512 1015 levius.
1527 1000 1571 1005 —

230 1026 268 1061 P.
292 1030 368 1061 139.
385 1030 429 1060 24
453 1027 594 1062 liberali
613 1026 716 1060 Paul.
737 1038 771 1070 p.
794 1030 824 1060 8.
846 1046 891 1052 —
910 1025 962 1061 sb.
983 1037 1018 1061 se
1038 1025 1122 1060 add.
1143 1025 1282 1069 Lamb.‚
1308 1024 1417 1069 Bait,
1442 1025 1571 1070 Kays.;

231 1073 279 1106 ad
304 1085 339 1117 p.
362 1077 487 1108 66.11.
515 1093 559 1098 —
585 1073 623 1108 P.
647 1077 723 1107 139.
740 1077 782 1107 27
810 1074 989 1108 excelleat
1014 1072 1097 1116 GE,
1130 1083 1204 1107 non
1227 1072 1321 1115 PW,
1353 1072 1491 1115 Klotz.;
1524 1073 1572 1107 ad

230 1132 265 1164 p.
288 1124 365 1154 198.
382 1124 438 1163 36,
464 1120 556 1155 Mur.
577 1132 612 1164 p.
634 1124 712 1154 311.
729 1123 783 1154 34.
805 1140 850 1144 —
869 1119 908 1154 P.
928 1123 1006 1154 139.
1022 1123 1066 1154 28
1087 1121 1164 1154 eius
1182 1119 1290 1163 Bait„
1311 1119 1434 1164 Kays,
1454 1119 1572 1162 Reid„

231 1172 263 1202 et
288 1167 406 1210 codd,
432 1166 568 1208 Klotz,
594 1166 678 1201 fort.
699 1178 769 1202 esse
790 1171 922 1211 praest.
945 1168 1031 1201 eius.
1053 1186 1097 1191 ——
1122 1166 1160 1200 P.
1183 1170 1260 1201 139.
1277 1171 1321 1201 36
1340 1168 1442 1202 vitiis
1466 1179 1573 1213 quam

230 1213 345 1257 Bait„
377 1213 500 1257 Reid,
531 1215 632 1248 vitiis
660 1214 716 1257 (ut
740 1215 788 1248 iis
812 1213 851 1257 P,
883 1215 925 1248 in
953 1214 1026 1248 hiis
1051 1212 1109 1256 W,
1141 1214 1251 1247 citius
1275 1213 1322 1255 E,
1353 1214 1463 1248 huius
1494 1213 1572 1255 all.)

230 1262 381 1305 inquam
393 1260 498 1295 codd.
515 1260 576 1303 (ad
596 1271 630 1304 p.
648 1264 724 1294 130.
738 1262 809 1303 26),
827 1261 916 1295 citio
933 1272 1039 1305 quam
1052 1259 1175 1294 Madv.
1192 1271 1226 1303 p.
1240 1263 1294 1302 23,
1312 1259 1443 1304 Klotz,
1460 1260 1571 1304 Kays.

232 1327 275 1332 —
296 1306 334 1342 P.
352 1310 428 1341 140.
445 1311 464 1340 2
489 1307 551 1342 Gn.
572 1308 696 1352 Pomp.
718 1306 797 1349 GE,
817 1308 906 1341 vett.
928 1306 1022 1350 edd,
1042 1306 1172 1350 Klotz.,
1192 1306 1295 1341 Reid.
1319 1327 1362 1331 ——
1381 1306 1420 1342 P.
1437 1311 1515 1343 140.
1529 1312 1571 1341 11

231 1365 312 1388 cum
349 1365 418 1392 om.
450 1353 554 1388 Reid.
591 1355 662 1388 tac.
696 1374 740 1379 —
777 1353 815 1388 P.
845 1357 981 1388 140.13
1019 1355 1221 1388 niterentur
1257 1353 1380 1397 codd„
1418 1356 1574 1390 niterent

230 1400 513 1444 Nuernbergero
546 1402 642 1435 auct.
668 1400 783 1443 Bait,
815 1400 944 1444 Kays,
976 1399 1081 1435 Reid.
1107 1400 1190 1434 fort.
1216 1402 1332 1444 recte,
1363 1402 1574 1436 nitescerent

230 1447 367 1490 Klotz,
397 1449 661 1482 sustinerentur
690 1447 794 1482 Paul.
826 1459 860 1491 p.
884 1452 943 1491 15,
975 1446 999 1482 i.
1027 1458 1056 1482 e.
1088 1446 1310 1491 niterentur,
1341 1446 1365 1483 i.
1392 1458 1422 1483 e.
1454 1447 1573 1482 fultae

232 1496 376 1528 starent
413 1505 457 1528 ac
487 1494 663 1529 viverent.
714 1493 839 1529 Garat.
873 1494 917 1529 cf.
947 1493 986 1536 Q.
1007 1493 1049 1529 fr.
1070 1494 1087 1527 Ι
1113 1497 1180 1529 2.2
1206 1505 1253 1529 m.
1286 1515 1330 1520 —
1366 1494 1405 1530 P.
1434 1498 1572 1530 140.15

232 1542 412 1576 laedatur
436 1540 532 1575 Bait.
556 1543 639 1583 tac„
667 1541 866 1576 laederetur
884 1541 942 1584 W,
970 1542 1131 1576 laedetur
1154 1540 1266 1585 vulg„
1291 1541 1422 1585 fflotz„
1447 1541 1572 1586 Kays„

231 1587 336 1623 Reid.
364 1608 408 1613 —
439 1587 477 1623 P.
501 1591 638 1622 140.16
666 1599 718 1631 sq.
745 1589 888 1632 Pomp„-
920 1590 995 1622 iam
1025 1599 1076 1623 or.
1102 1600 1146 1623 m.
1175 1589 1401 1634 relinquam
1430 1588 1574 1623 Baiteri

232 1634 338 1669 codd.
359 1635 549 1679 (reliquam
567 1634 625 1678 W,
651 1636 793 1680 reliqua
816 1636 906 1669 vett.
931 1635 1012 1669 edd.
1039 1636 1138 1679 tae),
1165 1634 1282 1669 Klotz.
1310 1656 1354 1660 —
1379 1635 1418 1671 P.
1434 1639 1512 1670 140.
1528 1639 1571 1670 27

231 1683 363 1724 officio
383 1681 486 1716 Paul.
507 1693 541 1726 p.
557 1685 579 1715 4
598 1681 682 1716 vide
701 1692 747 1716 ne
766 1684 854 1716 rect.
870 1703 913 1707 —
927 1681 966 1716 P.
983 1685 1115 1716 141.14
1131 1693 1182 1725 sq.
1199 1683 1325 1726 potius
1339 1684 1430 1727 (tot.)
1444 1694 1573 1718 causae

233 1728 320 1771 GE,
353 1728 475 1762 Madv.
502 1740 536 1772 p.
559 1732 602 1763 23
628 1740 662 1763 11.
685 1732 715 1763 2.
743 1749 786 1754 -
812 1729 851 1763 Ρ.
874 1732 1010 1763 141.18
1035 1730 1124 1763 satis
1149 1740 1219 1763 esse
1243 1731 1361 1764 sancti
1387 1728 1454 1774 (sic
1475 1729 1571 1765 Bait.

232 1775 354 1819 codd.)
380 1786 507 1809 verum
531 1774 678 1809 videtur
703 1775 864 1819 fflotzio,
897 1796 941 1801 -—
967 1780 1130 1810 sanctum
1155 1775 1282 1819 Tum,
1313 1775 1430 1820 vulg.,
1462 1775 1571 1820 Bait,

232 1822 354 1866 Kays.,
381 1842 426 1848 -—-
446 1823 584 1865 factum
602 1822 651 1855 W
671 1824 727 1866 (ut
750 1834 785 1867 p.
804 1826 881 1857 147.
897 1827 951 1865 37,
980 1823 1045 1856 sed
1070 1827 1204 1857 155.13
1229 1825 1396 1867 sanctos),
1422 1825 1477 1858 ita
1501 1834 1572 1858 esse

231 1874 397 1904 sanetum
421 1868 538 1912 Reid..
564 1871 728 1904 sanxisse
751 1874 914 1907 senatum
938 1869 1108 1913 Pantag„
1133 1871 1223 1905 satis
1247 1874 1376 1915 aperte,
1402 1870 1570 1913 dilucide,

233 1917 376 1958 definite
399 1918 465 1950 aut
484 1915 564 1950 sim.
585 1936 630 1941 —
650 1915 753 1951 Paul.
773 1928 808 1961 p.
826 1921 885 1958 193
911 1929 944 1951 v.
965 1916 1088 1951 Madv.
1108 1928 1143 1961 p.
1161 1920 1203 1951 23
1223 1928 1257 1951 n.
1273 1920 1304 1951 2.
1342 1916 1469 1952 Sancti
1485 1916 1570 1951 fort.

233 1965 291 1996 est
314 1964 463 1998 sanciri.
484 1983 528 1988 ——
554 1963 592 1998 P.
614 1966 692 1997 141.
708 1967 750 1997 28
777 1965 937 2006 faciant
960 1963 1162 1998 Lehmann.
1181 1963 1303 1997 Herm.
1325 1966 1415 1997 1879
1440 1975 1475 2007 p.
1491 1967 1571 2000 216.

234 2029 278 2033 —
304 2008 343 2043 P.
365 2013 442 2044 142.
459 2013 478 2044 6
504 2010 622 2055 [qua]
648 2020 714 2044 scr.
743 2012 781 2044 et
805 2012 859 2045 ita
878 2031 922 2036 —
942 2014 984 2045 ut
1009 2010 1092 2045 add.
1119 2011 1204 2055 post
1229 2008 1321 2043 alios
1350 2009 1434 2045 fort.
1460 2009 1571 2045 nimis

234 2054 422 2091 audacter.
465 2056 503 2091 P.
526 2061 603 2091 197.
621 2060 641 2091 9
667 2056 772 2091 codd.
800 2059 862 2101 qui
886 2069 983 2099 cum,
1016 2058 1104 2102 quid
1129 2068 1222 2099 cum,
1259 2057 1347 2101 quid
1372 2058 1467 2102 quod
1492 2069 1572 2092 cum

233 2112 298 2146 pro
326 2104 434 2146 quod,
468 2107 606 2138 26315
632 2114 722 2148 quae
748 2106 811 2147 qui
835 2104 906 2138 EV
931 2105 970 2138 et
992 2103 1082 2147 mei,
1114 2107 1192 2138 302.
1207 2106 1250 2137 35
1277 2104 1372 2147 quod
1396 2105 1506 2148 prius
1529 2103 1570 2147 T,

235 2148 283 2181 ad
310 2152 387 2182 312.
403 2152 457 2182 23.
484 2170 527 2174 -
553 2149 592 2185 P.
615 2153 692 2184 142.
707 2153 751 2184 30
776 2151 833 2184 liis
851 2150 890 2194 P,
916 2151 1040 2186 Madv.
1059 2162 1094 2194 p.
1110 2153 1154 2184 24
1178 2161 1212 2184 n.
1234 2152 1265 2192 2,
1290 2149 1421 2194 Klotz„
1446 2150 1570 2194 Kays„

233 2196 306 2229 hiis
325 2194 383 2238 W,
409 2196 484 2229 illis
504 2195 582 2239 GE,
603 2196 714 2240 vulg,
733 2197 781 2231 iis
799 2196 908 2240 Bait,
928 2197 1033 2232 Reid.
1048 2198 1138 2241 (eis).
1153 2216 1198 2221 —
1216 2195 1255 2231 P.
1272 2200 1348 2231 142.
1365 2201 1407 2231 31
1429 2198 1571 2232 auxilio

235 2242 387 2285 laboris,
424 2248 636 2279 commeatus
665 2244 766 2277 recte
797 2243 910 2277 scribi
939 2255 1014 2278 non
1045 2243 1169 2286 credo,
1208 2243 1344 2287 labore,
1376 2248 1570 2279 commeatu

235 2287 379 2332 Lamb.,
418 2288 621 2333 laboribus,
657 2291 908 2325 commeatibus
943 2289 1114 2325 Kraffert.
1145 2300 1266 2334 progr.
1298 2289 1447 2325 Aul-ich.
1480 2294 1570 2325 1883
