1671 2543
556 90 659 126 GAP.
687 95 824 126 13—16
851 95 870 134 ς
897 96 1046 127 37—43.
1368 93 1451 133 271

107 199 252 241 nescio
286 213 414 254 quam
442 201 651 240 aestatem
677 214 818 254 unam,
849 213 936 240 non
960 200 1109 254 pluris,
1141 200 1257 241 auris
1283 200 1453 241 refersit

108 258 207 299 istis
239 257 519 299 sermonibus.

1471 294 1525 336 15

199 316 361 359 Verum
393 319 548 370 autem,
579 316 752 371 iudices,
785 317 821 358 si
854 317 961 358 scire
992 317 1135 372 voltis,
1166 317 1251 358 nisi
1280 316 1325 360 C.
1352 316 1452 359 Cae·
1466 356 1508 386 41

111 375 219 416 saris
269 389 436 416 summa
484 375 530 416 in
573 375 711 417 omnis
755 375 1019 417 incredibilis
1062 376 1109 417 in
1150 376 1264 418 hunc
1305 377 1452 417 eadem

73 447 90 472 5
110 434 348 475 liberalitas
375 433 602 488 extitisset,
626 448 706 475 nos
731 434 845 476 hunc
867 434 1156 487 [Postumum]
1182 435 1269 476 iam
1288 435 1455 490 pridem

110 493 155 534 in
190 493 284 534 foro
321 507 409 534 non
444 492 713 535 haberemus.
774 493 852 534 llle
893 508 1022 535 onera
1059 494 1295 535 multorum
1325 494 1453 535 huius

110 552 345 593 amicorum
375 552 541 605 excepit
565 566 688 605 unus,
721 566 912 606 quaeque
939 552 1066 593 multi
1090 552 1287 594 homines
1311 567 1454 594 neces-

110 610 212 651 sarii
256 610 452 652 secundis
495 610 693 652 Postumi
734 611 861 652 rebus
900 610 1106 665 discripta
1144 611 1454 665 sustinuerunt,

109 683 222 710 nunc
247 669 337 710 eius
365 668 537 710 afflictis
563 669 750 711 fortunis
775 669 975 711 universa
1000 670 1197 710 sustinet.
1240 669 1452 711 Umbram

58 741 91 766 10
111 727 268 782 equitis
311 727 497 769 Romani
538 731 581 769 et
618 728 852 783 imaginem
889 728 1061 782 videtis,
1103 728 1282 782 iudices,
1326 728 1452 769 unius

111 786 237 828 amici
275 789 571 828 conservatam
608 787 768 828 auxilio
807 790 849 827 et
886 787 979 828 fide.
1047 786 1169 828 Nihil
1207 787 1307 828 huic
1345 787 1452 841 eripi

108 848 255 899 potest
299 848 469 899 praeter
511 845 595 887 hoc
640 846 917 887 simulacrum
959 845 1168 900 pristinae
1214 845 1453 900 dignitatis,

111 903 224 957 quod
253 902 410 945 Caesar
442 904 558 945 solus
591 907 738 945 tuetur
770 907 812 944 et
839 904 1042 958 sustinet3
1075 918 1182 958 quae
1209 904 1382 957 quidem
1408 904 1453 944 111

110 962 362 1003 miserrimis
399 962 528 1003 rebus
564 962 665 1004 huic
703 965 848 1003 tamen
885 963 1113 1004 tribuenda
1150 963 1337 1003 maxima
1369 964 1454 1016 est,

58 1034 90 1059 15
108 1021 193 1061 nisi
224 1036 323 1061 vero
355 1021 438 1062 hoc
468 1020 672 1062 mediocri
703 1021 863 1062 virtute
896 1021 1008 1062 effici
1038 1024 1197 1075 potest,
1228 1023 1276 1062 ut
1301 1023 1450 1061 tantus

110 1079 183 1120 ille
221 1079 286 1120 vir
323 1079 436 1119 tanti
474 1079 602 1120 ducat
636 1080 768 1134 hunc,
806 1082 850 1121 et
881 1080 1091 1121 afflictum
1121 1079 1377 1134 praesertim
1410 1082 1453 1120 et

110 1138 343 1191 absentem,
369 1140 412 1178 et
436 1137 481 1178 in
506 1141 629 1179 tanta
653 1138 828 1180 fortuna
854 1153 941 1193 sua,
967 1141 1016 1179 ut
1036 1138 1218 1179 alienam
1240 1138 1451 1192 respicere

110 1210 314 1251 magnum
341 1197 410 1251 sit,
435 1200 471 1237 et
488 1197 534 1237 in
553 1199 676 1238 tanta
696 1197 975 1251 occupatione
995 1197 1280 1238 maximarum
1298 1211 1453 1249 rerum,

112 1269 216 1309 quas
254 1255 367 1320 gerit
399 1258 527 1309 atque
560 1256 713 1321 gessit,
749 1259 796 1297 ut
824 1256 891 1297 vel
924 1256 1120 1297 oblivisci
1152 1255 1335 1296 aliorum
1366 1269 1452 1296 non

57 1327 91 1353 20
111 1314 168 1354 sit
209 1314 386 1367 mirum,
423 1314 508 1369 vel,
552 1314 587 1355 si
628 1314 888 1368 meminerit,
933 1314 1118 1356 oblitum
1159 1314 1290 1355 etiam
1326 1313 1451 1354 facile

109 1372 248 1426 possit
285 1372 478 1426 probare.
540 1371 700 1414 Multas
733 1373 928 1427 equidem
961 1372 1005 1415 C.
1039 1372 1233 1415 Caesaris
1264 1372 1448 1413 virtutes
1464 1383 1507 1414 42

110 1445 290 1485 magnas
315 1431 662 1488 incredibilisque
689 1432 882 1487 cognovi,
908 1432 982 1473 sed
1007 1434 1107 1472 sunt
1134 1434 1298 1472 ceterae
1318 1430 1448 1471 maio-

111 1466 230 1529 ribus
277 1490 399 1543 quasi
445 1490 658 1536 theatris
645 1490 918 1544 propositae
960 1493 1002 1531 et
1038 1504 1172 1544 paene
1210 1490 1451 1544 populares

113 1545 277 1588 Castris
311 1548 454 1589 locum
486 1563 654 1602 capere,
686 1549 920 1590 exeicitum
946 1548 1175 1602 instr,uere
1207 1561 1452 1603 expugnare

58 1625 92 1651 25
112 1605 258 1654 urbes,
297 1606 431 1646 aciem
467 1606 660 1648 hostium
696 1607 943 1672 profligare,
980 1607 1090 1648 hanc
1121 1607 1209 1647 vim
1239 1606 1450 1661 frigorum

110 1663 397 1727 hiemumque,
429 1678 557 1729 quam
586 1679 665 1706 nos
698 1665 769 1706 vix
799 1665 926 1705 huius
957 1665 1077 1706 urbis
1112 1665 1239 1705 tectis
1272 1664 1453 1705 sustine-

112 1736 225 1775 mus,
265 1721 474 1777 excipere,
504 1722 558 1763 iis
590 1723 695 1776 ipsis
728 1723 875 1764 diebus
906 1723 1077 1763 hostem
1107 1723 1326 1776 persequi,
1357 1725 1450 1762 tum

113 1795 210 1821 cum
242 1780 373 1821 etiam
404 1779 518 1820 ferae
544 1780 739 1821 latibulis
765 1795 809 1822 se
835 1784 987 1835 tegant
1013 1783 1142 1834 atque
1169 1780 1313 1821 omnia
1338 1779 1452 1820 bella

112 1839 203 1879 iure
236 1838 430 1893 gentium
462 1838 846 1903 conquiescant—
874 1841 973 1879 sunt
1005 1853 1054 1879 ea
1080 1838 1251 1903 quidem
1276 1851 1452 1892 magna,

60 1911 94 1936 30
115 1897 209 1950 quis
240 1896 399 1951 negat?
432 1897 505 1937 sed
535 1897 703 1951 magnis
729 1896 915 1938 excitata
941 1899 1041 1937 sunt
1065 1896 1268 1950 praemiis
1295 1910 1344 1937 ac
1369 1910 1452 1935 me-

114 1955 251 1996 moria
296 1954 520 1995 hominum
570 1955 840 2020 sempiterna.
915 1954 1008 2003 Quo
1057 1955 1198 1995 minus
1243 1954 1452 1995 admiran-

114 2013 214 2054 dum
248 2016 313 2054 est
345 2027 442 2053 eum
473 2013 612 2054 facere
638 2013 724 2066 illa,
757 2013 829 2067 qui
854 2013 1229 2054 immortalitatem
1255 2013 1451 2066 concupi-

114 2071 234 2113 verit.
279 2071 397 2112 Haec
421 2072 625 2112 nimirum
650 2072 744 2112 laus
771 2075 847 2125 est,
874 2086 981 2125 quae
1005 2086 1093 2112 non
1117 2074 1344 2125 poetarum
1364 2085 1450 2112 ca--r

114 2131 320 2183 minibus,
364 2145 451 2171 non
498 2130 715 2170 annalium
750 2129 1039 2171 monumentis
1078 2112 1509 2184 celeb1atur,sed43

62 2205 95 2230 35
114 2189 390 2242 prudentium
432 2188 588 2230 iudicio
633 2189 895 2243 expenditur.
966 2188 1172 2242 Equitem
1208 2187 1451 2229 Romanum

114 2250 302 2288 veterem
341 2247 526 2288 amicum
561 2261 686 2288 suum
729 2247 986 2300 studiosum,
1031 2248 1266 2300 amantem,
1311 2246 1451 2287 obser-

115 2308 287 2346 vantem
320 2305 386 2347 sui
415 2320 504 2347 non
533 2305 722 2360 libidine,
751 2319 838 2347 non
869 2306 1068 2359 turpibus
1099 2305 1306 2359 impensis
1338 2305 1451 2359 cupi·

1465 2052 1520 2142 Ιξὶ
