1671 2543
590 88 688 124 CAP.
717 93 805 124 5-'1
835 92 854 131 ξ
884 94 1029 124 11-16.
1385 92 1465 131 511

135 199 327 251 sperant,
377 210 472 238 01110
523 196 740 238 effundant
790 210 877 239 sua.
952 196 1052 239 Vidi
1102 198 1232 238 etiam
1277 196 1320 239 P.
1365 196 1469 239 Deci

135 255 393 309 auctionem,
439 255 542 297 clari
586 255 683 309 viri,
728 256 800 309 qui
844 256 1054 297 maiorum
1097 256 1290 311 exempla
1332 271 1469 310 perse-

134 327 268 368 quens
304 328 382 368 pro
421 314 559 356 alieno
592 328 635 355 se
669 328 763 355 aere
795 314 976 356 devovit.
1037 314 1220 370 Emptor
1250 317 1395 356 tamen
1426 315 1469 356 in

133 386 183 413 ea
220 372 415 414 auctione
448 373 646 414 inventus
680 375 746 414 est
777 387 914 414 nemo.
969 372 1199 415 Hominem
1230 373 1468 427 ridiculum,

97 443 113 467 ⁵
135 431 208 485 qui
239 445 283 472 se
310 445 524 487 emergere
544 445 592 473 ex
612 445 706 472 aere
727 431 865 473 alieno
886 434 1010 486 putet
1028 446 1166 486 posse,
1192 446 1289 474 01110
1313 432 1467 474 vendat

134 489 287 530 aliena!
356 488 469 531 Nam
513 490 613 544 quid
658 504 736 545 ego
783 490 831 531 de
872 490 1084 532 Trebellio
1129 490 1296 533 dicam?
1341 505 1462 546 quem
1483 499 1523 529 14

134 548 248 590 ultae
276 548 472 590 videntur
498 547 650 590 Furiae
678 549 938 603 debitorum,
969 549 1177 591 vindicem
1204 549 1316 591 enim
1342 564 1466 591 nova-

131 621 226 648 rum
258 607 502 649 tabularum
534 621 688 649 novam
720 608 913 649 tabulam
944 608 1145 650 videmus.
1196 607 1306 657 Quid
1338 608 1388 649 de
1420 607 1466 649 Τ.

131 665 320 707 Planco?
347 680 472 721 quem
496 666 892 720 praestantissimus
917 667 1032 720 civis,
1058 666 1228 721 Aquila,
1253 666 1468 708 Pollentia

81 735 112 760 ιο
131 724 308 778 expulit,
323 727 366 766 et
387 724 558 779 quidem
579 739 698 767 crure
720 724 874 779 fracto,
895 725 1007 779 quod
1028 725 1192 766 utinam
1209 725 1273 766 illi
1289 728 1386 766 ante
1402 739 1466 767 ac-

131 782 323 836 cidisset,
348 797 400 824 ne
426 783 507 825 huc
528 784 666 825 redire
686 783 915 838 potuisset!
955 782 1119 825 Lumen
1140 786 1182 825 et
1202 784 1328 826 decus
1348 784 1464 825 illius

130 842 340 883 exercitus
361 856 493 896 paene
513 842 728 896 praeterii,
748 842 792 883 T.
815 843 1002 883 Annium
1022 841 1256 897 Cimbrum,
1276 841 1464 897 Lysidici

128 900 278 954 filium,
298 899 543 955 Lysidicum
563 901 703 955 ipsum
721 899 901 952 [Graeco
923 901 1083 955 verbo],
1105 901 1306 955 quoniam
1322 901 1464 942 omnia

129 958 223 1001 iura
243 959 451 1013 dissolvit,
469 960 553 1001 nisi
574 960 685 1001 forte
711 959 801 1000 iure
823 958 1082 1001 Germanum
1104 959 1277 1001 Cimber
1298 959 1464 1002 occidit.

76 1028 109 1053 1⁵
223 1016 331 1060 Cum
391 1017 501 1060 hanc
561 1021 604 1059 et
658 1018 784 1059 huius
848 1018 1015 1073 generis
1072 1018 1239 1073 copiam
1298 1021 1464 1059 tantam

127 1076 286 1118 habeat
330 1076 560 1126 Antonius,
612 1076 723 1131 quod
774 1077 910 1118 scelus
957 1076 1147 1131 omittet,
1198 1091 1293 1118 cum
1336 1076 1463 1118 Dola-

127 1135 242 1177 bella
272 1135 407 1177 tantis
434 1149 477 1176 se
504 1135 784 1176 obstrinxerit
809 1135 1049 1190 parricidiis
1074 1149 1343 1190 nequaquam
1369 1135 1462 1190 pari

127 1194 344 1235 latronum
394 1208 521 1235 manu
565 1197 608 1235 et
652 1194 802 1248 copia?
871 1193 1158 1248 Quapropter,
1207 1197 1257 1235 ut
1299 1193 1460 1236 invitus
1479 1202 1520 1234 15

128 1266 254 1306 saepe
298 1252 478 1293 dissensi
522 1266 546 1293 3
584 1251 632 1302 Q.
670 1251 810 1306 Fufio,
854 1252 916 1294 ita
959 1266 1053 1294 sum
1097 1252 1187 1294 eius
1225 1253 1462 1294 sententiae

75 1320 108 1346 2⁰
126 1311 310 1352 libenter
347 1311 563 1352 adsensus.
624 1310 691 1352 Ex
729 1325 811 1365 quo
850 1311 1035 1353 iudicare
1073 1311 1238 1353 debetis
1275 1325 1342 1353 me
1376 1326 1463 1353 non

127 1384 223 1412 cum
252 1368 425 1411 homine
458 1369 606 1420 solere,
642 1369 714 1411 sed
747 1384 843 1411 cum
875 1384 1002 1411 causa
1033 1369 1248 1412 dissidere.
1309 1369 1462 1424 Itaque

125 1442 212 1470 non
255 1428 472 1470 adsentior
516 1428 672 1482 solum,
717 1428 788 1469 sed
827 1428 957 1471 etiam
995 1428 1155 1484 gratias
1194 1441 1276 1484 ago
1320 1428 1462 1483 Fufio,

127 1486 235 1527 dixit
260 1486 372 1528 enim
398 1500 600 1540 severam,
626 1501 812 1542 gravem,
838 1501 857 1528 e
882 1502 925 1528 re
945 1487 1117 1542 publica
1138 1487 1349 1543 [dignam]
1371 1501 1460 1529 sen-

127 1545 326 1597 tentiam,
369 1544 571 1586 iudicavit
607 1545 777 1587 hostem
816 1544 1101 1595 Dolabellam,
1145 1545 1259 1587 bona
1296 1546 1461 1587 censuit

74 1613 106 1639 2⁵
127 1602 294 1657 publice
344 1603 609 1656 possidenda.
683 1602 775 1652 Quo
820 1618 915 1645 eum
959 1604 1055 1645 addi
1097 1603 1204 1644 nihil
1247 1604 1461 1658 potuisset

127 1660 249 1715 (quid
281 1660 394 1702 enim
426 1661 613 1702 atrocius
644 1662 798 1715 potuit,
831 1662 931 1715 quid
963 1662 1150 1703 severius
1176 1661 1461 1717 decernere?),

120 1720 235 1767 ‚dixit
267 1721 422 1773 tamen,
454 1719 489 1760 si
523 1719 616 1773 quis
649 1733 807 1773 eorum,
840 1721 910 1785 qui
943 1723 1041 1774 post
1067 1734 1112 1761 se
1138 1721 1279 1776 rogati
1306 1724 1460 1775 essent,

127 1777 367 1833 graviorem
388 1777 645 1820 sententiam
666 1778 853 1831 dixisset,
873 1779 916 1819 111
936 1793 1030 1820 0310
1049 1793 1092 1820 se
1112 1778 1284 1820 iturum.
1320 1778 1458 1828 Quam

127 1836 399 1878 severitatem
432 1836 526 1890 quis
558 1839 702 1890 potest
732 1850 818 1877 non
849 1836 1050 1879 laudare?

73 1905 107 1930 30
214 1893 356 1948 Nunc,
413 1895 613 1948 quoniam
661 1894 799 1936 hostis
848 1898 913 1936 est
961 1895 1171 1937 iudicatus
1218 1880 1496 1950 Dolabellas!

126 1952 238 1994 bello
278 1955 344 1994 est
381 1952 706 2007 persequendus.
767 1952 916 2007 Neque
949 1954 1061 1995 enim
1093 1954 1290 2009 quiescit,
1326 1943 1484 1996 habet

126 2011 350 2066 legionem,
381 2011 511 2052 habet
542 2010 759 2066 fugitivos,
790 2011 921 2053 habet
950 2013 1236 2054 sceleratam
1226 2012 1457 2067 impiorum

126 2083 318 2123 manum,
344 2072 409 2111 est
429 2069 519 2123 ipse
539 2069 766 2124 confidens,
790 2070 1014 2125 impotens,
1034 2071 1290 2126 gladiatorio
1311 2071 1457 2127 generi

125 2128 277 2170 mortis
316 2127 520 2169 addictus.
581 2127 719 2177 Quam
756 2128 810 2170 ob
848 2143 955 2182 rem,
993 2129 1194 2183 quonjam
1229 2129 1455 2171 Dolabella

73 2197 104 2222 ³⁵
124 2186 324 2228 hesterno
357 2186 423 2227 die
454 2186 578 2228 hoste
609 2186 778 2228 decreto
810 2187 970 2228 bellum
1001 2188 1238 2243 gerundum
1269 2190 1347 2242 est,
1380 2188 1455 2230 im-

125 2247 298 2299 perator
335 2247 400 2285 est
435 2244 693 2299 deligendus.
754 2243 873 2286 Duae
905 2245 1043 2288 dictae
1074 2249 1174 2288 sunt
1206 2247 1454 2301 sententiae,

126 2317 304 2356 quarum
341 2305 536 2344 neutram
574 2303 727 2357 probo,
771 2303 965 2353 alteram,
1010 2304 1109 2359 quia
1146 2319 1328 2359 semper,
1371 2305 1453 2347 nisi
