1671 2543
590 85 692 121 cAP.
722 90 811 121 1—3
838 89 857 128 5
886 90 988 121 1—7.
1381 87 1467 128 333

118 194 304 249 perium,
343 194 379 235 si
410 193 517 235 illud
553 193 782 248 imperium
814 207 906 235 esse
943 193 1106 248 potuit,
1144 194 1259 248 quod
1295 195 1466 249 privato

120 252 305 294 clamore
345 251 636 293 multitudinis
674 252 884 306 inperitae
921 252 1041 294 nullo
1078 252 1252 306 publico
1285 253 1466 295 consilio

119 310 403 352 deferebatur.
459 310 611 365 Itaque
637 309 851 366 Ligarius,
878 311 950 364 qui
977 325 1101 352 omne
1127 311 1214 352 tale
1239 312 1464 367 negotium
1481 320 1503 350 4

121 371 296 424 cuperet
328 369 528 424 effugere,
559 369 736 424 paulum
769 369 955 410 adventu
986 368 1092 411 Vari
1125 370 1382 424 conquievit.
1480 395 1507 436 2

84 439 100 464 5
207 427 378 482 Adhuc,
416 427 460 470 C.
494 426 668 482 Caesar,
707 427 754 476 Q.
786 427 986 483 Ligarius
1019 428 1136 469 omni
1168 429 1295 482 culpa
1325 431 1527 495 vaeass.(4,

118 485 259 527 Domo
293 488 359 527 est
391 499 588 541 egressus
619 501 707 527 non
737 486 864 527 modo
895 487 1062 528 nullum
1094 487 1147 528 ad
1177 487 1357 542 bellum,
1390 487 1463 529 sed

117 558 171 585 ne
204 545 256 585 ad
288 544 511 586 minimam
544 545 716 599 quidem
748 544 1035 599 suspicionem
1066 545 1188 600 belli,
1217 546 1389 601 legatus
1420 545 1466 587 in

118 617 222 657 pace
264 602 485 657 profectus
529 605 613 658 est,
655 603 701 644 in
743 603 965 658 provincia
1004 604 1284 658 pacatissima
1319 604 1383 645 ita
1420 618 1465 646 se

119 661 272 716 gessit,
311 664 361 702 ut
399 661 438 702 ei
474 676 624 716 pacem
662 676 753 703 esse
793 662 1022 716 expediret.
1091 662 1309 704 Profectio
1348 665 1464 705 certe

66 731 99 756 10
119 720 309 761 animum
325 722 449 761 tuum
461 735 549 762 non
562 721 689 762 debet
704 720 934 775 offendere,
952 735 1056 762 num
1070 720 1206 776 igitur
1219 721 1433 763 remansio
1442 721 1465 762 Ῥ

117 777 257 819 Multo
290 778 443 820 minus.
505 778 620 820 Nam
651 778 861 833 profectio
894 779 1163 820 voluntatem
1193 779 1348 820 habuit
1378 794 1466 821 non

117 839 300 891 turpem,
326 837 539 878 remansio
565 837 870 879 necessitatem
897 837 1028 878 etiam
1053 838 1292 879 honestam.
1344 837 1464 892 Ergo

115 895 222 937 haec
266 895 349 937 duo
394 899 592 950 tempora
636 899 782 936 carent
828 896 1022 949 crimine,
1066 911 1217 950 unum,
1261 910 1359 938 cum
1399 898 1466 937 est

116 954 286 1008 legatus
305 953 538 1008 profectus,
565 954 760 1008 alterum,
787 968 883 995 cum
904 954 1177 1009 ecflagitatus
1199 969 1223 995 a
1242 954 1466 1008 provincia

66 1023 98 1048 15
116 1012 389 1066 praepositus
427 1012 599 1053 Africae
640 1015 717 1053 est.
784 1012 977 1053 Tertium
1015 1015 1186 1066 tempus
1225 1015 1308 1062 est,
1350 1013 1499 1066 quod5

115 1073 216 1124 post
259 1070 490 1112 adventum
527 1070 633 1111 Vari
676 1071 721 1111 in
758 1070 906 1111 Africa
943 1071 1126 1125 restitit3
1171 1071 1286 1125 quod
1325 1071 1362 1112 si
1399 1073 1465 1112 est

117 1128 414 1182 criminosum,
453 1129 725 1170 necessitatis
765 1129 927 1170 crimen
965 1131 1048 1182 est,
1089 1143 1177 1170 non
1215 1129 1464 1170 voluntatis.

116 1186 187 1228 An
217 1187 301 1240 ille,
334 1187 370 1228 si
402 1187 618 1241 potuisset
648 1187 737 1228 ullo
771 1187 898 1228 modo
931 1187 1121 1240 evadere,
1152 1186 1307 1229 Uticae
1335 1203 1465 1242 quam

116 1244 309 1300 Romae„
336 1260 433 1286 cum
464 1245 510 1286 P.
542 1245 667 1287 Attio
708 1260 837 1299 quam
872 1260 968 1287 cum
1001 1245 1350 1287 concordissimis
1382 1246 1464 1287 fra—

65 1315 98 1340 20
117 1303 276 1356 tribus,
321 1318 418 1344 cum
459 1301 609 1360 alienis
648 1318 741 1345 esse
780 1318 909 1357 quam
947 1318 1043 1345 cum
1083 1304 1170 1345 suis
1209 1304 1464 1346 maluisset?

116 1361 226 1410 Cum
250 1362 345 1416 ipsa
367 1362 529 1417 legatio
549 1363 676 1416 plena
695 1362 895 1403 desiderii
916 1377 965 1403 ac
986 1362 1289 1404 sollicitudinis
1310 1362 1466 1404 fuisset

115 1423 293 1474 propter
335 1420 630 1466 incredibilem
669 1421 881 1475 quendam
919 1420 1103 1462 fratrum
1142 1435 1351 1472 amorem,
1394 1422 1466 1463 hic

118 1492 253 1532 aequo
298 1478 458 1520 animo·
485 1493 577 1528 esse
621 1474 766 1533 potuit
790 1479 912 1520 ‹belli
951 1479 1129 1520 discidio
1169 1480 1402 1521 distractus
1442 1495 1467 1521 a

118 1535 357 1576 fratribus?
405 1566 412 1575 .

66 1605 100 1631 25
206 1592 387 1634 Nullum
417 1594 553 1648 igitur
583 1595 730 1648 habes,
763 1595 932 1644 Caesar,
964 1595 1102 1636 adhuc
1134 1595 1179 1636 in
1212 1595 1260 1644 Q.
1287 1595 1501 1651 Ligarioe

119 1652 292 1707 signum
336 1652 497 1692 alienae
542 1667 567 1693 a
609 1655 652 1693 te
695 1653 952 1706 voluntatis3
999 1653 1119 1693 cuius
1165 1667 1245 1708 ego
1292 1668 1466 1695 causam

119 1709 421 1761 animadverte,
453 1724 625 1763 quaeso,
658 1725 742 1763 qua
772 1711 854 1751 fide
881 1710 1118 1763 defendam,
1149 1711 1284 1763 prodo
1312 1726 1464 1752 meam.

120 1768 154 1809 O
184 1765 458 1809 clementiam
484 1768 781 1817 admirabilem
807 1771 936 1821 atque
964 1768 1155 1808 omnium
1180 1768 1317 1822 laude,
1346 1783 1466 1822 prae-

120 1826 351 1879 dicatione,
390 1825 549 1866 litteris
585 1825 959 1879 monumentisque
992 1826 1293 1866 decorandam!
1356 1826 1466 1868 Cum

67 1896 102 1922 30
121 1884 177 1924 M.
204 1883 352 1925 Cicero
385 1883 497 1937 apud
529 1886 571 1924 te
604 1883 794 1924 defendit
827 1884 958 1924 alium
983 1883 1028 1924 in
1054 1898 1103 1924 ea
1128 1884 1352 1925 voluntate
1378 1899 1466 1926 non

120 1942 270 1992 fuisse,
313 1942 359 1982 in
403 1955 487 1995 qua
524 1956 567 1982 se
608 1942 751 1995 ipsum
789 1942 1019 1983 confitetur
1054 1941 1209 1995 fuisse,
1250 1957 1328 1984 nec
1367 1945 1465 1984 tuas

120 2000 276 2041 tacitas
315 1999 600 2054 cogitationes
640 1999 882 2041 extimescit
915 2014 1010 2053 nec,
1049 2000 1151 2053 quid
1183 2000 1265 2040 tibi
1297 2001 1347 2041 de
1380 2001 1465 2043 alio

121 2058 311 2099 audienti
343 2058 393 2098 de
427 2072 471 2098 se
500 2057 594 2111 ipso
622 2060 829 2107 occurrat,
861 2058 1124 2099 reformidat.
1179 2057 1306 2112 Vide,
1337 2066 1508 2113 quam3

119 2130 208 2157 non
226 2115 512 2168 reformidem,
538 2115 645 2169 vide,
669 2119 829 2169 quanta
847 2116 921 2157 lux
940 2116 1218 2157 liberalitatis
1240 2119 1283 2157 et
1303 2117 1467 2171 sapien·

71 2184 104 2210 85
124 2174 211 2215 tiae
253 2177 353 2216 tuae
398 2174 504 2215 mihi
546 2173 657 2227 apud
694 2176 737 2214 te
776 2174 934 2215 dicenti
973 2174 1213 2228 oboriatur3
1258 2178 1468 2228 quantum

123 2234 294 2286 potero,
337 2247 439 2273 voce
485 2231 757 2286 contendam,
798 2235 848 2273 ut
889 2232 972 2273 hoc
1017 2232 1202 2286 populus
1246 2232 1467 2275 Romanus

124 2290 340 2331 exaudiat:
375 2289 584 2344 Suscepto
611 2290 737 2343 bello,
764 2289 932 2343 Caesar,
959 2293 1082 2345 gesto
1110 2291 1242 2331 etiam
1269 2306 1319 2333 ex
1343 2295 1502 2345 parte‘l
