1671 2543
185 90 272 134 308
478 89 572 125 PRO
599 90 638 124 T.
666 88 822 125 ANNIO
848 88 1033 125 MILONE
1061 88 1249 124 ORATIO.

185 200 228 241 vi
265 202 309 241 et
347 198 478 240 armis
519 198 747 253 compulit,
785 212 899 252 eum,
937 198 1005 240 cui
1036 197 1146 239 nihil
1178 211 1385 252 umquam
1415 197 1538 239 nefas

185 258 270 300 fuit
299 272 378 299 nec
410 257 455 299 in
486 256 676 299 facinore
707 271 786 298 nec
817 257 863 298 in
893 256 1090 311 libidine,
1129 271 1227 297 611111
1237 290 1247 310 ,
1285 256 1359 310 qui
1392 256 1541 298 aedem

184 316 488 372 Nympharum
514 315 716 369 incendit,
741 318 791 356 ut
817 315 1070 356 memoriam
1090 315 1310 369 publicam
1330 315 1542 357 recensio-

128 376 252 417 ’141113
291 375 453 416 tabulis
491 374 678 429 publicis
716 374 971 429 impressam
1010 373 1301 429 extingueret,
1339 387 1437 415 eum
1473 373 1541 415 de-

185 435 328 489 nique,
360 434 427 475 cui
461 434 548 474 iam
580 433 701 474 nulla
731 433 800 474 lex
832 436 936 487 erat,
968 432 1136 474 nullum
1169 432 1292 474 civile
1319 433 1398 487 ius,
1428 432 1539 474 nulli
1577 446 1593 473 5

185 492 510 548 possessionum
547 492 740 546 termini,
779 492 852 546 qui
884 506 973 533 non
1005 491 1221 533 calumnia
1251 491 1415 546 litium,
1452 505 1542 533 non

185 552 360 593 iniustis
400 551 597 592 vindiciis
637 565 686 592 ac
724 551 1005 592 sacramentis
1045 551 1208 592 alienos
1246 549 1422 604 fundos,
1467 549 1542 591 sed

187 610 359 664 castris,
402 610 609 664 exercitu,
654 609 805 665 signis
828 609 1062 651 inferendis
1099 609 1296 664 petebat,
1341 583 1422 663 qui,
1453 622 1542 650 non

187 670 327 711 solum
359 668 570 710 Etruscos
603 644 719 724 (eost,
729 669 843 710 enim
873 668 1046 722 penitus
1079 665 1435 723 contempserat),
1467 667 1542 709 sed

185 728 299 769 hunc
336 727 383 769 P.
416 726 616 781 Varium,
647 726 935 769 fortissimum
968 729 1097 781 atque
1136 727 1351 781 optimum
1390 726 1537 779 civem,
1562 740 1595 765 ιο

186 787 372 828 iudicem
403 789 615 840 nostrum,
647 786 807 840 pellere
834 785 1183 840 possessionibus
1210 785 1341 826 armis
1369 784 1542 826 castris-

188 860 269 899 que
308 847 488 887 conatus
528 848 612 899 est,
657 845 731 898 qui
769 859 867 886 cum
904 844 1152 886 architectis
1191 847 1236 885 et
1273 843 1540 898 decempedis

187 904 312 945 villas
358 904 596 945 multorum
631 903 871 957 hortosque
909 903 1188 959 peragrabat,
1233 903 1307 956 qui
1345 901 1540 944 Ianiculo

188 966 232 1004 et
279 962 465 1017 Alpibus
517 976 637 1016 spem
686 961 1010 1016 possessionum
1054 961 1310 1003 terminarat
1354 975 1541 1015 suarum,

188 1021 263 1075 qui
308 1035 406 1063 cum
450 1020 504 1061 ab
549 1020 693 1075 equite
732 1020 927 1062 Romano
973 1020 1196 1075 splendido
1235 1023 1279 1061 et
1315 1019 1439 1074 forti,
1481 1018 1539 1061 M.
1561 1032 1595 1058 15

188 1079 395 1134 Paconio,
439 1094 527 1121 non
569 1079 864 1134 impetrasset,
903 1081 953 1120 ut
997 1079 1082 1120 sibi
1125 1078 1312 1120 insulam
1354 1079 1401 1119 in
1444 1078 1541 1120 lacu

187 1137 323 1180 Prilio
357 1138 571 1192 venderet,
603 1141 779 1192 repente
812 1138 1016 1179 lintribus
1049 1137 1094 1179 in
1123 1152 1218 1179 eam
1244 1137 1430 1178 insulam
1455 1151 1541 1178 ma-

188 1197 358 1250 teriem,
397 1196 576 1250 calcem,
616 1199 855 1251 caementa,
894 1211 1014 1238 arma
1051 1196 1250 1238 convexit
1282 1196 1541 1249 dominoque

189 1260 310 1296 trans
349 1254 489 1309 ripam
526 1255 797 1320 inspectante
834 1269 923 1297 non
954 1254 1170 1296 dubitavit
1202 1257 1398 1296 extruere
1431 1254 1543 1296 aedi-

132 1313 336 1355 75ficium
373 1313 420 1354 in
457 1312 617 1366 alieno,
657 1314 729 1366 qui
767 1313 866 1355 huic
905 1313 951 1354 T.
988 1312 1215 1367 Furfanio,
1255 1313 1323 1354 cui
1356 1313 1465 1366 viro,
1497 1313 1540 1354 di
1561 1325 1595 1352 20

188 1371 476 1413 immortales!
523 1370 645 1425 (quid
690 1371 804 1412 enim
849 1385 928 1427 ego
968 1371 1018 1412 de
1059 1371 1313 1412 muliercula
1352 1345 1540 1426 Scaiitia,

190 1430 292 1484 quid
319 1429 368 1471 de
396 1429 668 1471 adulescente
695 1428 741 1470 P.
768 1429 928 1495 Apinio
955 1430 1127 1471 dicam?
1161 1444 1344 1484 quorum
1368 1430 1540 1484 utrique

190 1491 376 1530 mortem
408 1490 474 1529 est
506 1488 744 1542 minitatus,
775 1489 860 1530 nisi
893 1489 976 1530 sibi
1007 1489 1236 1530 hortorum
1268 1489 1540 1554 possessione

190 1545 440 1612 cessissent)
469 1570 524 1576 —
552 1546 624 1588 sed
646 1561 797 1588 ausum
818 1561 910 1588 esse
931 1547 977 1588 T.
998 1546 1205 1588 Furfanio
1226 1547 1379 1602 dicere,
1399 1547 1436 1589 si
1457 1547 1540 1589 sibi

188 1606 427 1660 pecuniam,
455 1608 661 1659 quantam
686 1609 956 1660 poposcerat,
981 1620 1069 1647 non
1095 1606 1294 1660 dedisset,
1320 1608 1539 1648 mortuum
1559 1617 1592 1644 85

190 1678 234 1705 se
272 1664 317 1705 in
355 1664 529 1705 domum
568 1664 659 1706 eius
691 1664 946 1719 inlaturum,
985 1679 1069 1719 qua
1100 1665 1262 1705 invidia
1292 1664 1394 1706 huic
1426 1667 1540 1706 esset

190 1722 268 1763 tali
288 1723 380 1764 viro
403 1723 774 1778 conflagrandum,
802 1723 875 1777 qui
895 1723 1087 1778 Appium
1106 1723 1299 1777 fratrem,
1319 1723 1540 1765 hominem

188 1781 295 1822 mihi
323 1782 601 1823 coniunctum
627 1781 838 1823 fidissima
864 1783 1018 1837 gratia,
1044 1782 1267 1823 absentem
1293 1782 1343 1822 de
1369 1796 1538 1836 posses-

188 1839 308 1881 sione
346 1839 468 1881 fundi
507 1840 679 1894 deiecit,
717 1840 791 1894 qui
828 1841 1040 1905 parietem
1076 1835 1136 1882 sic
1168 1855 1244 1894 per
1275 1840 1538 1882 vestibulum

188 1898 349 1939 sororis
382 1898 575 1940 instituit
607 1899 777 1953 ducere,
810 1899 872 1940 sic
905 1913 1031 1954 agere
1063 1898 1360 1952 fundamenta,
1392 1902 1441 1940 ut
1474 1913 1538 1941 so—
1557 1911 1591 1937 so

187 1971 328 1998 rorem
365 1971 453 1998 non
490 1957 617 1999 modo
657 1957 874 1999 vestibulo
913 1957 1123 2012 privaret,
1165 1957 1238 1998 sed
1270 1957 1386 1998 omni
1419 1957 1538 1998 aditu

188 2017 232 2055 et
264 2014 440 2056 limine?

278 2073 550 2128 Quamquam
574 2074 680 2116 haec
705 2074 909 2128 quidem
898 2089 984 2116 lam
1004 2075 1251 2116 tolerabilia
1271 2073 1538 2128 videbantur,

188 2131 271 2172 etsi
316 2133 602 2186 aequabiliter
644 2133 690 2174 in
734 2147 826 2174 rem
870 2133 1108 2188 publicam,
1152 2134 1197 2175 111
1236 2133 1446 2187 privatos,
1492 2132 1538 2173 in

186 2189 461 2255 longinquos,
488 2191 533 2232 in
558 2191 838 2245 propinquos,
864 2192 909 2232 in
930 2191 1104 2246 alienos,
1129 2206 1175 2232 m
1200 2205 1299 2232 suos
1326 2190 1537 2245 irruebat,
1556 2201 1590 2228 ³⁵

188 2247 261 2287 sed
281 2249 425 2290 nescio
448 2263 532 2303 quo
555 2250 713 2291 modo
703 2264 790 2291 13111
809 2264 890 2291 usu
911 2250 1174 2291 obduruerat
1194 2252 1237 2290 et
1250 2248 1538 2302 percalluerat

187 2304 378 2346 civitatis
428 2307 694 2349 incredibilis
743 2308 967 2362 patientia.
1042 2309 1159 2356 Quae
1209 2321 1308 2348 vero
1360 2306 1538 2348 aderant

116 2055 171 2096 28

129 2115 172 2145 76
