<?xml version="1.0" encoding="UTF-8"?>
<!DOCTYPE html PUBLIC "-//W3C//DTD XHTML 1.0 Transitional//EN"
    "http://www.w3.org/TR/xhtml1/DTD/xhtml1-transitional.dtd">
<html xmlns="http://www.w3.org/1999/xhtml" xml:lang="en" lang="en">
 <head>
  <title>
</title>
<meta http-equiv="Content-Type" content="text/html;charset=utf-8" />
  <meta name='ocr-system' content='tesseract 3.04.00' />
  <meta name='ocr-capabilities' content='ocr_page ocr_carea ocr_par ocr_line ocrx_word'/>
</head>
<body>
  <div class='ocr_page' id='page_1' title='image "./p3scriptaquaemanse02ciceuoft_0164.png"; bbox 0 0 1671 2543; ppageno 0'>
   <div class='ocr_carea' id='block_1_1' title="bbox 215 46 1350 96">
    <p class='ocr_par' dir='ltr' id='par_1_1' title="bbox 215 46 1350 96">
     <span class='ocr_line' id='line_1_1' title="bbox 215 46 1350 96; baseline 0.004 -10"><span class='ocrx_word' id='word_1_1' title='bbox 215 54 273 96; x_wconf 82' lang='lat'>24</span> <span class='ocrx_word' id='word_1_2' title='bbox 602 53 695 89; x_wconf 84' lang='lat' dir='ltr'>PRO</span> <span class='ocrx_word' id='word_1_3' title='bbox 721 54 761 89; x_wconf 88' lang='lat' dir='ltr'>P.</span> <span class='ocrx_word' id='word_1_4' title='bbox 790 53 952 89; x_wconf 77' lang='lat' dir='ltr'>sEsrio</span> <span class='ocrx_word' id='word_1_5' title='bbox 979 54 1170 91; x_wconf 80' lang='lat' dir='ltr'><strong>ORATIO.</strong></span> <span class='ocrx_word' id='word_1_6' title='bbox 1329 46 1350 62; x_wconf 83' lang='grc'>·</span> 
     </span>
    </p>
   </div>
   <div class='ocr_carea' id='block_1_2' title="bbox 156 161 1605 2321">
    <p class='ocr_par' dir='ltr' id='par_1_2' title="bbox 214 161 1553 273">
     <span class='ocr_line' id='line_1_2' title="bbox 215 161 1553 217; baseline 0 -13"><span class='ocrx_word' id='word_1_7' title='bbox 215 165 410 217; x_wconf 87' lang='lat' dir='ltr'>tempore</span> <span class='ocrx_word' id='word_1_8' title='bbox 448 162 609 204; x_wconf 89' lang='lat' dir='ltr'>doloris</span> <span class='ocrx_word' id='word_1_9' title='bbox 647 161 874 203; x_wconf 85' lang='lat' dir='ltr'>interiecto</span> <span class='ocrx_word' id='word_1_10' title='bbox 912 162 973 203; x_wconf 88' lang='lat' dir='ltr'>rei</span> <span class='ocrx_word' id='word_1_11' title='bbox 1004 162 1201 216; x_wconf 88' lang='lat' dir='ltr'>publicae</span> <span class='ocrx_word' id='word_1_12' title='bbox 1234 177 1336 205; x_wconf 86' lang='lat' dir='ltr'>voce</span> <span class='ocrx_word' id='word_1_13' title='bbox 1368 177 1459 204; x_wconf 86' lang='lat' dir='ltr'>esse</span> <span class='ocrx_word' id='word_1_14' title='bbox 1491 177 1553 205; x_wconf 88' lang='lat' dir='ltr'>re-</span> 
     </span>
     <span class='ocr_line' id='line_1_3' title="bbox 214 224 904 273; baseline -0.007 -10"><span class='ocrx_word' id='word_1_15' title='bbox 214 224 427 263; x_wconf 89' lang='lat' dir='ltr'>vocatum.</span> <span class='ocrx_word' id='word_1_16' title='bbox 899 269 904 273; x_wconf 72' lang='lat'><em>‚</em></span> 
     </span>
    </p>

    <p class='ocr_par' dir='ltr' id='par_1_3' title="bbox 156 278 1605 1738">
     <span class='ocr_line' id='line_1_4' title="bbox 306 278 1552 333; baseline 0.001 -13"><span class='ocrx_word' id='word_1_17' title='bbox 306 278 388 321; x_wconf 81' lang='lat' dir='ltr'>Sed</span> <span class='ocrx_word' id='word_1_18' title='bbox 419 282 468 320; x_wconf 90' lang='lat' dir='ltr'>ut</span> <span class='ocrx_word' id='word_1_19' title='bbox 499 282 688 320; x_wconf 88' lang='lat' dir='ltr'>revertar</span> <span class='ocrx_word' id='word_1_20' title='bbox 720 279 773 320; x_wconf 87' lang='lat' dir='ltr'>ad</span> <span class='ocrx_word' id='word_1_21' title='bbox 804 279 928 333; x_wconf 90' lang='lat' dir='ltr'>illud,</span> <span class='ocrx_word' id='word_1_22' title='bbox 965 280 1078 333; x_wconf 91' lang='lat' dir='ltr'>quod</span> <span class='ocrx_word' id='word_1_23' title='bbox 1109 280 1216 320; x_wconf 86' lang='lat' dir='ltr'>mihi</span> <span class='ocrx_word' id='word_1_24' title='bbox 1247 279 1292 320; x_wconf 90' lang='lat' dir='ltr'>in</span> <span class='ocrx_word' id='word_1_25' title='bbox 1322 279 1403 321; x_wconf 86' lang='lat' dir='ltr'>hac</span> <span class='ocrx_word' id='word_1_26' title='bbox 1436 280 1552 321; x_wconf 87' lang='lat' dir='ltr'>omni</span> 
     </span>
     <span class='ocr_line' id='line_1_5' title="bbox 215 338 1550 392; baseline 0 -13"><span class='ocrx_word' id='word_1_27' title='bbox 215 341 283 379; x_wconf 83' lang='lat' dir='ltr'>est</span> <span class='ocrx_word' id='word_1_28' title='bbox 333 338 526 379; x_wconf 88' lang='lat' dir='ltr'>oratione</span> <span class='ocrx_word' id='word_1_29' title='bbox 576 338 865 392; x_wconf 88' lang='lat' dir='ltr'>propositum,</span> <span class='ocrx_word' id='word_1_30' title='bbox 909 338 1107 379; x_wconf 89' lang='lat' dir='ltr'>omnibus</span> <span class='ocrx_word' id='word_1_31' title='bbox 1152 338 1276 378; x_wconf 89' lang='lat' dir='ltr'>malis</span> <span class='ocrx_word' id='word_1_32' title='bbox 1320 338 1395 379; x_wconf 89' lang='lat' dir='ltr'>illo</span> <span class='ocrx_word' id='word_1_33' title='bbox 1441 352 1550 379; x_wconf 88' lang='lat' dir='ltr'>anno</span> 
     </span>
     <span class='ocr_line' id='line_1_6' title="bbox 216 396 1605 451; baseline 0 -14"><span class='ocrx_word' id='word_1_34' title='bbox 216 396 373 438; x_wconf 88' lang='lat' dir='ltr'>scelere</span> <span class='ocrx_word' id='word_1_35' title='bbox 411 397 635 437; x_wconf 86' lang='lat' dir='ltr'>consulum</span> <span class='ocrx_word' id='word_1_36' title='bbox 673 411 763 437; x_wconf 92' lang='lat' dir='ltr'>rem</span> <span class='ocrx_word' id='word_1_37' title='bbox 800 396 1017 450; x_wconf 82' lang='lat' dir='ltr'>publicam</span> <span class='ocrx_word' id='word_1_38' title='bbox 1049 411 1141 437; x_wconf 88' lang='lat' dir='ltr'>esse</span> <span class='ocrx_word' id='word_1_39' title='bbox 1174 396 1430 451; x_wconf 83' lang='lat' dir='ltr'>confectam,</span> <span class='ocrx_word' id='word_1_40' title='bbox 1468 397 1551 451; x_wconf 87' lang='lat' dir='ltr'>pri·</span> <span class='ocrx_word' id='word_1_41' title='bbox 1587 417 1605 444; x_wconf 86' lang='lat'><strong>5</strong></span> 
     </span>
     <span class='ocr_line' id='line_1_7' title="bbox 215 454 1550 509; baseline 0.001 -14"><span class='ocrx_word' id='word_1_42' title='bbox 215 470 335 496; x_wconf 89' lang='lat' dir='ltr'>mum</span> <span class='ocrx_word' id='word_1_43' title='bbox 371 455 447 496; x_wconf 93' lang='lat' dir='ltr'>illo</span> <span class='ocrx_word' id='word_1_44' title='bbox 484 455 580 509; x_wconf 89' lang='lat' dir='ltr'>ipso</span> <span class='ocrx_word' id='word_1_45' title='bbox 619 455 703 508; x_wconf 91' lang='lat' dir='ltr'>die,</span> <span class='ocrx_word' id='word_1_46' title='bbox 742 455 815 508; x_wconf 91' lang='lat' dir='ltr'>qui</span> <span class='ocrx_word' id='word_1_47' title='bbox 846 455 953 495; x_wconf 89' lang='lat' dir='ltr'>mihi</span> <span class='ocrx_word' id='word_1_48' title='bbox 983 454 1179 496; x_wconf 88' lang='lat' dir='ltr'>funestus</span> <span class='ocrx_word' id='word_1_49' title='bbox 1211 455 1312 507; x_wconf 84' lang='lat' dir='ltr'>fuit,</span> <span class='ocrx_word' id='word_1_50' title='bbox 1351 455 1550 497; x_wconf 90' lang='lat' dir='ltr'>omnibus</span> 
     </span>
     <span class='ocr_line' id='line_1_8' title="bbox 217 513 1552 568; baseline 0.001 -14"><span class='ocrx_word' id='word_1_51' title='bbox 217 513 341 554; x_wconf 87' lang='lat' dir='ltr'>bonis</span> <span class='ocrx_word' id='word_1_52' title='bbox 373 514 608 567; x_wconf 89' lang='lat' dir='ltr'>luctuosus,</span> <span class='ocrx_word' id='word_1_53' title='bbox 641 528 737 555; x_wconf 87' lang='lat' dir='ltr'>cum</span> <span class='ocrx_word' id='word_1_54' title='bbox 769 527 848 568; x_wconf 81' lang='lat' dir='ltr'>ego</span> <span class='ocrx_word' id='word_1_55' title='bbox 878 528 944 554; x_wconf 89' lang='lat' dir='ltr'>me</span> <span class='ocrx_word' id='word_1_56' title='bbox 970 527 989 554; x_wconf 84' lang='grc'><strong>6</strong></span> <span class='ocrx_word' id='word_1_57' title='bbox 1015 514 1238 568; x_wconf 84' lang='lat' dir='ltr'>complexu</span> <span class='ocrx_word' id='word_1_58' title='bbox 1263 514 1428 567; x_wconf 85' lang='lat' dir='ltr'>patriae</span> <span class='ocrx_word' id='word_1_59' title='bbox 1456 528 1552 555; x_wconf 85' lang='lat' dir='ltr'>con-</span> 
     </span>
     <span class='ocr_line' id='line_1_9' title="bbox 215 572 1550 627; baseline -0.001 -14"><span class='ocrx_word' id='word_1_60' title='bbox 215 575 449 626; x_wconf 83' lang='lat' dir='ltr'>spectuque</span> <span class='ocrx_word' id='word_1_61' title='bbox 487 575 629 613; x_wconf 89' lang='lat' dir='ltr'>vestro</span> <span class='ocrx_word' id='word_1_62' title='bbox 669 572 921 625; x_wconf 84' lang='lat' dir='ltr'>eripuissem</span> <span class='ocrx_word' id='word_1_63' title='bbox 959 575 1001 613; x_wconf 93' lang='lat' dir='ltr'>et</span> <span class='ocrx_word' id='word_1_64' title='bbox 1040 576 1156 613; x_wconf 91' lang='lat' dir='ltr'>metu</span> <span class='ocrx_word' id='word_1_65' title='bbox 1193 572 1327 613; x_wconf 88' lang='lat' dir='ltr'>vestri</span> <span class='ocrx_word' id='word_1_66' title='bbox 1358 572 1550 627; x_wconf 88' lang='lat' dir='ltr'>periculi,</span> 
     </span>
     <span class='ocr_line' id='line_1_10' title="bbox 213 630 1551 685; baseline 0 -14"><span class='ocrx_word' id='word_1_67' title='bbox 213 645 301 671; x_wconf 89' lang='lat' dir='ltr'>non</span> <span class='ocrx_word' id='word_1_68' title='bbox 326 631 421 684; x_wconf 91' lang='lat' dir='ltr'>mei,</span> <span class='ocrx_word' id='word_1_69' title='bbox 452 630 588 672; x_wconf 87' lang='lat' dir='ltr'>furori</span> <span class='ocrx_word' id='word_1_70' title='bbox 614 630 813 684; x_wconf 86' lang='lat' dir='ltr'>hominis,</span> <span class='ocrx_word' id='word_1_71' title='bbox 846 631 1006 684; x_wconf 86' lang='lat' dir='ltr'>sceleri,</span> <span class='ocrx_word' id='word_1_72' title='bbox 1036 631 1252 685; x_wconf 88' lang='lat' dir='ltr'>perfidiae,</span> <span class='ocrx_word' id='word_1_73' title='bbox 1280 631 1378 672; x_wconf 89' lang='lat' dir='ltr'>telis</span> <span class='ocrx_word' id='word_1_74' title='bbox 1406 631 1551 672; x_wconf 85' lang='lat' dir='ltr'>minis-</span> 
     </span>
     <span class='ocr_line' id='line_1_11' title="bbox 216 689 1605 744; baseline 0 -14"><span class='ocrx_word' id='word_1_75' title='bbox 216 703 296 743; x_wconf 89' lang='lat' dir='ltr'>que</span> <span class='ocrx_word' id='word_1_76' title='bbox 330 689 556 730; x_wconf 83' lang='lat' dir='ltr'>cessissem</span> <span class='ocrx_word' id='word_1_77' title='bbox 586 689 876 744; x_wconf 71' lang='lat' dir='ltr'>patriamque,</span> <span class='ocrx_word' id='word_1_78' title='bbox 915 703 1021 743; x_wconf 90' lang='lat' dir='ltr'>quae</span> <span class='ocrx_word' id='word_1_79' title='bbox 1054 689 1161 730; x_wconf 89' lang='lat' dir='ltr'>mihi</span> <span class='ocrx_word' id='word_1_80' title='bbox 1193 693 1285 730; x_wconf 89' lang='lat' dir='ltr'>erat</span> <span class='ocrx_word' id='word_1_81' title='bbox 1318 689 1550 743; x_wconf 87' lang='lat' dir='ltr'>carissima,</span> <span class='ocrx_word' id='word_1_82' title='bbox 1571 711 1605 736; x_wconf 85' lang='lat'>10</span> 
     </span>
     <span class='ocr_line' id='line_1_12' title="bbox 212 747 1551 802; baseline 0.001 -14"><span class='ocrx_word' id='word_1_83' title='bbox 212 750 391 802; x_wconf 90' lang='lat' dir='ltr'>propter</span> <span class='ocrx_word' id='word_1_84' title='bbox 440 748 575 801; x_wconf 89' lang='lat' dir='ltr'>ipsius</span> <span class='ocrx_word' id='word_1_85' title='bbox 624 748 790 802; x_wconf 88' lang='lat' dir='ltr'>patriae</span> <span class='ocrx_word' id='word_1_86' title='bbox 841 748 1066 789; x_wconf 85' lang='lat' dir='ltr'>caritatem</span> <span class='ocrx_word' id='word_1_87' title='bbox 1115 747 1403 802; x_wconf 83' lang='lat' dir='ltr'>reliquissem,</span> <span class='ocrx_word' id='word_1_88' title='bbox 1453 762 1551 789; x_wconf 87' lang='lat' dir='ltr'>cum</span> 
     </span>
     <span class='ocr_line' id='line_1_13' title="bbox 214 806 1550 862; baseline 0 -15"><span class='ocrx_word' id='word_1_89' title='bbox 214 821 357 847; x_wconf 87' lang='lat' dir='ltr'>meum</span> <span class='ocrx_word' id='word_1_90' title='bbox 388 806 512 847; x_wconf 90' lang='lat' dir='ltr'>illum</span> <span class='ocrx_word' id='word_1_91' title='bbox 541 821 687 848; x_wconf 87' lang='lat' dir='ltr'>casum</span> <span class='ocrx_word' id='word_1_92' title='bbox 713 810 803 847; x_wconf 88' lang='lat' dir='ltr'>tam</span> <span class='ocrx_word' id='word_1_93' title='bbox 828 806 1092 860; x_wconf 73' lang='lat' dir='ltr'>horribilem,</span> <span class='ocrx_word' id='word_1_94' title='bbox 1124 809 1214 847; x_wconf 90' lang='lat' dir='ltr'>tam</span> <span class='ocrx_word' id='word_1_95' title='bbox 1241 820 1427 862; x_wconf 80' lang='lat' dir='ltr'>gravem,</span> <span class='ocrx_word' id='word_1_96' title='bbox 1460 809 1550 847; x_wconf 89' lang='lat' dir='ltr'>tam</span> 
     </span>
     <span class='ocr_line' id='line_1_14' title="bbox 214 865 1551 919; baseline 0.001 -14"><span class='ocrx_word' id='word_1_97' title='bbox 214 865 485 919; x_wconf 89' lang='lat' dir='ltr'>repentinum</span> <span class='ocrx_word' id='word_1_98' title='bbox 525 879 612 906; x_wconf 90' lang='lat' dir='ltr'>non</span> <span class='ocrx_word' id='word_1_99' title='bbox 650 865 790 906; x_wconf 89' lang='lat' dir='ltr'>solum</span> <span class='ocrx_word' id='word_1_100' title='bbox 827 865 1038 919; x_wconf 87' lang='lat' dir='ltr'>homines,</span> <span class='ocrx_word' id='word_1_101' title='bbox 1083 865 1156 906; x_wconf 88' lang='lat' dir='ltr'>sed</span> <span class='ocrx_word' id='word_1_102' title='bbox 1194 867 1309 906; x_wconf 82' lang='lat' dir='ltr'>tecta</span> <span class='ocrx_word' id='word_1_103' title='bbox 1344 865 1464 906; x_wconf 90' lang='lat' dir='ltr'>urbis</span> <span class='ocrx_word' id='word_1_104' title='bbox 1502 879 1551 906; x_wconf 85' lang='lat' dir='ltr'>ac</span> 
     </span>
     <span class='ocr_line' id='line_1_15' title="bbox 214 923 1550 978; baseline 0.001 -15"><span class='ocrx_word' id='word_1_105' title='bbox 214 923 377 977; x_wconf 86' lang='lat' dir='ltr'>templa</span> <span class='ocrx_word' id='word_1_106' title='bbox 407 924 622 978; x_wconf 80' lang='lat' dir='ltr'>lugerent,</span> <span class='ocrx_word' id='word_1_107' title='bbox 656 938 781 964; x_wconf 90' lang='lat' dir='ltr'>nemo</span> <span class='ocrx_word' id='word_1_108' title='bbox 817 927 1004 965; x_wconf 89' lang='lat' dir='ltr'>vestrum</span> <span class='ocrx_word' id='word_1_109' title='bbox 1035 923 1188 977; x_wconf 84' lang='lat' dir='ltr'>forum,</span> <span class='ocrx_word' id='word_1_110' title='bbox 1218 938 1343 964; x_wconf 90' lang='lat' dir='ltr'>nemo</span> <span class='ocrx_word' id='word_1_111' title='bbox 1377 923 1550 978; x_wconf 87' lang='lat' dir='ltr'>curiam,</span> 
     </span>
     <span class='ocr_line' id='line_1_16' title="bbox 212 982 1604 1036; baseline 0 -14"><span class='ocrx_word' id='word_1_112' title='bbox 212 996 337 1023; x_wconf 89' lang='lat' dir='ltr'>nemo</span> <span class='ocrx_word' id='word_1_113' title='bbox 359 982 497 1023; x_wconf 85' lang='lat' dir='ltr'>lucem</span> <span class='ocrx_word' id='word_1_114' title='bbox 521 982 710 1036; x_wconf 79' lang='lat' dir='ltr'>aspicere</span> <span class='ocrx_word' id='word_1_115' title='bbox 730 982 877 1023; x_wconf 89' lang='lat' dir='ltr'>vellet:</span> <span class='ocrx_word' id='word_1_116' title='bbox 897 983 985 1036; x_wconf 91' lang='lat' dir='ltr'>illo,</span> <span class='ocrx_word' id='word_1_117' title='bbox 1005 982 1192 1036; x_wconf 87' lang='lat' dir='ltr'>inquam,</span> <span class='ocrx_word' id='word_1_118' title='bbox 1211 982 1306 1036; x_wconf 89' lang='lat' dir='ltr'>ipso</span> <span class='ocrx_word' id='word_1_119' title='bbox 1326 982 1393 1023; x_wconf 91' lang='lat' dir='ltr'>die</span> <span class='ocrx_word' id='word_1_120' title='bbox 1416 1006 1466 1011; x_wconf 94' lang='lat'><strong>—</strong></span> <span class='ocrx_word' id='word_1_121' title='bbox 1484 982 1550 1023; x_wconf 88' lang='lat' dir='ltr'>die</span> <span class='ocrx_word' id='word_1_122' title='bbox 1571 1003 1604 1029; x_wconf 79' lang='lat'>15</span> 
     </span>
     <span class='ocr_line' id='line_1_17' title="bbox 213 1040 1551 1095; baseline 0.001 -14"><span class='ocrx_word' id='word_1_123' title='bbox 213 1040 320 1093; x_wconf 85' lang='lat' dir='ltr'>dico,</span> <span class='ocrx_word' id='word_1_124' title='bbox 352 1041 484 1081; x_wconf 88' lang='lat' dir='ltr'>immo</span> <span class='ocrx_word' id='word_1_125' title='bbox 517 1041 624 1081; x_wconf 90' lang='lat' dir='ltr'>hora</span> <span class='ocrx_word' id='word_1_126' title='bbox 656 1044 784 1095; x_wconf 90' lang='lat' dir='ltr'>atque</span> <span class='ocrx_word' id='word_1_127' title='bbox 817 1041 946 1081; x_wconf 86' lang='lat' dir='ltr'>etiam</span> <span class='ocrx_word' id='word_1_128' title='bbox 978 1044 1137 1095; x_wconf 89' lang='lat' dir='ltr'>puncto</span> <span class='ocrx_word' id='word_1_129' title='bbox 1167 1041 1374 1094; x_wconf 89' lang='lat' dir='ltr'>temporis</span> <span class='ocrx_word' id='word_1_130' title='bbox 1402 1041 1551 1082; x_wconf 88' lang='lat' dir='ltr'>eodem</span> 
     </span>
     <span class='ocr_line' id='line_1_18' title="bbox 213 1098 1551 1153; baseline 0.001 -14"><span class='ocrx_word' id='word_1_131' title='bbox 213 1099 320 1139; x_wconf 88' lang='lat' dir='ltr'>mihi</span> <span class='ocrx_word' id='word_1_132' title='bbox 352 1099 498 1153; x_wconf 88' lang='lat' dir='ltr'>reique</span> <span class='ocrx_word' id='word_1_133' title='bbox 523 1099 720 1153; x_wconf 87' lang='lat' dir='ltr'>publicae</span> <span class='ocrx_word' id='word_1_134' title='bbox 746 1100 969 1153; x_wconf 76' lang='lat' dir='ltr'>pernicies,</span> <span class='ocrx_word' id='word_1_135' title='bbox 1003 1098 1187 1140; x_wconf 81' lang='lat' dir='ltr'>Gabinio</span> <span class='ocrx_word' id='word_1_136' title='bbox 1214 1102 1257 1140; x_wconf 89' lang='lat' dir='ltr'>et</span> <span class='ocrx_word' id='word_1_137' title='bbox 1283 1099 1431 1141; x_wconf 87' lang='lat' dir='ltr'>Pisoni</span> <span class='ocrx_word' id='word_1_138' title='bbox 1456 1114 1551 1153; x_wconf 91' lang='lat' dir='ltr'>pro-</span> 
     </span>
     <span class='ocr_line' id='line_1_19' title="bbox 212 1157 1551 1212; baseline 0.001 -15"><span class='ocrx_word' id='word_1_139' title='bbox 212 1157 353 1198; x_wconf 85' lang='lat' dir='ltr'>vincia</span> <span class='ocrx_word' id='word_1_140' title='bbox 397 1160 550 1212; x_wconf 80' lang='lat' dir='ltr'>rogata</span> <span class='ocrx_word' id='word_1_141' title='bbox 594 1160 671 1198; x_wconf 89' lang='lat' dir='ltr'>est.</span> <span class='ocrx_word' id='word_1_142' title='bbox 731 1157 816 1198; x_wconf 88' lang='lat' dir='ltr'>Pro</span> <span class='ocrx_word' id='word_1_143' title='bbox 861 1158 927 1198; x_wconf 88' lang='lat' dir='ltr'>dei</span> <span class='ocrx_word' id='word_1_144' title='bbox 964 1158 1230 1199; x_wconf 88' lang='lat' dir='ltr'>immortales</span> <span class='ocrx_word' id='word_1_145' title='bbox 1269 1158 1468 1199; x_wconf 75' lang='lat' dir='ltr'>custodes</span> <span class='ocrx_word' id='word_1_146' title='bbox 1507 1161 1551 1199; x_wconf 90' lang='lat' dir='ltr'>et</span> 
     </span>
     <span class='ocr_line' id='line_1_20' title="bbox 214 1216 1548 1270; baseline 0 -14"><span class='ocrx_word' id='word_1_147' title='bbox 214 1218 536 1257; x_wconf 71' lang='lat' dir='ltr'>conservatores</span> <span class='ocrx_word' id='word_1_148' title='bbox 568 1216 694 1256; x_wconf 90' lang='lat' dir='ltr'>huius</span> <span class='ocrx_word' id='word_1_149' title='bbox 726 1216 845 1256; x_wconf 88' lang='lat' dir='ltr'>urbis</span> <span class='ocrx_word' id='word_1_150' title='bbox 872 1219 1001 1270; x_wconf 87' lang='lat' dir='ltr'>atque</span> <span class='ocrx_word' id='word_1_151' title='bbox 1027 1216 1208 1270; x_wconf 89' lang='lat' dir='ltr'>imperii,</span> <span class='ocrx_word' id='word_1_152' title='bbox 1241 1230 1450 1270; x_wconf 85' lang='lat' dir='ltr'>quaenam</span> <span class='ocrx_word' id='word_1_153' title='bbox 1474 1216 1548 1257; x_wconf 83' lang='lat' dir='ltr'>illa</span> 
     </span>
     <span class='ocr_line' id='line_1_21' title="bbox 212 1272 1603 1328; baseline -0.001 -12"><span class='ocrx_word' id='word_1_154' title='bbox 212 1274 257 1316; x_wconf 89' lang='lat' dir='ltr'>in</span> <span class='ocrx_word' id='word_1_155' title='bbox 297 1288 342 1314; x_wconf 88' lang='lat' dir='ltr'>re</span> <span class='ocrx_word' id='word_1_156' title='bbox 379 1274 552 1328; x_wconf 86' lang='lat' dir='ltr'>publica</span> <span class='ocrx_word' id='word_1_157' title='bbox 588 1277 799 1327; x_wconf 91' lang='lat' dir='ltr'>monstra,</span> <span class='ocrx_word' id='word_1_158' title='bbox 844 1289 950 1328; x_wconf 90' lang='lat' dir='ltr'>quae</span> <span class='ocrx_word' id='word_1_159' title='bbox 990 1275 1150 1315; x_wconf 86' lang='lat' dir='ltr'>scelera</span> <span class='ocrx_word' id='word_1_160' title='bbox 1186 1274 1373 1315; x_wconf 81' lang='lat' dir='ltr'>vidistis!</span> <span class='ocrx_word' id='word_1_161' title='bbox 1431 1272 1548 1316; x_wconf 85' lang='lat' dir='ltr'>Civis</span> <span class='ocrx_word' id='word_1_162' title='bbox 1568 1296 1603 1321; x_wconf 81' lang='lat'>20</span> 
     </span>
     <span class='ocr_line' id='line_1_22' title="bbox 213 1332 1549 1386; baseline 0.001 -14"><span class='ocrx_word' id='word_1_163' title='bbox 213 1335 306 1373; x_wconf 88' lang='lat' dir='ltr'>erat</span> <span class='ocrx_word' id='word_1_164' title='bbox 332 1333 532 1386; x_wconf 84' lang='lat' dir='ltr'>expulsus</span> <span class='ocrx_word' id='word_1_165' title='bbox 558 1332 607 1385; x_wconf 90' lang='lat' dir='ltr'>is,</span> <span class='ocrx_word' id='word_1_166' title='bbox 635 1333 707 1386; x_wconf 88' lang='lat' dir='ltr'>qui</span> <span class='ocrx_word' id='word_1_167' title='bbox 732 1347 823 1373; x_wconf 89' lang='lat' dir='ltr'>rem</span> <span class='ocrx_word' id='word_1_168' title='bbox 847 1332 1064 1386; x_wconf 84' lang='lat' dir='ltr'>publicam</span> <span class='ocrx_word' id='word_1_169' title='bbox 1091 1347 1142 1373; x_wconf 84' lang='lat' dir='ltr'>ex</span> <span class='ocrx_word' id='word_1_170' title='bbox 1168 1335 1341 1374; x_wconf 90' lang='lat' dir='ltr'>senatus</span> <span class='ocrx_word' id='word_1_171' title='bbox 1365 1333 1549 1374; x_wconf 86' lang='lat' dir='ltr'>auctori-</span> 
     </span>
     <span class='ocr_line' id='line_1_23' title="bbox 213 1391 1550 1445; baseline 0.001 -14"><span class='ocrx_word' id='word_1_172' title='bbox 213 1393 302 1431; x_wconf 88' lang='lat' dir='ltr'>tate</span> <span class='ocrx_word' id='word_1_173' title='bbox 335 1405 432 1431; x_wconf 88' lang='lat' dir='ltr'>cum</span> <span class='ocrx_word' id='word_1_174' title='bbox 465 1391 662 1431; x_wconf 90' lang='lat' dir='ltr'>omnibus</span> <span class='ocrx_word' id='word_1_175' title='bbox 696 1391 820 1432; x_wconf 88' lang='lat' dir='ltr'>bonis</span> <span class='ocrx_word' id='word_1_176' title='bbox 853 1391 1115 1444; x_wconf 81' lang='lat' dir='ltr'>defenderat,</span> <span class='ocrx_word' id='word_1_177' title='bbox 1153 1394 1196 1432; x_wconf 92' lang='lat' dir='ltr'>et</span> <span class='ocrx_word' id='word_1_178' title='bbox 1228 1392 1430 1445; x_wconf 86' lang='lat' dir='ltr'>expulsus</span> <span class='ocrx_word' id='word_1_179' title='bbox 1462 1406 1550 1433; x_wconf 91' lang='lat' dir='ltr'>non</span> 
     </span>
     <span class='ocr_line' id='line_1_24' title="bbox 214 1448 1548 1504; baseline 0.001 -15"><span class='ocrx_word' id='word_1_180' title='bbox 214 1449 298 1489; x_wconf 89' lang='lat' dir='ltr'>alio</span> <span class='ocrx_word' id='word_1_181' title='bbox 326 1448 481 1502; x_wconf 88' lang='lat' dir='ltr'>aliquo,</span> <span class='ocrx_word' id='word_1_182' title='bbox 508 1449 581 1489; x_wconf 89' lang='lat' dir='ltr'>sed</span> <span class='ocrx_word' id='word_1_183' title='bbox 607 1464 656 1490; x_wconf 91' lang='lat' dir='ltr'>eo</span> <span class='ocrx_word' id='word_1_184' title='bbox 682 1449 776 1502; x_wconf 92' lang='lat' dir='ltr'>ipso</span> <span class='ocrx_word' id='word_1_185' title='bbox 805 1450 992 1490; x_wconf 88' lang='lat' dir='ltr'>crimine.</span> <span class='ocrx_word' id='word_1_186' title='bbox 1041 1449 1149 1490; x_wconf 85' lang='lat' dir='ltr'>Erat</span> <span class='ocrx_word' id='word_1_187' title='bbox 1176 1452 1321 1490; x_wconf 89' lang='lat' dir='ltr'>autem</span> <span class='ocrx_word' id='word_1_188' title='bbox 1347 1450 1548 1504; x_wconf 86' lang='lat' dir='ltr'>expulsus</span> 
     </span>
     <span class='ocr_line' id='line_1_25' title="bbox 214 1507 1548 1563; baseline 0.002 -16"><span class='ocrx_word' id='word_1_189' title='bbox 214 1507 304 1548; x_wconf 90' lang='lat' dir='ltr'>sine</span> <span class='ocrx_word' id='word_1_190' title='bbox 337 1507 505 1561; x_wconf 76' lang='lat' dir='ltr'>iudicio,</span> <span class='ocrx_word' id='word_1_191' title='bbox 537 1507 590 1560; x_wconf 91' lang='lat' dir='ltr'>vi,</span> <span class='ocrx_word' id='word_1_192' title='bbox 621 1508 848 1561; x_wconf 86' lang='lat' dir='ltr'>lapidibus,</span> <span class='ocrx_word' id='word_1_193' title='bbox 879 1508 1005 1562; x_wconf 83' lang='lat' dir='ltr'>ferro,</span> <span class='ocrx_word' id='word_1_194' title='bbox 1038 1509 1212 1549; x_wconf 87' lang='lat' dir='ltr'>servitio</span> <span class='ocrx_word' id='word_1_195' title='bbox 1244 1508 1425 1563; x_wconf 88' lang='lat' dir='ltr'>denique</span> <span class='ocrx_word' id='word_1_196' title='bbox 1453 1523 1548 1550; x_wconf 87' lang='lat' dir='ltr'>con-</span> 
     </span>
     <span class='ocr_line' id='line_1_26' title="bbox 213 1566 1602 1619; baseline 0.002 -14"><span class='ocrx_word' id='word_1_197' title='bbox 213 1566 365 1619; x_wconf 76' lang='lat' dir='ltr'>citat03</span> <span class='ocrx_word' id='word_1_198' title='bbox 396 1566 465 1606; x_wconf 85' lang='lat' dir='ltr'>lex</span> <span class='ocrx_word' id='word_1_199' title='bbox 496 1568 588 1606; x_wconf 88' lang='lat' dir='ltr'>erat</span> <span class='ocrx_word' id='word_1_200' title='bbox 619 1566 709 1606; x_wconf 90' lang='lat' dir='ltr'>lata</span> <span class='ocrx_word' id='word_1_201' title='bbox 739 1569 908 1607; x_wconf 89' lang='lat' dir='ltr'>vastato</span> <span class='ocrx_word' id='word_1_202' title='bbox 942 1581 990 1608; x_wconf 90' lang='lat' dir='ltr'>ac</span> <span class='ocrx_word' id='word_1_203' title='bbox 1016 1567 1165 1607; x_wconf 88' lang='lat' dir='ltr'>relicto</span> <span class='ocrx_word' id='word_1_204' title='bbox 1192 1566 1285 1608; x_wconf 86' lang='lat' dir='ltr'>foro</span> <span class='ocrx_word' id='word_1_205' title='bbox 1313 1569 1355 1607; x_wconf 90' lang='lat' dir='ltr'>et</span> <span class='ocrx_word' id='word_1_206' title='bbox 1381 1567 1547 1608; x_wconf 87' lang='lat' dir='ltr'>sicariis</span> <span class='ocrx_word' id='word_1_207' title='bbox 1567 1587 1602 1613; x_wconf 76' lang='lat'>25</span> 
     </span>
     <span class='ocr_line' id='line_1_27' title="bbox 214 1624 1549 1680; baseline 0.002 -16"><span class='ocrx_word' id='word_1_208' title='bbox 214 1624 431 1677; x_wconf 89' lang='lat' dir='ltr'>servisque</span> <span class='ocrx_word' id='word_1_209' title='bbox 463 1625 642 1678; x_wconf 93' lang='lat' dir='ltr'>tradito,</span> <span class='ocrx_word' id='word_1_210' title='bbox 680 1628 722 1665; x_wconf 89' lang='lat' dir='ltr'>et</span> <span class='ocrx_word' id='word_1_211' title='bbox 754 1639 803 1665; x_wconf 92' lang='lat' dir='ltr'>ea</span> <span class='ocrx_word' id='word_1_212' title='bbox 834 1625 918 1679; x_wconf 88' lang='lat' dir='ltr'>lex,</span> <span class='ocrx_word' id='word_1_213' title='bbox 951 1640 1057 1678; x_wconf 89' lang='lat' dir='ltr'>quae</span> <span class='ocrx_word' id='word_1_214' title='bbox 1088 1628 1137 1666; x_wconf 90' lang='lat' dir='ltr'>ut</span> <span class='ocrx_word' id='word_1_215' title='bbox 1167 1640 1220 1666; x_wconf 89' lang='lat' dir='ltr'>ne</span> <span class='ocrx_word' id='word_1_216' title='bbox 1253 1625 1455 1680; x_wconf 88' lang='lat' dir='ltr'>ferretur,</span> <span class='ocrx_word' id='word_1_217' title='bbox 1488 1640 1549 1667; x_wconf 89' lang='lat' dir='ltr'>se-</span> 
     </span>
     <span class='ocr_line' id='line_1_28' title="bbox 156 1682 1547 1738; baseline 0 -13"><span class='ocrx_word' id='word_1_218' title='bbox 156 1685 341 1727; x_wconf 87' lang='lat' dir='ltr'>54natus</span> <span class='ocrx_word' id='word_1_219' title='bbox 378 1682 519 1723; x_wconf 81' lang='lat' dir='ltr'>fuerat</span> <span class='ocrx_word' id='word_1_220' title='bbox 555 1686 674 1724; x_wconf 89' lang='lat' dir='ltr'>veste</span> <span class='ocrx_word' id='word_1_221' title='bbox 707 1686 884 1724; x_wconf 86' lang='lat' dir='ltr'>mutata.</span> <span class='ocrx_word' id='word_1_222' title='bbox 946 1683 1039 1725; x_wconf 88' lang='lat' dir='ltr'>Hac</span> <span class='ocrx_word' id='word_1_223' title='bbox 1071 1686 1194 1724; x_wconf 88' lang='lat' dir='ltr'>tanta</span> <span class='ocrx_word' id='word_1_224' title='bbox 1224 1684 1547 1738; x_wconf 83' lang='lat' dir='ltr'>perturbatione</span> 
     </span>
    </p>

    <p class='ocr_par' dir='ltr' id='par_1_4' title="bbox 212 1741 1602 2321">
     <span class='ocr_line' id='line_1_29' title="bbox 214 1741 1547 1795; baseline 0.002 -13"><span class='ocrx_word' id='word_1_225' title='bbox 214 1741 403 1782; x_wconf 87' lang='lat' dir='ltr'>civitatis</span> <span class='ocrx_word' id='word_1_226' title='bbox 428 1755 481 1781; x_wconf 92' lang='lat' dir='ltr'>ne</span> <span class='ocrx_word' id='word_1_227' title='bbox 506 1744 678 1782; x_wconf 87' lang='lat' dir='ltr'>noctem</span> <span class='ocrx_word' id='word_1_228' title='bbox 705 1742 875 1795; x_wconf 90' lang='lat' dir='ltr'>quidem</span> <span class='ocrx_word' id='word_1_229' title='bbox 898 1743 1093 1783; x_wconf 87' lang='lat' dir='ltr'>consules</span> <span class='ocrx_word' id='word_1_230' title='bbox 1115 1743 1227 1783; x_wconf 88' lang='lat' dir='ltr'>inter</span> <span class='ocrx_word' id='word_1_231' title='bbox 1248 1757 1390 1784; x_wconf 90' lang='lat' dir='ltr'>meum</span> <span class='ocrx_word' id='word_1_232' title='bbox 1409 1744 1547 1784; x_wconf 69' lang='lat' dir='ltr'>interi-</span> 
     </span>
     <span class='ocr_line' id='line_1_30' title="bbox 214 1801 1547 1855; baseline 0.002 -15"><span class='ocrx_word' id='word_1_233' title='bbox 214 1803 299 1841; x_wconf 73' lang='lat' dir='ltr'>tum</span> <span class='ocrx_word' id='word_1_234' title='bbox 343 1802 385 1840; x_wconf 88' lang='lat' dir='ltr'>et</span> <span class='ocrx_word' id='word_1_235' title='bbox 429 1814 551 1840; x_wconf 90' lang='lat' dir='ltr'>suam</span> <span class='ocrx_word' id='word_1_236' title='bbox 594 1801 795 1854; x_wconf 85' lang='lat' dir='ltr'>praedam</span> <span class='ocrx_word' id='word_1_237' title='bbox 835 1801 1041 1841; x_wconf 87' lang='lat' dir='ltr'>interesse</span> <span class='ocrx_word' id='word_1_238' title='bbox 1080 1801 1194 1855; x_wconf 84' lang='lat' dir='ltr'>passi</span> <span class='ocrx_word' id='word_1_239' title='bbox 1235 1804 1353 1855; x_wconf 81' lang='lat' dir='ltr'>sunt3</span> <span class='ocrx_word' id='word_1_240' title='bbox 1397 1801 1547 1842; x_wconf 90' lang='lat' dir='ltr'>statim</span> 
     </span>
     <span class='ocr_line' id='line_1_31' title="bbox 212 1858 1602 1914; baseline 0.001 -15"><span class='ocrx_word' id='word_1_241' title='bbox 212 1872 280 1899; x_wconf 90' lang='lat' dir='ltr'>me</span> <span class='ocrx_word' id='word_1_242' title='bbox 312 1859 507 1911; x_wconf 85' lang='lat' dir='ltr'>perculso</span> <span class='ocrx_word' id='word_1_243' title='bbox 540 1858 592 1899; x_wconf 90' lang='lat' dir='ltr'>ad</span> <span class='ocrx_word' id='word_1_244' title='bbox 624 1859 1050 1914; x_wconf 14' lang='lat' dir='ltr'>meumrsanguinem</span> <span class='ocrx_word' id='word_1_245' title='bbox 1081 1860 1362 1900; x_wconf 85' lang='lat' dir='ltr'>hauriendum</span> <span class='ocrx_word' id='word_1_246' title='bbox 1393 1862 1436 1900; x_wconf 86' lang='lat' dir='ltr'>et</span> <span class='ocrx_word' id='word_1_247' title='bbox 1466 1860 1547 1914; x_wconf 87' lang='lat' dir='ltr'>spi-</span> <span class='ocrx_word' id='word_1_248' title='bbox 1567 1879 1602 1904; x_wconf 80' lang='lat'>30</span> 
     </span>
     <span class='ocr_line' id='line_1_32' title="bbox 213 1916 1548 1971; baseline 0.002 -15"><span class='ocrx_word' id='word_1_249' title='bbox 213 1919 335 1957; x_wconf 89' lang='lat' dir='ltr'>rante</span> <span class='ocrx_word' id='word_1_250' title='bbox 367 1916 499 1957; x_wconf 86' lang='lat' dir='ltr'>etiam</span> <span class='ocrx_word' id='word_1_251' title='bbox 530 1931 575 1957; x_wconf 89' lang='lat' dir='ltr'>re</span> <span class='ocrx_word' id='word_1_252' title='bbox 607 1918 780 1970; x_wconf 87' lang='lat' dir='ltr'>publica</span> <span class='ocrx_word' id='word_1_253' title='bbox 812 1918 864 1958; x_wconf 87' lang='lat' dir='ltr'>ad</span> <span class='ocrx_word' id='word_1_254' title='bbox 896 1918 985 1959; x_wconf 89' lang='lat' dir='ltr'>eius</span> <span class='ocrx_word' id='word_1_255' title='bbox 1018 1919 1158 1971; x_wconf 88' lang='lat' dir='ltr'>spolia</span> <span class='ocrx_word' id='word_1_256' title='bbox 1189 1918 1448 1958; x_wconf 88' lang='lat' dir='ltr'>detrahenda</span> <span class='ocrx_word' id='word_1_257' title='bbox 1480 1919 1548 1959; x_wconf 87' lang='lat' dir='ltr'>ad-</span> 
     </span>
     <span class='ocr_line' id='line_1_33' title="bbox 213 1974 1547 2031; baseline 0.001 -16"><span class='ocrx_word' id='word_1_258' title='bbox 213 1975 476 2015; x_wconf 88' lang='lat' dir='ltr'>volaverunt.</span> <span class='ocrx_word' id='word_1_259' title='bbox 527 1974 694 2016; x_wconf 87' lang='lat' dir='ltr'>Omitto</span> <span class='ocrx_word' id='word_1_260' title='bbox 721 1976 1048 2030; x_wconf 84' lang='lat' dir='ltr'>gratulationes,</span> <span class='ocrx_word' id='word_1_261' title='bbox 1080 1976 1239 2031; x_wconf 88' lang='lat' dir='ltr'>epulas,</span> <span class='ocrx_word' id='word_1_262' title='bbox 1267 1976 1547 2030; x_wconf 86' lang='lat' dir='ltr'>partitionem</span> 
     </span>
     <span class='ocr_line' id='line_1_34' title="bbox 215 2033 1547 2089; baseline 0.002 -16"><span class='ocrx_word' id='word_1_263' title='bbox 215 2033 386 2086; x_wconf 88' lang='lat' dir='ltr'>aerarii,</span> <span class='ocrx_word' id='word_1_264' title='bbox 417 2034 641 2086; x_wconf 83' lang='lat' dir='ltr'>beneficia,</span> <span class='ocrx_word' id='word_1_265' title='bbox 673 2048 805 2088; x_wconf 87' lang='lat' dir='ltr'>spem,</span> <span class='ocrx_word' id='word_1_266' title='bbox 836 2035 1060 2089; x_wconf 90' lang='lat' dir='ltr'>promissa,</span> <span class='ocrx_word' id='word_1_267' title='bbox 1091 2034 1303 2089; x_wconf 90' lang='lat' dir='ltr'>praedam,</span> <span class='ocrx_word' id='word_1_268' title='bbox 1334 2034 1547 2075; x_wconf 87' lang='lat' dir='ltr'>laetitiam</span> 
     </span>
     <span class='ocr_line' id='line_1_35' title="bbox 213 2092 1548 2148; baseline 0.002 -17"><span class='ocrx_word' id='word_1_269' title='bbox 213 2105 448 2144; x_wconf 84' lang='lat' dir='ltr'>paucorum</span> <span class='ocrx_word' id='word_1_270' title='bbox 495 2092 541 2133; x_wconf 87' lang='lat' dir='ltr'>in</span> <span class='ocrx_word' id='word_1_271' title='bbox 589 2093 709 2133; x_wconf 88' lang='lat' dir='ltr'>luctu</span> <span class='ocrx_word' id='word_1_272' title='bbox 759 2093 968 2148; x_wconf 71' lang='lat' dir='ltr'>omnium,</span> <span class='ocrx_word' id='word_1_273' title='bbox 1016 2094 1250 2134; x_wconf 85' lang='lat' dir='ltr'>vexabatur</span> <span class='ocrx_word' id='word_1_274' title='bbox 1292 2107 1399 2133; x_wconf 83' lang='lat' dir='ltr'>uxor</span> <span class='ocrx_word' id='word_1_275' title='bbox 1442 2108 1548 2147; x_wconf 89' lang='lat' dir='ltr'>mea,</span> 
     </span>
     <span class='ocr_line' id='line_1_36' title="bbox 213 2148 1600 2206; baseline 0.003 -18"><span class='ocrx_word' id='word_1_276' title='bbox 213 2148 339 2189; x_wconf 88' lang='lat' dir='ltr'>liberi</span> <span class='ocrx_word' id='word_1_277' title='bbox 377 2150 428 2189; x_wconf 92' lang='lat' dir='ltr'>ad</span> <span class='ocrx_word' id='word_1_278' title='bbox 465 2164 612 2191; x_wconf 85' lang='lat' dir='ltr'>necem</span> <span class='ocrx_word' id='word_1_279' title='bbox 645 2151 977 2205; x_wconf 87' lang='lat' dir='ltr'>quaerebantur,</span> <span class='ocrx_word' id='word_1_280' title='bbox 1014 2165 1161 2206; x_wconf 81' lang='lat' dir='ltr'>gener,</span> <span class='ocrx_word' id='word_1_281' title='bbox 1199 2153 1242 2191; x_wconf 90' lang='lat' dir='ltr'>et</span> <span class='ocrx_word' id='word_1_282' title='bbox 1273 2149 1374 2191; x_wconf 91' lang='lat' dir='ltr'>Piso</span> <span class='ocrx_word' id='word_1_283' title='bbox 1406 2165 1547 2206; x_wconf 83' lang='lat' dir='ltr'>gener,</span> <span class='ocrx_word' id='word_1_284' title='bbox 1566 2170 1600 2196; x_wconf 83' lang='lat'>35</span> 
     </span>
     <span class='ocr_line' id='line_1_37' title="bbox 215 2206 1547 2263; baseline 0.004 -17"><span class='ocrx_word' id='word_1_285' title='bbox 215 2221 240 2247; x_wconf 87' lang='lat' dir='ltr'>a</span> <span class='ocrx_word' id='word_1_286' title='bbox 269 2206 440 2248; x_wconf 87' lang='lat' dir='ltr'>Pisonis</span> <span class='ocrx_word' id='word_1_287' title='bbox 480 2209 666 2250; x_wconf 90' lang='lat' dir='ltr'>consulis</span> <span class='ocrx_word' id='word_1_288' title='bbox 700 2209 880 2263; x_wconf 88' lang='lat' dir='ltr'>pedibus</span> <span class='ocrx_word' id='word_1_289' title='bbox 913 2210 1093 2263; x_wconf 84' lang='lat' dir='ltr'>supplex</span> <span class='ocrx_word' id='word_1_290' title='bbox 1124 2208 1396 2263; x_wconf 88' lang='lat' dir='ltr'>reiciebatur,</span> <span class='ocrx_word' id='word_1_291' title='bbox 1435 2210 1547 2251; x_wconf 89' lang='lat' dir='ltr'>bona</span> 
     </span>
     <span class='ocr_line' id='line_1_38' title="bbox 214 2264 1546 2321; baseline 0.004 -17"><span class='ocrx_word' id='word_1_292' title='bbox 214 2264 527 2319; x_wconf 87' lang='lat' dir='ltr'>diripiebantur</span> <span class='ocrx_word' id='word_1_293' title='bbox 564 2281 696 2321; x_wconf 88' lang='lat' dir='ltr'>eaque</span> <span class='ocrx_word' id='word_1_294' title='bbox 729 2267 781 2309; x_wconf 92' lang='lat' dir='ltr'>ad</span> <span class='ocrx_word' id='word_1_295' title='bbox 813 2268 1008 2309; x_wconf 88' lang='lat' dir='ltr'>consules</span> <span class='ocrx_word' id='word_1_296' title='bbox 1041 2267 1357 2320; x_wconf 86' lang='lat' dir='ltr'>deferebantur,</span> <span class='ocrx_word' id='word_1_297' title='bbox 1395 2267 1546 2309; x_wconf 89' lang='lat' dir='ltr'>domus</span> 
     </span>
    </p>
   </div>
   <div class='ocr_carea' id='block_1_3' title="bbox 144 257 202 348">
    <p class='ocr_par' dir='ltr' id='par_1_5' title="bbox 144 257 202 348">
     <span class='ocr_line' id='line_1_39' title="bbox 144 257 202 298; baseline 0 0"><span class='ocrx_word' id='word_1_298' title='bbox 144 257 202 298; x_wconf 79' lang='lat'>24</span> 
     </span>
     <span class='ocr_line' id='line_1_40' title="bbox 156 317 201 348; baseline 0 0"><span class='ocrx_word' id='word_1_299' title='bbox 156 317 201 348; x_wconf 87' lang='lat'>53</span> 
     </span>
    </p>
   </div>
  </div>
 </body>
</html>
