1671 2543
157 97 244 138 550
310 96 358 131 IN
387 97 424 131 M
461 97 721 132 ANTONIUM
748 96 923 132 ORATIO
950 96 1216 132 PHILIPPICA
1242 97 1338 132 XIII.

158 219 254 246 cum
299 207 389 245 tam
432 205 503 259 pio
549 205 747 259 iustoque
791 203 975 246 foedere!
1045 204 1088 246 Is
1131 205 1260 246 etiam
1299 204 1494 259 queritur

158 262 427 304 condiciones
466 277 565 304 suas
604 263 866 317 repudiatas,
905 277 1063 317 aequas
1102 263 1271 318 quidem
1306 265 1348 305 et
1379 277 1493 305 vere-

158 322 336 375 cundas,
371 325 420 362 ut
457 322 636 363 haberet
673 321 859 363 Galliam
896 322 1095 363 ultimam
1133 322 1402 376 aptissimam
1439 321 1492 363 ad

158 379 317 421 bellum
362 380 651 422 renovandum
695 380 1074 435 instruendumque
1117 380 1400 435 provinciam,
1442 383 1492 422 ut

157 438 348 480 Alaudae
380 438 423 479 in
456 439 586 480 tertia
619 439 787 481 decuria
819 439 1066 493 iudicarent,
1104 439 1146 480 id
1178 442 1243 480 est
1273 442 1323 481 ut
1353 437 1491 493 perfu-
1525 456 1542 481 5

157 497 276 553 gium
320 497 528 538 scelerum
566 500 679 539 esset
716 501 860 539 tutum
897 497 1160 553 turpissimis
1198 497 1260 539 rei
1295 497 1492 552 publicae

158 556 368 609 sordibus,
393 558 442 597 ut
468 558 563 597 acta
587 571 664 597 sua
683 559 778 598 rata
798 559 951 612 essent,
978 556 1096 598 cuius
1116 556 1282 598 nullum
1301 558 1494 598 remanet

160 614 408 655 consulatus
441 615 684 670 vestigium.
741 614 930 657 Cavebat
956 615 1086 656 etiam
1112 614 1158 656 L.
1185 614 1388 669 Antonio,
1420 614 1493 669 qui

157 672 298 713 fuerat
331 669 614 727 aequissimus
647 674 740 729 agri
771 674 929 728 privati
961 677 1005 715 et
1029 674 1191 728 publici
1223 673 1493 728 decempeda-

99 739 142 770 38
158 734 227 772 tor
252 731 421 774 Nucula
453 734 495 773 et
520 731 712 773 Lentone
745 732 921 788 collega.
979 732 1156 782 ‘Quam
1189 733 1250 773 ob
1277 747 1379 773 rem
1404 746 1492 774 vos
1513 750 1547 775 ιο

157 791 330 844 potius
363 791 781 844 animadvertite,
818 795 988 832 utrum
1021 791 1089 832 sit
1120 790 1412 846 elegantius
1444 793 1494 832 et

157 849 394 902 partibus
450 849 653 903 utilius,
708 850 932 891 Treboni
990 852 1204 891 mortem
1253 849 1493 904 persequi

159 922 219 948 an
252 906 505 961 Caesaris,
544 910 593 949 et
624 911 792 949 utrum
825 909 895 950 sit
926 908 1154 963 aequius,
1190 922 1493 949 concurrere

157 980 266 1020 nos,
323 981 420 1020 quo
476 966 687 1008 facilius
736 967 1018 1009 reviviscat
1067 966 1494 1021 Pompeianorum

158 1039 309 1066 causa
340 1025 534 1066 totiens
566 1025 817 1081 iugulata,
850 1040 909 1066 an
936 1025 1245 1079 consentire,
1276 1039 1334 1066 ne
1364 1024 1546 1067 ludi-1⁵

157 1083 268 1125 brio
309 1084 465 1125 simus
505 1083 764 1137 inimicis,'
804 1109 859 1114 —
893 1083 938 1126 Si
976 1087 1090 1126 esset
1127 1084 1339 1139 iugulata,
1375 1097 1494 1124 num·
1640 1128 1641 1133 ¹

159 1156 289 1195 quam
309 1145 553 1197 exurgeret3
574 1143 688 1197 quod
708 1143 789 1184 tibi
809 1143 979 1198 tuisque
1000 1143 1236 1198 contingat.
1267 1141 1494 1194 ‘Utrum’,
1639 1141 1642 1178 Ι

158 1200 316 1255 inquit,
355 1200 699 1256 ‘elegantius'
757 1201 897 1256 -Atqui
933 1201 1014 1243 hoc
1052 1201 1165 1242 bello
1197 1201 1247 1242 de
1279 1199 1495 1256 elegantia

102 1269 143 1300 39
160 1260 394 1312 quaeritur!
434 1260 794 1314 ‘partibusque
831 1259 1049 1301 utilius'.
1117 1259 1284 1313 Partes,
1322 1259 1494 1313 furiose,

158 1317 357 1359 dicuntur
397 1317 443 1358 in
485 1317 592 1371 foro,
633 1318 676 1359 in
720 1319 847 1360 curia.
914 1318 1083 1360 Bellum
1122 1321 1272 1359 contra
1307 1317 1494 1371 patriam
1513 1335 1548 1360 20

156 1375 369 1417 nefarium
407 1377 651 1430 suscepisti,
690 1391 911 1431 oppugnas
943 1376 1173 1430 Mutinam,
1211 1375 1493 1417 circumsedes

159 1435 376 1476 consulem
408 1435 699 1489 designatum,
732 1435 891 1476 bellum
925 1438 1074 1476 contra
1105 1437 1147 1476 te
1181 1434 1263 1475 duo
1297 1433 1493 1475 consules

159 1497 314 1548 gerunt
347 1508 526 1547 cumque
559 1494 611 1534 iis
640 1508 717 1547 pro
743 1496 939 1547 praetore
966 1493 1133 1547 Caesar,
1166 1495 1319 1534 cuncta
1345 1495 1495 1534 contra

159 1555 201 1592 te
239 1551 369 1593 Italia
413 1554 580 1593 armata
617 1555 692 1593 est.
762 1551 875 1593 Istas
915 1555 962 1592 tu
999 1554 1144 1606 partes
1182 1550 1328 1605 potius
1367 1564 1495 1605 quam
1634 1537 1638 1588 f

159 1625 183 1651 a
232 1611 391 1665 populo
443 1610 638 1652 Romano
689 1610 969 1652 defectionem
1018 1610 1175 1652 vocas?
1249 1608 1495 1650 ‘Treboni
1514 1626 1548 1652 25
1624 1612 1638 1648 1

158 1672 375 1710 mortem
425 1683 485 1710 an
528 1668 767 1711 Caesaris
819 1668 1086 1723 persequi?
1159 1667 1346 1709 Treboni
1389 1667 1495 1709 satis

158 1728 373 1782 persecuti
417 1742 564 1769 sumus
604 1728 729 1769 hoste
774 1728 961 1769 iudicato
1006 1727 1249 1781 Dolabella,
1298 1725 1495 1768 Caesaris

158 1801 274 1828 mors
315 1786 519 1828 facillime
558 1786 798 1827 defenditur
835 1786 1048 1827 oblivione
1087 1788 1130 1826 et
1167 1785 1350 1827 silentio.
1412 1783 1495 1826 Sed

158 1845 315 1896 videte,
360 1845 461 1899 quid
504 1845 717 1886 moliatur.
786 1844 893 1887 Cum
935 1847 1119 1886 mortem
1156 1843 1351 1886 Caesaris
1394 1842 1497 1884 ulci-

159 1904 359 1945 scendam
395 1906 538 1958 putat,
575 1906 758 1945 mortem
789 1903 992 1957 proponit
1021 1917 1108 1944 non
1139 1902 1192 1943 iis
1227 1902 1385 1955 solum,
1423 1901 1495 1955 qui
1516 1917 1550 1942 so

159 1963 278 2003 illam
304 1977 394 2004 rem
420 1965 658 2017 gesserunt,
691 1962 763 2003 sed
788 1962 841 2003 iis
873 1962 1014 2015 etiam,
1044 1961 1079 2002 si
1106 1961 1178 2015 qui
1203 1974 1290 2001 non
1315 1959 1496 2001 moleste

95 2002 143 2042 19
160 2021 363 2062 tulerunt.
449 2020 676 2075 ‘quibus,
737 2020 844 2061 utri
905 2022 1134 2061 nostrum
1197 2017 1496 2071 ceciderint,

100 2062 300 2122 4⁰lucro
341 2079 571 2121 futurum
621 2081 715 2132 est,
765 2078 894 2133 quod
940 2077 1290 2132 spectaculum
1337 2076 1495 2118 adhuc

159 2139 273 2192 ipsa
303 2138 532 2180 Fortuna
570 2137 776 2191 vitavit,
814 2151 871 2178 ne
912 2136 1109 2177 videret
1139 2135 1287 2177 unius
1320 2148 1497 2188 corpo-

159 2197 230 2238 ris
285 2197 407 2238 duas
459 2197 596 2238 acies
645 2196 838 2237 lanista
888 2194 1131 2236 Cicerone
1181 2192 1551 2245 dimicanti8,35

157 2255 447 2367 gssssegssffie
482 2254 846 2368 535213311532’
889 2249 1498 2366 Ἑξξέἒὲῗωωέἒέἒὲἲὲἶὲ
1596 2312 1599 2320 -
1636 2295 1641 2306 ¹·

578 2347 588 2367 7
1620 2342 1637 2365 >
