1671 2543
191 67 278 108 272
435 67 527 102 PRO
556 66 594 103 C.
620 65 816 101 RABIRIO
843 66 1066 102 POSTUMO
1093 66 1282 103 ORATIO.

190 175 376 216 ditatum
430 177 558 230 atque
608 174 803 229 iacturis,
854 175 927 216 sed
973 175 1237 229 experientia
1281 175 1534 229 patrimonii

190 234 480 288 amplificandi
505 234 722 275 labentem
743 233 922 288 excepit,
948 248 1144 275 corruere
1164 248 1252 275 non
1271 234 1384 288 sivit,
1409 234 1534 276 fulsit

189 295 233 333 et
265 292 472 333 sustinuit
504 307 566 347 r,e
604 292 824 346 [fortuna,]
863 292 945 333 fide
976 292 1187 347 hodieque
1219 293 1406 334 sustinet
1438 295 1534 360 [nec

190 351 375 392 amicum
406 351 660 405 prudentem
693 365 888 393 corruere
918 351 1138 417 patitur]3
1151 365 1229 392 nec
1259 351 1376 393 illius
1402 352 1533 393 animi

191 409 326 451 aciem
363 410 648 465 praestringit
686 410 886 464 splendor
923 410 989 450 sui
1022 410 1228 464 nominis,
1264 425 1342 452 nec
1375 411 1532 452 mentis
1570 422 1586 447 5

191 468 314 522 quasi
357 469 592 510 luminibus
639 468 775 510 officit
820 468 1004 510 altitudo
1042 468 1239 510 fortunae
1277 472 1321 510 et
1358 469 1533 525 gloriae.

131 533 175 564 44
192 526 289 568 Sint
327 541 426 568 sane
465 527 541 568 illa
577 541 751 583 magna,
791 542 898 581 quae
929 541 974 568 re
1005 542 1106 568 vera
1138 541 1294 582 magna
1326 531 1444 582 sunt3
1482 529 1532 570 de

189 586 346 627 iudicio
377 586 508 627 animi
534 586 630 640 mei,
661 589 710 628 ut
736 586 852 627 volet
879 586 1071 640 quisque,
1104 586 1281 640 sentiat3
1313 600 1392 643 ego
1419 587 1532 628 enim

188 644 299 686 hanc
334 644 379 685 in
410 645 544 686 tantis
579 645 752 699 opibus,
790 647 913 691 tanta
943 644 1118 686 fortuna
1149 645 1456 686 liberalitatem
1487 646 1533 687 in

189 717 302 757 suos,
333 704 588 744 memoriam
621 703 836 745 amicitiae
868 703 1044 758 reliquis
1071 703 1305 745 virtutibus
1332 704 1531 745 omnibus
1553 714 1586 740 10

189 764 416 816 antepono.
480 762 619 812 Quam
657 762 828 817 quidem
865 777 960 816 vos,
997 762 1178 817 iudices,
1216 762 1306 804 eius
1345 763 1390 803 in
1419 777 1531 804 novo

189 834 343 875 genere
378 821 620 863 bonitatem
651 821 905 862 inusitatam
938 821 1063 862 claris
1096 836 1145 862 ac
1176 821 1532 875 praepotentibus

188 879 292 920 viris
317 894 405 921 11011
427 880 553 921 1110ᾶο
573 894 655 921 non
677 880 896 934 aspernari
912 894 964 921 ac
984 879 1183 934 refutare,
1210 880 1283 921 sed
1304 880 1532 934 complecti

188 937 320 978 etiam
359 940 402 979 et
440 953 595 994 augere
634 939 817 993 debetis,
861 941 904 980 et
942 953 991 980 eo
1030 939 1187 994 magis,
1226 939 1339 992 quod
1377 939 1531 980 videtis

187 995 267 1037 hos
301 997 423 1051 quasi
456 1000 652 1052 sumptos
686 998 775 1039 dies
808 997 860 1038 ad
885 996 1229 1039 labefactandam
1254 997 1370 1039 illius
1397 997 1531 1052 digni·
1553 1007 1584 1033 15

189 1057 336 1096 tatem.
392 1055 459 1097 Ex
491 1071 575 1110 qua
600 1056 664 1097 illi
689 1056 797 1097 nihil
825 1056 992 1101 detrahi
1017 1059 1175 1110 potest,
1207 1056 1319 1110 quod
1345 1071 1432 1098 non
1458 1059 1532 1097 aut

189 1113 363 1155 fortiter
394 1114 506 1155 ferat
537 1117 612 1156 aut
643 1114 768 1156 facile
799 1115 1020 1169 restituat3
1058 1114 1366 1156 amicissimum
1397 1115 1532 1156 homi-

187 1186 285 1213 nem
318 1173 354 1213 si
385 1172 613 1215 honestate
647 1174 881 1227 spoliatum
914 1173 1115 1228 audierit,
1146 1188 1224 1214 nec
1251 1174 1342 1214 sine
1374 1187 1530 1228 magno

189 1231 334 1272 dolore
377 1231 487 1272 feret
531 1235 573 1273 et
610 1232 652 1273 id
691 1232 901 1286 amiserit,
946 1232 1059 1285 quod
1099 1246 1226 1285 posse
1263 1246 1351 1273 non
1387 1234 1531 1286 speret

190 1303 444 1342 recuperari.
1550 1301 1584 1326 20

124 1336 173 1377 l
160 1346 169 1375 ί
280 1346 395 1388 Satis
417 1348 554 1388 multa
573 1348 820 1389 hominibus
840 1362 927 1389 non
946 1348 1104 1402 iniquis
1125 1347 1231 1389 haec
1252 1362 1344 1389 esse
1362 1348 1531 1399 debent,

130 1396 174 1426 45
190 1405 317 1446 nimis
351 1406 482 1446 etiam
514 1407 652 1447 multa
684 1406 818 1456 vobis,
856 1421 962 1460 quos
995 1406 1278 1460 aequissimos
1311 1421 1403 1448 esse
1435 1421 1531 1448 con-

189 1464 371 1505 fidimus.
407 1463 488 1505 Sed
509 1468 557 1505 ut
578 1465 768 1506 omnium
789 1464 853 1505 vel
876 1465 1108 1518 suspicioni
1129 1465 1195 1506 vel
1211 1465 1530 1507 malivolentiae

189 1523 257 1563 vel
285 1522 529 1564 crudelitati
557 1524 662 1564 satis
689 1523 783 1563 fiat:
811 1523 1015 1565 ‘occultat
1038 1524 1264 1578 pecuniam
1284 1523 1530 1578 Postumus,

189 1581 327 1622 latent
371 1582 514 1636 regiae
559 1581 759 1623 divitiae?
827 1582 988 1635 Ecquis
1022 1585 1087 1624 est
1120 1597 1169 1624 ex
1201 1585 1323 1624 tauto
1356 1583 1528 1637 populo,
1549 1586 1582 1625 2'5

191 1640 264 1693 qui
307 1640 421 1681 bona
465 1640 509 1682 O.
551 1640 702 1681 Rabiri
741 1639 939 1681 Postumi
981 1655 1156 1682 nummo
1202 1641 1402 1683 sestertio
1446 1641 1530 1682 sibi

191 1698 328 1739 addici
361 1699 494 1740 velit?
553 1698 634 1740 Sed
667 1699 870 1740 miserum
902 1714 981 1753 me,
1014 1703 1174 1753 quanto
1206 1700 1287 1741 hoc
1320 1700 1406 1740 dixi
1433 1714 1530 1741 cum

190 1757 352 1798 dolore!
387 1757 510 1808 Hem,
531 1757 749 1807 Postume,
771 1760 872 1799 tune
893 1772 936 1799 es
961 1757 1001 1799 C.
1024 1758 1146 1800 Curti
1167 1758 1291 1812 filius,
1313 1757 1358 1800 C.
1378 1757 1529 1799 Rabiri

189 1815 346 1856 iudicio
368 1819 411 1857 et
433 1817 655 1857 voluntate
676 1816 802 1870 filius,
822 1819 977 1857 natura
997 1814 1156 1858 sororis
1177 1817 1320 1857 filius?
1340 1817 1528 1858 1111101110

189 1874 233 1914 111
255 1874 392 1915 01111118
414 1878 512 1916 11108
527 1875 730 1928 liberalis,
748 1875 866 1916 cuius
882 1875 1040 1916 multos
1053 1875 1223 1916 bonitas
1237 1875 1529 1929 locupletavit,
1547 1891 1582 1916 80

191 1933 263 1986 qui
279 1933 387 1973 nihil
409 1933 653 1987 profudisti,
681 1933 788 1974 nihil
810 1933 942 1974 ullam
963 1934 1008 1974 in
1028 1934 1249 1974 libidinem
1276 1933 1528 1974 contulisti?

189 1990 291 2044 Tua,
323 1990 540 2045 Postume,
574 2006 748 2033 nummo
782 1992 981 2033 sestertio
1014 2007 1038 2033 a
1065 2007 1130 2033 me
1157 1992 1441 2033 addicuntur?
1490 1989 1525 2032 Ο

131 2061 175 2092 46
192 2064 333 2090 meum
353 2050 557 2091 miserum
579 2051 862 2104 acerbumque
884 2051 1175 2104 praeconium!
1213 2050 1275 2091 At
1294 2050 1374 2091 hoc
1396 2049 1527 2089 etiam

191 2110 314 2161 optat
360 2109 507 2162 miser,
550 2111 616 2163 ut,
659 2110 740 2150 sive
784 2111 977 2149 servetur
1027 2109 1114 2150 sive
1156 2108 1459 2150 condemnetur
1503 2122 1527 2147 a

189 2166 330 2219 vobis,
380 2166 443 2207 ita
486 2167 599 2208 bona
642 2169 841 2213 veneant,
891 2170 941 2207 ut
981 2167 1165 2208 solidum
1208 2180 1331 2207 suum
1374 2165 1525 2219 cuique
1545 2181 1579 2207 35

191 2224 392 2264 solvatur.
454 2224 576 2266 Nihil
614 2226 700 2266 iam
739 2225 853 2266 aliud
890 2225 974 2266 nisi
1005 2225 1132 2266 fidem
1164 2226 1302 2276 curat,
1338 2237 1416 2264 nec
1447 2238 1523 2265 vos

189 2280 300 2331 huic,
333 2282 368 2322 si
398 2282 483 2323 iam
511 2284 706 2325 oblivisci
730 2286 897 2325 vestrae
924 2281 1261 2324 mansuetudinis
1287 2281 1525 2328 volueritis,
