1671 2543
589 80 688 116 CAP.
717 85 805 116 1-2
832 85 850 124 ξ
878 86 979 117 1—6.
1371 84 1457 125 283

119 191 168 230 ut
201 203 298 230 eum
329 189 465 231 civem
497 189 736 239 retineatis,
776 189 848 243 qui
881 204 1047 244 semper
1079 203 1213 245 genus
1245 190 1353 232 illud
1383 191 1458 232 ho-

120 247 284 289 minum
316 248 607 302 clamoresque
639 248 849 289 maximos
880 263 982 302 prae
1013 252 1158 290 vestra
1190 249 1328 290 salute
1358 264 1458 305 neg·

119 306 236 347 lexit.
282 306 420 356 Quam
441 307 494 348 ob
515 321 606 348 rem
626 306 770 347 adeste
792 307 958 361 animis,
986 306 1158 358 iudices,
1179 310 1222 349 et
1243 308 1456 362 timorem,
1470 315 1491 345 4

121 365 157 406 si
190 379 317 419 quem
341 365 523 415 habetis,
555 365 766 420 deponite.
810 364 936 420 Nam,
962 365 999 407 si
1023 380 1229 420 umquam
1255 367 1305 408 de
1330 367 1456 408 bonis

84 434 100 459 5
122 426 164 465 et
196 423 379 465 fortibus
412 423 534 473 viris,
566 424 603 465 si
633 438 838 477 umquam
870 424 920 465 de
952 425 1059 465 bene
1091 425 1258 466 meritis
1292 425 1457 467 civibus

119 485 314 536 potestas
340 482 462 523 vobis
488 482 701 524 iudicandi
727 482 822 537 fuit,
849 483 885 524 si
912 483 1092 537 denique
1111 498 1316 538 umquam
1336 484 1457 526 locus

122 541 487 595 amplissimorum
529 541 725 582 ordinum
764 541 938 583 delectis
976 542 1079 583 viris
1119 542 1243 583 datus
1282 545 1366 594 est,
1408 546 1459 584 ut

121 613 198 641 sua
235 599 377 641 studia
415 613 517 655 erga
553 599 680 641 fortis
716 603 759 641 et
790 601 926 642 bonos
961 600 1082 651 civis,
1120 615 1227 654 quae
1259 602 1383 643 vultu
1415 605 1460 643 et

120 658 262 699 verbis
289 672 414 712 saepe
442 658 770 714 sigmficassent,
796 673 840 700 re
868 662 910 700 et
934 659 1159 700 sententiis
1180 660 1459 713 declararent,

69 727 103 752 1⁰
122 716 204 758 hoc
249 716 444 771 profecto
489 720 681 772 tempore
726 732 820 759 eam
862 720 1125 772 potestatem
1169 732 1339 760 omnem
1382 733 1459 761 vos

119 775 308 829 habetis,
346 779 394 816 ut
426 776 648 829 statuatis,
681 779 828 817 utrum
858 791 955 831 nos,
988 776 1060 830 qui
1093 791 1260 831 semper
1290 779 1460 819 vestrae

122 834 372 875 auctoritati
404 834 536 876 dediti
567 834 739 888 fuimus,
775 849 942 889 semper
972 835 1118 876 miseri
1150 835 1372 890 lugeamus
1406 851 1462 877 an

122 892 194 940 diu
230 893 372 934 vexati
410 907 434 934 a
471 893 774 947 perditissimis
813 893 976 935 civibus
1016 893 1244 947 aliquando
1276 909 1352 948 per
1382 909 1459 936 vos

122 965 171 992 ac
208 965 285 1005 per
321 954 510 992 vestram
540 952 679 1005 fidem,
716 952 921 993 virtutem
954 952 1295 1006 sapientiamque
1327 967 1461 995 recre-

70 1019 102 1044 15
124 1023 253 1050 emur.
317 1009 427 1058 Quid
459 1010 572 1051 enim
602 1010 727 1051 nobis
763 1010 948 1064 duobus,
978 1010 1156 1061 iudices,
1188 1011 1495 1066 laboriosius,5

123 1068 225 1121 quid
257 1068 395 1123 magis
428 1068 674 1122 sollicitum,
706 1069 844 1124 magis
878 1069 1112 1111 exercitum
1142 1070 1225 1111 dici
1252 1073 1327 1110 aut
1353 1070 1460 1125 fingi

121 1128 285 1180 potest,
326 1126 398 1180 qui
437 1141 510 1180 spe
549 1127 915 1181 amplissimorum
951 1128 1241 1182 praemiorum
1279 1129 1331 1169 ad
1369 1143 1461 1169 rem

121 1184 340 1238 publicam
373 1184 545 1227 adducti
577 1189 694 1227 metu
727 1186 1120 1228 crudelissimorum
1150 1187 1462 1241 suppliciorum

123 1257 266 1284 carere
302 1258 390 1285 non
424 1245 682 1298 possumus?
737 1244 949 1299 Equidem
982 1248 1144 1286 ceteras
1177 1248 1460 1300 tempestates

70 1311 104 1337 20
124 1304 167 1342 et
215 1302 424 1355 procellas
474 1302 519 1344 in
567 1303 653 1344 illis
676 1303 922 1350 ,dumtaxat
964 1303 1166 1345 fiuctibus
1212 1305 1461 1346 contionum

124 1374 290 1414 semper
303 1361 464 1414 ‘putavi
484 1360 638 1402 Miloni
664 1375 756 1403 esse
783 1362 1036 1416 subeundas,
1064 1363 1164 1416 quia
1191 1377 1357 1417 semper
1381 1377 1460 1417 pro

122 1418 260 1460 boni's—
281 1421 430 1460 contra
461 1419 682 1474 improbos
715 1424 918 1471 senserat,
950 1421 995 1462 in
1025 1421 1182 1463 iudicio
1215 1436 1315 1463 vero
1348 1425 1392 1463 et
1417 1422 1463 1463 in

125 1491 174 1517 eo
212 1477 410 1531 consilio,
447 1477 613 1532 inquo
639 1491 703 1531 *ex
741 1479 905 1521 cunctis
944 1480 1164 1521 ordinibus
1205 1480 1463 1534 amplissimi

125 1534 207 1575 viri
237 1535 487 1590 iudicarent,
516 1542 752 1590 numquam
783 1537 1025 1579 existimavi
1057 1553 1176 1592 spem
1207 1539 1341 1580 ullam
1369 1553 1462 1580 esse

74 1603 107 1629 25
125 1592 352 1634 habituros
378 1586 552 1635 Milonis
583 1595 781 1637 inimicos
814 1596 866 1636 ad
896 1596 986 1637 eius
1010 1611 1098 1637 non
1123 1597 1249 1638 modo
1277 1597 1463 1638 salutem

127 1651 475 1706 extinguendam,
513 1652 586 1693 sed
624 1654 756 1694 etiam
791 1654 974 1709 gloriam
1005 1668 1081 1707 per
1113 1655 1221 1695 tales
1253 1655 1368 1697 viros
1400 1656 1462 1696 in·

126 1709 408 1764 fringendam.
448 1709 717 1764 Quamquam
742 1712 787 1752 in
811 1712 891 1753 hac
918 1726 1056 1765 causa,
1081 1712 1254 1767 iudices,
1280 1713 1325 1753 T.
1346 1712 1497 1754 Annie

127 1767 352 1808 tribunatu
388 1767 599 1822 rebusque
638 1769 835 1810 omnibus
873 1784 950 1823 pro
991 1770 1128 1811 salute
1166 1771 1228 1810 rei
1265 1771 1463 1824 publicae

128 1825 264 1880 gestis
303 1825 355 1866 ad
391 1825 518 1866 huius
557 1826 747 1868 criminis
786 1827 1076 1869 defensionem
1105 1842 1192 1869 non
1225 1829 1464 1870 abutemur.

75 1883 227 1925 soNisi
265 1883 399 1925 oculis
437 1884 630 1925 videritis
667 1884 844 1926 insidias
879 1884 1032 1926 Miloni
1071 1900 1095 1926 a
1125 1885 1275 1928 Clodio
1313 1886 1464 1942 factas,

128 1956 206 1983 nec
244 1942 513 1996 deprecaturi
545 1956 708 1996 sumus,
746 1946 795 1984 ut
827 1943 987 1984 crimen
1017 1944 1100 1985 hoc
1130 1944 1256 1986 nobis
1286 1948 1465 1999 propter

130 2000 267 2041 multa
302 2000 522 2054 praeclara
559 2000 604 2041 in
641 2015 731 2041 rem
768 2001 984 2055 publicam
1017 2002 1171 2043 merita
1203 2003 1465 2058 condonetis,

128 2072 206 2100 neo
249 2058 529 2113 postulaturi,
572 2061 638 2112 ut,
682 2059 718 2100 si
761 2074 876 2101 mors
914 2059 960 2101 P.
999 2059 1122 2102 Clodi
1166 2061 1280 2102 salus
1320 2065 1466 2103 vestra

129 2116 271 2170 fuerit,
302 2117 459 2158 idcirco
493 2131 587 2158 eam
612 2117 765 2158 virtuti
790 2117 964 2159 Milonis
989 2119 1134 2172 potius
1162 2134 1290 2173 quam
1315 2121 1466 2174 populi

77 2183 111 2210 8⁵
131 2174 314 2216 Romani
356 2175 559 2216 felicitati
603 2175 844 2231 assignetis.
919 2175 1002 2217 Sed
1046 2177 1082 2218 si
1124 2177 1241 2218 illius
1285 2178 1464 2220 insidiae

133 2233 333 2275 clariores
382 2234 463 2275 hac
507 2234 599 2275 luce
642 2233 820 2288 fuerint,
869 2238 961 2276 tum
1005 2234 1184 2289 denique
1229 2236 1464 2279 obsecrabo

133 2291 470 2346 obtestaborque
508 2306 602 2346 vos,
639 2292 817 2343 iudices,
854 2293 891 2334 si
929 2295 1077 2334 cetera
1107 2293 1346 2343 amisimus,
1382 2295 1466 2338 hoc
