1671 2543
518 86 620 122 CAP.
650 89 787 121 11—14
813 90 832 129 s
859 89 1008 122 28-33.
1379 85 1433 126 77

94 196 269 251 epulum
306 195 456 250 populi
487 193 690 248 Romani,
727 193 885 235 festum
920 193 1032 235 diem
1064 196 1263 249 argento,
1301 196 1434 248 veste,

96 255 213 297 omni
253 256 464 308 apparatu
501 255 739 307 ornatuque
777 253 970 307 visendo,
1014 252 1109 306 quis
1146 267 1353 307 umquam
1389 252 1435 293 in

94 315 217 355 luctu
248 312 497 366 domestico,
529 311 624 366 quis
655 311 701 352 in
731 311 879 352 funere
910 311 1115 352 familiari
1142 311 1311 352 cenavit
1337 326 1435 353 cum

96 376 201 428 toga
236 372 373 426 pulla,
417 370 485 412 cui
522 371 571 411 de
609 370 791 411 balineis
830 370 1003 411 exeunti
1038 372 1210 424 praeter
1247 372 1291 411 te
1329 372 1434 425 toga

60 431 216 486 5pulla
258 444 464 484 umquam
501 429 602 470 data
639 429 734 470 est‘?
803 427 911 470 Cum
948 431 1016 470 tot
1052 428 1278 470 hominum
1314 428 1435 469 milia

96 489 410 542 accumberent,
437 502 534 530 cum
558 488 650 542 ipse
677 487 791 541 epuli
817 487 1026 541 dominus,
1054 487 1102 536 Q.
1128 486 1295 541 Arrius,
1321 488 1436 528 alba-

95 552 167 590 tus
200 549 332 601 esset,
369 549 418 588 tu
448 547 495 587 in
525 546 735 601 templum
768 545 962 588 Castoris
994 548 1037 587 te
1069 561 1167 587 cum
1198 545 1244 588 C.
1276 545 1433 587 Fibulo

96 609 238 648 atrato
271 606 508 659 ceterisque
541 604 628 646 tuis
660 605 784 646 furiis
817 604 1036 646 funestum
1065 604 1265 646 intulisti.
1328 604 1434 654 Quis

96 669 190 707 tum
214 680 302 707 non
325 664 550 720 ingemuit,
577 664 671 718 quis
696 678 784 705 non
804 663 942 705 doluit
962 664 1024 705 rei
1042 663 1239 717 publicae
1260 663 1435 705 casum?

45 738 77 762 1ο
98 725 170 779 qui
208 738 348 765 sermo
387 723 496 764 alius
534 722 581 763 in
616 723 692 763 illo
731 722 856 776 epulo
895 722 980 763 fuit
1009 722 1094 763 nisi
1124 722 1235 764 hanc
1265 725 1436 763 tantam

98 787 141 825 et
178 785 269 824 tam
306 796 482 837 gravem
521 781 742 823 civitatem
779 781 1019 822 subiectam
1057 795 1149 822 esse
1184 795 1273 822 non
1307 781 1434 822 modo

95 841 243 895 furori,
274 856 422 882 verum
454 840 586 881 etiam
615 840 813 881 inrisioni
844 840 972 880 tuae?
1033 838 1161 881 Hunc
1191 842 1240 880 tu
1271 853 1436 881 morem
1449 841 1493 872 32

96 900 358 956 ignorabas?
388 913 624 953 numquam
655 898 830 953 epulum
860 898 1039 952 videras,
1069 912 1304 952 numquam
1329 912 1437 952 puer

98 962 173 1001 aut
216 959 466 1000 adulescens
503 958 617 999 inter
662 971 787 998 cocos
833 956 1006 998 fueras?
1080 955 1252 1010 Fausti,
1296 956 1437 997 adule-

45 1031 78 1057 15
99 1018 257 1060 80011118
288 1016 561 1069 nobilissimi,
592 1015 720 1070 paulo
749 1018 847 1056 ante
874 1030 925 1056 ex
950 1015 1076 1070 epulo
1103 1015 1437 1070 magnificentis-

99 1077 208 1118 simo
233 1076 392 1117 famem
416 1075 537 1116 illam
562 1077 750 1116 veterem
776 1077 896 1115 tuam
920 1088 1008 1115 non
1030 1074 1253 1128 expleras?
1300 1073 1437 1123 Quem

99 1135 349 1177 accumbere
365 1136 556 1175 atratum
566 1133 762 1174 videras?
803 1133 972 1174 Videras
985 1133 1206 1174 dominum
1221 1147 1318 1173 cum
1332 1135 1437 1187 toga

97 1194 218 1248 pulla
237 1196 280 1235 et
300 1193 389 1235 01118
405 1192 565 1233 01111008
581 1194 679 1233 ante
694 1191 946 1233 convivium.
981 1191 1098 1240 Quae
1113 1193 1239 1231 tanta
1253 1194 1286 1232 te
1297 1191 1438 1232 tenuit

99 1252 304 1305 amentia,
341 1254 407 1304 ut,
443 1251 528 1292 nisi
558 1250 603 1291 id
634 1250 826 1304 fecisses,
860 1249 973 1304 quod
1003 1249 1069 1290 fas
1101 1264 1189 1290 non
1219 1249 1321 1303 fuit,
1352 1249 1438 1290 nisi

47 1326 81 1351 20
99 1311 305 1353 violasses
325 1309 536 1363 templum
550 1308 756 1362 Castoris,
774 1323 932 1350 nomen
952 1308 1079 1362 epuli,
1099 1308 1246 1349 oculos
1268 1308 1437 1362 civium,

100 1385 263 1411 morem
300 1372 506 1422 veterem,
544 1367 652 1421 eius,
691 1368 765 1422 qui
795 1370 838 1409 te
870 1367 1088 1420 invitarat,
1121 1367 1437 1421 auctoritatem,

99 1443 251 1483 parum
278 1430 453 1482 putares
479 1426 762 1468 testificatum
788 1440 879 1467 esse
907 1425 1244 1480 supplicationes
1270 1428 1313 1466 te
1338 1425 1437 1466 illas

98 1502 187 1529 non
216 1486 397 1541 putare?
1455 1510 1507 1551 14

191 1545 358 1594 Quaero
391 1544 523 1585 etiam
554 1544 661 1585 illud
687 1558 737 1585 ex
762 1546 818 1597 10,
850 1543 963 1598 quod
989 1543 1188 1597 privatus
1212 1542 1438 1597 admisisti,
1453 1570 1498 1601 33

49 1618 83 1644 25
102 1603 147 1644 in
185 1618 268 1657 quo
308 1605 421 1644 certe
459 1603 545 1643 iam
583 1603 665 1643 tibi
698 1603 837 1644 dicere
866 1616 954 1642 non
984 1602 1133 1642 licebit
1165 1616 1261 1642 cum
1295 1601 1438 1642 claris-

104 1662 202 1703 simi
238 1661 320 1702 viri
357 1675 484 1702 causa
520 1664 641 1702 tuam
678 1675 770 1702 0880
808 1660 1097 1713 001111111010111,
1137 1660 1438 1713 postulatusne

104 1721 162 1762 sis
187 1720 283 1775 lege
309 1718 475 1760 Licinia
500 1722 543 1760 et
568 1719 709 1773 Iunia,
736 1718 970 1760 edixeritne
997 1717 1041 1759 C.
1067 1717 1296 1759 Memmius
1321 1732 1440 1772 prae-

103 1782 174 1820 tor
206 1793 255 1819 ex
287 1793 337 1819 ea
366 1778 473 1832 lege,
504 1780 553 1818 ut
579 1778 747 1818 adesses
773 1777 839 1818 die
866 1776 1131 1830 tricensimo3
1164 1790 1261 1817 cum
1285 1776 1322 1817 is
1350 1776 1440 1817 dies

103 1837 303 1891 venisset,
333 1836 550 1889 fecerisne,
583 1836 696 1892 quod
726 1836 773 1876 in
802 1836 883 1876 hac
914 1849 959 1875 10
990 1834 1164 1888 publica
1193 1848 1281 1875 non
1312 1835 1439 1875 modo

50 1912 86 1938 30
104 1896 268 1937 factum
299 1897 426 1936 antea
454 1908 690 1948 numquam
722 1896 798 1947 est,
831 1893 904 1934 sed
928 1893 974 1934 in
999 1892 1116 1933 omni
1141 1892 1349 1933 memoria
1374 1895 1441 1933 est

106 1955 280 1996 omnino
311 1953 569 2006 inauditum,
607 1952 890 2006 appellarisne
922 1951 1120 1992 tribunos
1151 1951 1224 2004 pL,
1261 1964 1314 1991 ne
1347 1965 1441 1992 cau-

106 2027 199 2054 sam
230 2012 392 2053 diceres
421 2036 471 2041 —
499 2011 635 2052 levius
667 2010 771 2064 dixi,
804 2024 1064 2063 quamquam
1089 2009 1133 2049 id
1158 2009 1301 2062 ipsum
1327 2012 1441 2050 esset

107 2074 151 2112 01
180 2085 341 2113 novum
372 2073 415 2111 et
444 2084 532 2111 11011
562 2069 784 2110 ferendum
812 2091 861 2097 —
891 2068 964 2109 sed
997 2067 1280 2121 appellarisne
1306 2068 1442 2109 nomi·-

106 2130 245 2171 natim
269 2132 436 2183 pestem
461 2128 577 2169 illius
604 2127 715 2181 anni,
745 2126 903 2168 furiam
927 2126 1104 2180 patriae,
1136 2128 1441 2179 tempestatem

54 2204 88 2230 35
108 2189 169 2229 rei
211 2188 426 2242 publicae,
472 2186 680 2229 Clodium.
743 2185 825 2234 Qui
869 2188 1014 2225 tamen
1058 2199 1154 2226 cum
1191 2184 1300 2238 iure,
1345 2199 1442 2226 cum

108 2261 245 2300 more,
288 2261 384 2287 cum
422 2247 638 2300 potestate
676 2244 880 2285 iudicium
917 2243 1123 2297 impedire
1159 2257 1247 2284 non
1282 2246 1442 2297 posset,

109 2305 237 2345 rediit
280 2305 332 2345 ad
375 2305 495 2345 illam
532 2303 620 2344 vim
657 2305 700 2343 et
736 2302 926 2344 furorem
964 2316 1085 2343 suum
1125 2301 1358 2356 ducemque
1397 2316 1442 2342 se
