1671 2543
522 399 582 446 M.
623 399 809 446 TULLI
848 398 1179 446 CICERONIS

180 532 252 586 IN
302 532 371 586 M.
421 531 783 587 ANTONIUM
826 531 1077 586 ORATIO
1123 532 1521 588 PHILIPPICA

534 638 806 692 TERTIA
846 637 1130 692 DECIMA.

658 883 1045 922 ARGUMENTUM.

275 996 478 1040 Postquam
504 996 694 1041 cognitum
721 998 817 1038 erat,
849 995 938 1040 quid
965 995 1039 1038 illi,
1072 995 1135 1040 qui
1163 995 1210 1031 M.
1232 993 1395 1030 Antonio
1420 993 1519 1029 fave-

179 1042 288 1086 bant,
321 1043 455 1078 iterum
491 1043 683 1078 mittendis
710 1043 846 1087 legatis
873 1041 1050 1087 consequi
1074 1042 1231 1086 vellent,
1262 1041 1322 1077 vix
1348 1042 1422 1077 iam
1446 1040 1522 1077 ista

180 1089 322 1134 legatio
361 1090 499 1135 suscipi
536 1093 695 1136 poterat.
753 1091 882 1134 Itaque
915 1088 952 1124 C.
984 1091 1108 1124 Pansa
1143 1101 1227 1124 cum
1258 1088 1422 1124 exercitu
1453 1098 1520 1123 suo

180 1137 300 1172 Roma
330 1137 516 1182 profectus
551 1139 615 1172 est.
667 1136 755 1172 Cum
783 1137 898 1182 igitur
923 1136 1063 1172 bellum
1089 1136 1189 1172 omni
1213 1136 1323 1172 modo
1348 1138 1520 1181 paratum

181 1185 381 1227 videretur,
408 1186 532 1219 tamen
555 1185 695 1220 Antoni
723 1185 831 1223 amici
859 1184 904 1219 de
923 1195 1016 1229 pace
1035 1184 1198 1219 nondum
1219 1184 1520 1229 desperaverunt,

182 1233 219 1266 et
251 1243 331 1266 cum
361 1231 396 1266 C.
423 1232 581 1266 Plancus
613 1234 651 1266 et
676 1231 722 1266 M.
751 1231 911 1276 Lepidus
946 1231 1092 1266 litteras
1125 1231 1171 1265 ad
1205 1233 1373 1266 senatum
1399 1229 1519 1264 misis-

183 1280 283 1322 sent,
321 1278 455 1322 quibus
488 1289 616 1323 pacem
643 1280 798 1322 uterque
825 1278 1008 1320 suaderet,
1034 1278 1090 1312 illi
1116 1277 1309 1313 occasione
1335 1277 1405 1312 hac
1430 1276 1521 1311 data

181 1337 305 1359 rursus
340 1325 385 1360 de
416 1336 507 1370 pace
533 1336 614 1360 cum
641 1325 689 1360 M.
717 1326 877 1360 Antonio
904 1336 1014 1370 agere
1039 1326 1240 1370 coeperunt
1264 1335 1308 1359 eo
1335 1323 1411 1367 die,
1445 1334 1519 1367 quo

181 1372 269 1407 illae
302 1372 450 1407 litterae
484 1384 506 1407 a
530 1372 578 1407 M.
607 1371 766 1407 Cornuto
798 1375 970 1417 praetore
1002 1373 1141 1407 urbano
1167 1372 1204 1406 in
1231 1373 1362 1406 senatu
1386 1370 1519 1405 recita-

181 1419 327 1454 bantur.
393 1419 529 1454 Contra
568 1419 615 1453 M.
654 1418 780 1454 Cicero
819 1419 946 1454 eodem
985 1429 1057 1463 quo
1096 1420 1207 1454 antea
1244 1418 1368 1453 animo
1405 1417 1517 1453 etiam

182 1477 278 1501 nunc
304 1466 393 1510 hac,
420 1477 514 1510 quae
540 1465 635 1500 infra
663 1466 816 1511 legitur,
844 1468 1011 1500 oratione
1036 1476 1165 1510 pacem
1192 1464 1376 1500 dissuasit.

143 1659 162 1699 1

150 1719 163 1748 1
270 1680 309 1722 A
352 1680 563 1735 principio
602 1680 728 1721 huius
767 1680 887 1734 belli,
930 1683 1075 1734 patres
1114 1679 1362 1734 conscripti,
1406 1678 1518 1734 quod

183 1754 278 1781 cum
304 1739 448 1793 impiis
476 1739 639 1781 civibus
667 1739 1051 1793 consceleratisque
1078 1739 1354 1793 suscepimus,
1381 1737 1519 1792 timui,

179 1813 232 1840 ne
289 1798 481 1840 condicio
532 1798 738 1839 insidiosa
786 1798 904 1852 pacis
954 1797 1170 1839 libertatis
1219 1796 1517 1851 reciperandae

180 1856 323 1898 studia
366 1857 664 1912 restingueret.
738 1856 872 1898 Dulce
922 1857 1034 1897 enim
1078 1855 1210 1897 etiam
1252 1870 1408 1897 nomen
1452 1858 1519 1898 est

179 1916 310 1970 pacis,
336 1929 403 1956 res
431 1930 529 1957 vero
555 1916 650 1970 ipsa
677 1929 773 1957 cum
797 1915 991 1968 iucunda,
1019 1918 1110 1956 tum
1137 1914 1349 1956 salutaris.
1405 1912 1518 1956 Nam
1554 1931 1571 1957 s
1631 1914 1636 1920 ’

178 1989 256 2016 nec
306 1974 500 2028 privatos
550 1973 668 2016 focos
712 1988 789 2015 nec
832 1974 1026 2028 publicas
1070 1973 1187 2028 leges
1230 1973 1400 2014 videtur
1440 1987 1518 2015 nec

178 2032 396 2074 libertatis
439 2033 533 2074 iura
577 2047 675 2074 cara
712 2032 888 2086 habere,
932 2046 1056 2086 quem
1094 2031 1348 2085 discordiae,
1391 2045 1517 2086 quem

179 2091 328 2133 caedes
368 2091 542 2145 civium,
581 2106 706 2146 quem
744 2091 905 2132 bellum
943 2091 1065 2132 civile
1097 2090 1299 2144 delectat,
1337 2103 1518 2144 eumque

179 2164 229 2191 ex
266 2164 443 2191 numero
481 2150 703 2192 hominum
741 2149 995 2202 eiciendum,
1032 2164 1082 2191 ex
1119 2149 1276 2190 finibus
1307 2149 1516 2190 humanae

178 2212 356 2250 naturae
390 2209 758 2250 exterminandum
789 2212 906 2263 puto.
969 2207 1132 2262 Itaque,
1163 2208 1252 2249 sive
1280 2205 1400 2249 Sulla
1427 2206 1515 2247 sive
1537 2223 1570 2248 10

179 2265 340 2308 Marius
386 2267 474 2309 sive
518 2270 697 2322 uterque
741 2267 829 2308 sive
868 2266 1072 2308 Octavius
1116 2266 1204 2308 sive
1248 2265 1385 2308 Cinna
1427 2265 1515 2306 sive

178 2324 334 2366 iterum
381 2324 499 2367 Sulla
544 2327 631 2367 sive
678 2326 787 2367 alter
830 2325 992 2366 Marius
1037 2328 1081 2366 et
1123 2323 1263 2367 Carbo
1311 2323 1399 2364 sive
1444 2323 1516 2374 qui
