1671 2543
196 83 282 124 326
532 81 624 117 PRO
650 82 699 117 M.
725 80 984 118 MARCELLO
1012 81 1203 118 ORATIO.

194 191 313 242 bant,
344 192 393 231 ut
425 189 530 231 mihi
564 189 736 243 quidem
767 189 993 230 videantur
1024 189 1066 230 dj
1098 189 1363 243 inmortales,
1395 188 1543 230 etiam·

196 249 232 290 si
281 262 441 303 poenas
492 262 517 288 a
565 248 724 302 populo
770 247 965 289 Romano
1016 248 1071 289 ob
1122 247 1296 303 aliquod
1339 247 1542 289 delictum

197 307 506 362 expetiverunt,
539 307 612 360 qui
645 306 768 348 civile
800 306 962 348 bellum
994 309 1166 347 tantum
1192 310 1236 348 et
1261 308 1352 347 tam
1377 306 1542 347 luctuo-

196 380 292 407 sum
318 365 624 418 excitaverunt,
650 365 717 406 vel
742 365 903 419 placati
929 365 1015 406 iam
1041 365 1108 406 vel
1135 364 1284 406 satiati
1311 363 1541 418 aliquando

197 439 366 465 omnem
399 438 520 478 spem
547 423 700 464 salutis
727 423 780 464 ad
807 423 1079 465 clementiam
1104 423 1282 465 victoris
1309 425 1352 464 et
1378 422 1542 477 sapien·
1577 436 1594 463 5

195 483 303 524 tiam
335 482 580 523 contulisse.

140 555 181 585 19
259 541 399 589 Quare
432 540 569 595 gaude
600 543 676 582 tuo
709 541 794 582 isto
821 543 911 582 tam
937 540 1165 582 excellenti
1191 541 1304 582 bono
1331 542 1375 581 et
1399 539 1541 581 fruere

197 614 294 640 cum
325 600 499 640 fortuna
531 602 573 640 et
605 599 762 654 gloria,
799 602 892 645 tum
924 599 1056 640 etiam
1087 601 1243 640 natura
1274 601 1317 640 et
1347 598 1540 640 moribus

195 658 294 712 tuis,
327 673 377 698 ex
407 672 492 712 quo
526 658 698 712 quidem
730 671 954 699 maxumus
987 660 1053 698 est
1083 657 1249 699 fruetus
1281 656 1541 698 iucunditas-

197 731 278 770 que
317 716 512 770 sapienti.
576 715 729 758 Cetera
762 719 967 758 cumtua
998 716 1297 770 recmdabere,
1335 715 1417 756 etsi
1448 729 1540 769 per—
1561 729 1595 754 10

197 789 323 829 saepe
362 775 531 828 virtuti,
570 777 715 816 tamen
752 775 1004 829 plerumque
1036 774 1235 816 felicitati
1266 777 1365 815 tuae
1397 777 1541 829 gratu-

196 834 358 887 labere3
389 834 439 874 de
471 833 609 887 nobis,
643 847 750 887 quos
782 833 828 874 in
853 848 897 875 re
924 833 1097 887 publica
1123 836 1266 874 tecum
1293 832 1421 873 simul
1448 846 1541 873 esse

194 891 388 945 voluisti,
427 891 641 945 quotiens„
665 892 897 947 cogitabis,
935 891 1094 933 totiens
1127 891 1176 932 de
1209 891 1421 932 maxumis
1453 890 1540 931 tuis

193 950 430 1004 beneficiis,
475 950 636 992 totiens
681 951 731 992 de
776 950 1018 992 incredibili
1055 950 1335 1003 liberalitate,
1378 949 1539 990 totiens

196 1010 245 1050 de
289 1008 499 1064 singulari
532 1009 744 1063 sapientia
774 1012 850 1050 tua
882 1008 1115 1064 cogitabis3
1154 1022 1261 1062 quae
1292 1022 1380 1049 non
1410 1007 1537 1049 modo
1558 1020 1591 1046 15

195 1082 363 1108 summa
406 1067 535 1121 bona,
580 1068 653 1108 sed
695 1068 900 1109 nimirum
945 1067 1108 1109 audebo
1153 1067 1221 1108 vel
1260 1066 1352 1107 sola
1389 1066 1539 1107 dicere.

194 1126 357 1166 Tantus
403 1128 469 1167 est
509 1126 622 1167 enim
666 1127 868 1180 splendor
907 1126 953 1167 in
995 1126 1119 1166 laude
1163 1140 1281 1180 vera,
1330 1127 1453 1166 tanta
1495 1124 1541 1165 in

194 1184 491 1239 magnitudine
537 1185 669 1225 animi
713 1187 756 1225 et
800 1184 970 1226 consilii
1014 1184 1221 1239 dignitas,
1273 1186 1323 1224 ut
1365 1183 1471 1224 haec
1515 1196 1540 1223 a

193 1241 368 1282 Virtute
414 1242 590 1295 donata,
640 1245 781 1284 cetera
825 1257 850 1283 a
893 1242 1088 1284 Fortuna
1132 1241 1404 1283 commodata
1446 1254 1538 1282 esse

135 1313 179 1344 20
195 1300 430 1340 videantur.
501 1299 605 1341 Noli
655 1301 791 1355 igitur
831 1301 877 1341 in
920 1300 1219 1341 conservandis
1263 1299 1388 1340 bonis
1433 1299 1537 1340 viris
1559 1311 1594 1337 20

194 1357 438 1412 defetigari,
475 1372 562 1399 non
600 1359 836 1412 cupiditate
874 1358 1130 1412 praesertim
1162 1357 1307 1411 aliqua
1339 1360 1414 1398 aut
1444 1371 1538 1411 pra-

193 1417 327 1457 vitate
360 1416 506 1470 lapsis,
538 1416 612 1457 sed
645 1416 844 1470 opinione
871 1415 1003 1457 officii
1031 1416 1167 1457 stulta
1191 1415 1389 1470 fortasse,
1422 1418 1538 1457 certe

192 1489 280 1516 non
322 1474 521 1528 inproba,
569 1478 612 1515 et
653 1475 792 1529 specie
831 1474 1015 1528 quadam
1058 1474 1120 1515 rei
1160 1474 1368 1528 publicae.
1436 1473 1539 1515 Non

193 1533 308 1574 enim
334 1535 409 1573 tua
434 1532 522 1573 ulla
549 1532 673 1586 culpa
699 1535 777 1586 est,
805 1533 840 1573 si
867 1536 909 1573 te
937 1533 1070 1586 aliqui
1096 1533 1345 1586 timuerunt,
1372 1535 1538 1574 contra-

194 1605 275 1644 que
309 1605 475 1631 summa
506 1591 617 1644 laus,
657 1591 770 1644 quod
803 1591 978 1632 minime
1011 1591 1250 1632 timendum
1280 1590 1413 1632 fuisse
1446 1605 1536 1632 sen·
1556 1601 1590 1627 25

154 1679 176 1719 7
194 1652 352 1690 serunt.

135 1739 175 1770 21
281 1707 407 1748 Nunc
439 1707 563 1748 venio
597 1708 649 1748 ad
681 1708 983 1763 gravissimam
1015 1707 1252 1762 querellam
1284 1710 1328 1748 et
1360 1706 1537 1748 atrocis-

195 1766 347 1806 simam
386 1766 673 1820 suspicionem
712 1770 849 1820 tuam,
887 1780 993 1820 quae
1029 1780 1117 1807 non
1154 1766 1236 1806 tibi
1274 1765 1357 1819 ipsi
1396 1765 1535 1820 magis

194 1839 323 1878 quam
357 1839 453 1865 cum
486 1824 684 1865 omnibus
717 1824 899 1878 civibus,
931 1827 1025 1865 tum
1057 1832 1253 1865 ma‘xume
1285 1823 1429 1877 nobis,
1462 1823 1536 1877 qui

193 1897 217 1923 a
261 1885 304 1924 te
349 1883 590 1924 conservati
634 1897 800 1936 sumus,
846 1882 1109 1936 providenda
1149 1885 1232 1936 est3
1282 1896 1411 1935 quam
1454 1881 1535 1922 etsi
1555 1892 1590 1918 ³0

192 1955 317 1994 spero
386 1941 542 1982 falsam
612 1955 722 1994 esse,
784 1943 930 1982 tamen
990 1954 1228 1994 numquam
1280 1939 1535 1981 extenuabo.

192 1999 284 2040 Tua
316 1999 429 2040 enim
462 1999 605 2041 cautio
637 2002 788 2041 nostra
819 1999 962 2041 cautio
989 2001 1066 2052 est,
1098 2002 1158 2053 ut,
1191 1999 1227 2040 si
1253 1998 1298 2039 in
1324 1998 1534 2038 alterutro

193 2057 456 2110 peccandum
505 2058 580 2111 sit,
630 2058 779 2098 malim
828 2057 963 2098 videri
1010 2057 1138 2098 nimis
1183 2056 1360 2098 timidus
1405 2069 1534 2108 quam

193 2130 347 2168 parum
383 2091 582 2169 prudens).
646 2115 728 2157 Sed
767 2116 964 2181 quisnam
999 2119 1065 2157 est
1096 2116 1178 2156 iste
1210 2118 1300 2156 tam
1331 2113 1534 2154 demens?

194 2173 243 2214 de
285 2174 426 2215 tuisne
460 2173 654 2229 (tametsi
687 2174 759 2228 qui
791 2174 930 2230 magis
962 2177 1064 2215 sunt
1095 2173 1177 2227 tui,
1218 2186 1346 2227 quam
1378 2171 1533 2226 quibus
1553 2181 1586 2209 ³⁵

194 2234 242 2272 tu
296 2232 481 2273 salutem
542 2233 862 2287 insperantibus
918 2229 1189 2286 reddidisti?)
1241 2244 1295 2271 an
1343 2243 1394 2270 ex
1448 2229 1532 2271 hoc

192 2302 389 2342 numero,
427 2291 499 2343 qui
531 2305 617 2332 una
648 2293 791 2332 tecum
822 2290 1026 2332 fuerunt?
1085 2288 1186 2331 Non
1218 2290 1284 2329 est
1316 2287 1533 2329 credibilis
