1671 2543
140 192 206 223 136

141 656 205 686 137

148 1507 210 1537 138

217 71 275 112 60
605 69 699 104 PRO
726 69 764 105 P.
793 68 955 103 SESTIO
981 68 1171 104 ORATIO.

310 178 393 220 Sed
424 181 473 219 ut
505 180 743 219 extremum
772 177 931 218 habeat
957 177 1119 230 aliquid
1145 176 1283 217 oratio
1309 190 1416 229 mea,
1448 178 1491 216 et
1515 177 1564 216 ut

220 251 300 292 ego
347 239 445 278 ante
491 236 657 278 dicendi
701 236 830 277 finem
872 235 1029 276 faciam
1073 249 1201 289 quam
1238 249 1314 275 vos
1352 234 1437 275 mei
1473 236 1564 275 tam

220 298 384 337 attente
405 295 615 348 audiendi,
637 294 887 336 concludam
905 294 1013 335 illud
1032 294 1081 334 de
1105 293 1386 347 optimatibus
1401 307 1563 334 eorum-

221 369 301 408 que
338 354 606 408 principibus
645 367 692 394 ac
729 353 790 394 rei
829 352 1025 406 publicae
1064 351 1358 393 defensoribus
1389 365 1563 405 vosque,

220 413 528 466 adulescentes,
561 414 604 453 et
636 412 709 465 qui
739 411 907 452 nobiles
940 411 1055 464 estis,
1088 411 1140 451 ad
1166 410 1378 451 maiorum
1403 412 1563 450 vestro·
1601 419 1615 445 5

220 486 316 512 rum
353 471 641 512 imitationem
679 470 894 524 excitabo,
932 472 975 510 et
1013 470 1087 523 qui
1117 469 1291 524 ingenio
1324 483 1373 510 ac
1403 468 1563 509 virtute

219 530 494 572 nobilitatem
531 529 713 583 potestis
752 529 973 582 consequi,
1017 528 1070 569 ad
1114 542 1209 569 eam
1246 527 1475 580 rationem,
1519 527 1565 567 in

222 603 307 642 qua
332 589 458 629 multi
483 588 680 629 homines
705 587 805 628 novi
833 589 875 628 et
899 587 1061 628 honore
1088 588 1131 628 et
1157 586 1296 641 gloria
1314 586 1564 639 floruerunt,

223 648 493 688 cohortabor.
554 646 673 687 Haec
706 648 771 687 est
801 660 886 686 una
911 646 991 699 via,
1023 645 1130 686 mihi
1157 645 1326 698 credite,
1359 647 1402 685 et
1425 644 1564 684 laudis

221 708 265 747 et
303 706 528 760 dignitatis
566 708 609 746 et
639 705 834 758 honoris,
873 719 897 745 a
927 704 1053 746 bonis
1085 704 1189 745 viris
1221 703 1488 757 sapientibus
1522 705 1564 743 et
1585 719 1619 743 ιο

221 765 328 805 bene
372 767 527 805 natura
573 763 821 805 constitutis
864 763 1030 804 laudari
1074 765 1116 803 et
1160 762 1300 817 diligi,
1342 775 1469 803 nosse
1507 761 1565 802 di-

222 823 501 876 scriptionem
535 822 721 863 civitatis
755 838 779 862 a
803 822 1038 862 maioribus
1062 821 1223 862 nostris
1250 820 1565 875 sapientissime

223 882 514 934 constitutam,
547 881 620 934 qui
652 895 748 922 cum
780 894 930 935 regum
955 882 1216 934 potestatem
1240 894 1328 921 non
1351 879 1567 933 tulissent,

222 940 284 980 ita
315 941 597 994 magistratus
630 953 793 980 annuos
827 942 1089 992 creaverunt,
1119 941 1170 979 ut
1195 937 1423 979 consilium
1448 951 1566 979 sena—

221 1002 291 1039 tus
323 999 385 1039 rei
417 999 615 1052 publicae
642 1000 956 1051 praeponerent
981 997 1301 1051 sempiternum,
1333 996 1565 1051 deligeren-
1586 1011 1620 1037 15

222 1061 293 1098 tur
319 1059 463 1097 autem
488 1056 531 1097 in
553 1057 596 1097 id
618 1056 845 1097 consilium
866 1057 918 1096 ab
939 1056 1138 1097 universo
1158 1055 1319 1110 populo
1341 1055 1566 1109 aditusque

222 1116 267 1156 in
297 1115 422 1156 illum
454 1129 669 1156 summum
701 1115 892 1156 ordinem
925 1114 1116 1156 omnium
1149 1114 1305 1155 civium
1330 1114 1565 1155 industriae

223 1188 272 1214 ac
315 1173 467 1214 virtuti
507 1175 685 1227 pateret.
755 1171 959 1213 Senatum
997 1173 1059 1213 rei
1097 1172 1295 1226 publicae
1334 1172 1566 1225 custodem,

223 1232 474 1285 praesidem,
497 1233 863 1285 propugnatorem
884 1231 1230 1284 conlocaverunt3
1256 1231 1383 1271 huius
1405 1230 1565 1271 ordinis

225 1290 482 1331 auctoritate
513 1289 578 1330 uti
610 1289 891 1343 magistratus
923 1291 966 1330 et
998 1289 1119 1342 quasi
1151 1289 1372 1330 ministros
1405 1289 1565 1344 gravis-
1585 1305 1620 1329 20

227 1349 325 1389 simi
341 1347 510 1388 consilii
527 1362 618 1388 esse
634 1348 879 1401 voluerunt,
901 1350 1097 1388 senatum
1111 1350 1254 1388 autem
1270 1348 1413 1401 ipsum
1426 1347 1566 1401 proxi-

227 1421 396 1447 morum
433 1406 629 1447 ordinum
661 1406 931 1460 splendorem
963 1406 1233 1459 confirmare,
1269 1406 1409 1460 plebis
1440 1406 1566 1447 liber—

225 1467 360 1505 tatem
387 1466 429 1505 et
455 1465 678 1505 commoda
702 1465 814 1505 tueri
841 1467 969 1518 atque
991 1478 1147 1520 augere
1165 1465 1403 1505 voluerunt.
1447 1464 1566 1505 Haec

226 1523 300 1576 qui
331 1537 409 1577 pro
442 1523 556 1564 virili
587 1525 709 1577 parte
741 1522 985 1576 defendunt,
1017 1525 1261 1577 optumates
1287 1525 1399 1577 sunt,
1432 1523 1566 1565 cuius-

226 1595 407 1634 cumque
441 1584 541 1622 sunt
574 1581 752 1634 ordinis3
786 1582 859 1635 qui
892 1584 1034 1622 autem
1066 1582 1293 1636 praecipue
1320 1582 1409 1623 suis
1437 1582 1566 1623 cervi·
1586 1597 1619 1623 25

226 1640 346 1680 cibus
384 1642 507 1680 tanta
544 1640 690 1681 munia
722 1643 849 1693 atque
881 1655 972 1681 rem
1001 1641 1221 1694 publicam
1253 1640 1483 1694 sustinent,
1520 1640 1567 1681 hi

226 1713 394 1751 semper
424 1698 564 1739 habiti
597 1701 697 1739 sunt
729 1699 1016 1752 optumatium
1047 1699 1263 1753 principes
1296 1701 1491 1740 auctores
1523 1701 1567 1740 et

226 1759 547 1798 conservatores
581 1757 780 1798 civitatis
841 1757 955 1798 Huic
986 1757 1210 1798 hominum
1242 1758 1390 1812 generi
1414 1757 1565 1811 fateor,

224 1817 274 1856 ut
300 1817 398 1856 ante
426 1815 524 1869 dixi,
550 1815 710 1857 multos
737 1816 1015 1869 adversarios,
1039 1816 1249 1870 inimicos,
1273 1816 1441 1857 invidos
1461 1830 1565 1870 esse,

226 1873 363 1915 multa
387 1874 570 1928 proponi
595 1874 796 1928 pericula,
822 1875 979 1915 multas
1000 1874 1149 1915 inferri
1169 1874 1359 1928 injurias,
1385 1889 1564 1929 magnos
1584 1890 1620 1916 30

227 1946 317 1973 esse
345 1933 628 1986 experiundos
655 1935 698 1973 et
724 1933 966 1974 subeundos
992 1933 1180 1987 labores3
1206 1933 1279 1974 sed
1299 1933 1405 1974 mihi
1426 1933 1564 1974 omnis

228 1990 365 2031 oratio
399 1993 465 2032 est
497 2005 592 2032 cum
624 1991 802 2045 virtute,
838 2006 926 2033 non
958 2006 1055 2033 cum
1086 1991 1264 2045 desidia,
1302 2005 1399 2032 cum
1431 1991 1566 2046 digni-

227 2051 334 2101 tate,
364 2063 453 2090 non
485 2064 580 2090 cum
611 2049 844 2104 voluptate,
877 2065 973 2092 cum
1004 2050 1070 2104 iis,
1102 2050 1175 2103 qui
1207 2063 1251 2090 sc
1281 2049 1459 2103 patriae,
1492 2049 1566 2102 qui

229 2106 317 2147 suis
356 2107 539 2161 civibus,
578 2108 651 2161 qui
688 2108 821 2161 laudi,
860 2109 933 2162 qui
971 2108 1153 2163 gloriae,
1189 2122 1277 2148 non
1308 2107 1382 2161 qui
1413 2121 1564 2148 somno

228 2166 271 2205 et
309 2165 516 2206 conviviis
556 2168 598 2206 et
637 2166 910 2207 delectationi
945 2169 1071 2208 natos
1104 2165 1378 2206 arbitrantur,
1439 2164 1565 2220 Nam,
1585 2180 1620 2207 35

228 2223 265 2263 si
298 2223 370 2276 qui
402 2223 696 2276 voluptatibus
729 2224 941 2265 ducuntur
973 2227 1016 2265 et
1039 2239 1084 2265 se
1110 2224 1313 2265 vitiorum
1337 2223 1564 2265 inlecebris

228 2282 272 2320 et
310 2280 610 2334 cupiditatium
647 2282 871 2324 lenociniis
909 2283 1176 2337 dediderunt,
1212 2282 1367 2323 missos
1405 2281 1566 2324 faciant
