1671 2543
525 70 771 106 ADNOTATI
775 70 804 106 O
831 70 1031 107 CRITICA.
1351 72 1451 107 LVII

108 177 232 222 Kays„
258 179 414 214 voluisti.
442 177 516 212 His
540 182 592 220 tu,
621 177 676 212 ΟΖ.
703 179 816 221 canis,
840 179 908 212 ins.
930 176 1069 221 Lamb.,
1094 176 1231 220 Halm,
1268 178 1378 212 huius
1410 182 1450 212 tu

110 226 275 261 clodione
294 226 347 270 (S)
369 226 434 260 auf,
457 225 619 260 clodioni
645 223 776 268 (EFG)
797 236 825 260 c.
846 226 870 259 i.
891 223 1009 267 codd„
1035 224 1162 259 Huius
1186 229 1227 259 tu
1249 224 1450 259 Clodianae

111 274 213 308 canis
237 272 374 316 Klotz„
404 272 461 305 ‘ub
486 271 611 305 Garat..
640 270 841 314 aliquando
874 271 998 316 legere
1023 271 1207 306 voluerat-,²
1237 270 1365 316 (immo
1395 270 1450 305 ‘Si

111 319 332 353 mutandum
357 317 501 362 aliquid.
527 319 611 361 est’,
636 317 776 362 inquit,
806 318 976 363 ‘legerim
1001 329 1046 353 ex
1070 318 1175 353 Rom.
1202 319 1240 353 et
1265 329 1336 353 see.
1356 318 1448 353 Ven.

109 367 238 402 Huius
262 371 302 401 tu
325 366 380 402 Ol.
401 377 427 401 e.
463 365 601 400 Verum
624 364 721 398 nihil
745 366 894 409 muto’)‚
920 364 1042 400 Halm.
1060 377 1095 410 p.
1113 369 1203 400 1453
1225 370 1291 409 (tus,
1319 365 1449 409 Clodi).

111 435 154 438 —
180 413 220 449 P.
243 417 378 448 171.17
412 412 482 448 Sed
514 414 609 447 enim
639 411 839 446 Lehmann.
871 412 994 447 Herm.
1023 416 1111 447 1879
1142 424 1177 457 p.
1200 416 1266 447 451
1289 424 1341 456 sq.
1375 423 1450 447 non

109 459 243 494 melius
263 471 375 504 quam
398 471 434 504 p.
451 464 593 503 106.17,
621 470 846 502 quamquam
865 460 1012 495 Etenim
1029 460 1097 494 illa
1115 460 1215 494 reete
1236 459 1350 493 scribi
1373 471 1450 494 non

108 506 272 550 videtui-3
301 507 385 542 fort.
413 506 572 541 scribnd.
600 506 648 542 Ut
673 508 767 541 enim
793 507 870 541 alia
894 507 968 542 iam
992 508 1154 542 omittam
1179 506 1239 550 (cf.
1265 518 1301 552 p.
1322 511 1401 542 349.
1416 511 1449 550 4,

110 553 256 595 Quinct.
277 558 332 589 22.
349 558 392 589 70
412 566 448 598 p.
463 565 521 597 m.,
542 553 645 588 Verr.
660 553 709 586 IV
731 556 897 597 52.116);
925 553 972 587 ad
995 565 1029 598 p.
1046 557 1100 588 93.
1117 558 1172 589 36.
1194 574 1237 579 —
1259 555 1297 589 P.
1314 558 1448 589 171.19

109 601 187 647 [et]
218 601 347 645 Kays,
386 600 457 636 del.
489 611 586 635 cens.
620 599 763 643 Garab„
800 611 869 635 om.
902 612 995 634 unus
1028 600 1107 636 eod.
1135 600 1198 635 Ox.
1224 600 1275 644 H,
1308 601 1448 643 Halm.;

110 648 159 682 ad
189 660 225 692 p.
247 651 351 684 4.18.
378 669 421 673 —
447 647 486 681 P.
510 652 587 682 171.
603 652 646 682 36
672 659 792 682 rerum
816 649 1036 683 salutarium
1059 647 1173 682 Koch.
1199 659 1322 692 progr.
1349 648 1448 683 Port.

112 699 201 730 1868
226 707 262 740 p.
285 700 327 730 15
349 706 414 739 sq.,
440 695 612 730 solarium
637 694 678 730 E.
705 715 748 719 —
776 694 813 728 P.
838 699 950 729 172.9
971 696 1178 740 purpwiss.
1199 694 1293 730 coni.
1313 695 1447 738 Halm,

111 741 272 786 Georges
292 741 425 784 Lexio.,
444 742 646 786 pulsataeq.
663 741 781 784 codd,
802 752 885 775 cum
905 752 1010 776 cruce
1023 741 1156 786 Halm,
1176 741 1301 786 Kays,
1320 753 1449 777 ceruss.

112 789 220 832 Iunia,
246 789 358 833 vulg,
383 788 518 831 Klotz„
544 789 742 833 pallidaeq.
769 788 866 833 Ieep.
892 799 1013 833 progr.
1034 789 1220 824 Wolfenb.
1243 793 1332 824 1863
1359 801 1393 833 p.
1416 794 1448 832 9,

104 838 345 881 pumicataeq.
362 835 534 870 Schenkl.
548 835 740 870 ‘Zeitschr
756 835 781 870 f.
794 834 855 870 Oe.
870 834 925 869 G)
945 840 1033 870 1867
1050 848 1086 880 p.
1100 840 1179 871 457.
1195 857 1237 861 —
1255 836 1294 870 P.
1312 841 1389 871 172.
1404 840 1448 870 26

104 895 217 928 prope
243 895 267 918 α
290 884 376 918 meis
401 884 550 918 aedibus
575 893 645 917 om.
672 883 768 925 Asc„
795 881 932 927 Saupp.
958 883 1034 917 Ind.
1059 881 1226 928 Gotting.
1252 882 1329 917 hib.
1358 887 1448 918 1867

107 941 143 974 p.
171 935 191 964 3
218 941 271 974 sq.
305 951 350 955 —
387 929 425 965 P.
449 933 586 964 172.27
619 929 806 975 [domum]
836 929 966 973 Kays,
1005 941 1074 965 om.
1108 931 1208 973 Asc„
1247 929 1370 965 Halm.
1407 952 1447 955 —

107 976 146 1011 P.
170 981 282 1012 173.1
314 976 507 1012 Caesonine
532 976 570 1011 P.
591 976 707 1019 Man,
734 976 872 1018 Halm,
899 976 1028 1021 Kays.,
1054 988 1128 1012 ceso
1155 976 1260 1011 codd.
1286 977 1384 1011 EFS
1411 979 1450 1011 et

108 1024 193 1059 Asc.
214 1023 299 1066 MP,
333 1035 477 1059 caesone
507 1022 590 1058 Asa.
613 1023 652 1067 S,
686 1034 814 1068 quaeso
845 1023 964 1058 Klotz.
992 1035 1014 1057 a
1045 1023 1139 1058 Don.
1165 1023 1245 1059 Ter.
1278 1024 1370 1059 Eun.
1397 1024 1450 1058 ΠΙ

110 1074 141 1105 5.
161 1075 191 1106 7.
218 1092 263 1096 -—
288 1070 327 1106 P.
351 1075 427 1105 173.
444 1074 464 1105 8
493 1070 675 1105 Gabinius
699 1070 844 1105 defend.
871 1069 1008 1113 Garat„
1034 1070 1154 1105 Klotz.
1179 1091 1227 1096 —
1250 1070 1290 1106 P.
1311 1076 1388 1106 173.
1404 1075 1450 1105 20

108 1118 174 1198 Pin
193 1121 291 1162 pact.
312 1118 440 1163 prov]
464 1116 556 1152 Bak.
581 1129 616 1162 p.
638 1121 717 1159 302,
744 1117 873 1162 Pluyg.
896 1117 969 1152 Mn.
992 1121 1081 1152 1881
1108 1129 1142 1162 p.
1167 1122 1244 1160 143,
1271 1117 1382 1161 Kays.
1405 1138 1448 1143 —

139 1191 145 1198 .
170 1169 246 1200 173.
262 1169 305 1199 23
331 1165 417 1210 [ut]
442 1163 579 1208 Klotz„
607 1175 678 1199 om.
702 1163 787 1207 SM,
814 1163 952 1207 Halm,
978 1164 1107 1209 Kays„
1136 1165 1195 1199 ‘ex
1219 1166 1296 1200 tu?
1325 1164 1448 1199 Halm.

109 1231 153 1236 —
173 1212 213 1246 P.
235 1216 312 1246 173.
329 1216 372 1246 30
398 1215 440 1246 tio
457 1211 495 1244 M
515 1212 553 1245 et
578 1215 599 1245 4
620 1210 772 1254 Oxonn.,
798 1211 932 1253 Klotz,
956 1211 1137 1256 Nipperd.
1157 1210 1224 1256 Op.
1243 1223 1279 1256 p.
1295 1216 1362 1246 460
1384 1223 1449 1256 sq„

108 1262 184 1293 tum
206 1257 347 1292 EFGP
358 1257 393 1302 S,
418 1262 503 1293 time
522 1257 711 1301 Wunder,
736 1257 871 1302 Halm„
896 1258 1005 1302 Kays.
1026 1261 1069 1292 ut
1093 1270 1128 1303 p.
1152 1263 1228 1293 171.
1245 1263 1264 1293 5
1290 1263 1367 1294 tum
1386 1258 1449 1292 Es

107 1316 175 1350 pro
207 1309 301 1340 time.
336 1326 377 1330 -—
411 1305 609 1340 P.173.32
642 1307 674 1340 is
704 1306 801 1340 domi
830 1317 866 1340 se
897 1310 962 1340 aut
993 1307 1109 1350 deniq.
1141 1305 1264 1340 Madv.
1297 1306 1390 1340 Adv.
1417 1305 1449 1340 Π

108 1363 143 1396 Ρ.
165 1356 232 1387 227
254 1364 324 1396 sq.,
357 1353 484 1397 idemq.
511 1351 635 1393 codd.,
667 1363 750 1386 eum
776 1363 883 1386 cruce
906 1345 1048 1396 Halm„
1079 1354 1113 1388 is
1135 1364 1171 1388 se
1199 1352 1355 1387 ‘amicus
1382 1352 1449 1387 Ur-

110 1398 210 1442 sini’,
236 1398 360 1443 Kays„
385 1410 472 1434 serv.
497 1400 539 1433 in
562 1400 691 1442 Italia,
716 1401 831 1444 itemq.
852 1399 983 1442 Klotz„
1009 1411 1110 1443 serv„
1134 1401 1176 1435 i‘n
1197 1401 1326 1443 Italia,
1349 1401 1449 1435 item-

109 1457 174 1490 que
200 1447 263 1491 qui
282 1445 462 1490 Nipperd.
483 1444 548 1490 Op.
569 1457 605 1490 p.
625 1450 693 1481 460
715 1458 766 1490 sq.
788 1467 831 1471 —
858 1446 897 1480 P.
921 1451 997 1481 173.
1013 1451 1056 1481 36
1083 1447 1172 1492 [aut
1194 1448 1260 1490 ref.
1281 1448 1329 1481 ced
1354 1448 1450 1493 sen]

107 1492 298 1528 Wundero
325 1494 421 1527 auct.
441 1492 575 1536 Halm„
602 1492 712 1537 Kays.
734 1493 797 1538 (ad
824 1497 899 1528 192.
915 1497 986 1538 21),
1013 1493 1157 1529 defend.
1183 1493 1368 1528 Huebner.
1396 1495 1450 1529 De

110 1550 185 1574 sen.
205 1551 289 1584 pop.
312 1551 345 1583 q.
366 1540 407 1574 R.
430 1539 523 1574 actis
548 1551 584 1584 p.
604 1544 660 1583 23,
687 1541 770 1575 ausi
793 1542 858 1583 ref.
879 1542 928 1575 ad
952 1552 1024 1576 sen.
1044 1540 1142 1585 Ieep.
1162 1540 1343 1576 Fleckeis.
1364 1551 1448 1576 ann.

112 1590 202 1621 1860
226 1598 262 1631 p.
284 1591 350 1622 618
371 1598 422 1630 sq.
468 1585 520 1621 Cf.
546 1599 578 1621 V.
600 1591 656 1622 29.
684 1608 727 1612 —
752 1586 791 1621 P.
815 1591 928 1622 1744
953 1589 1054 1623 iussa
1079 1587 1164 1622 Ern.
1193 1587 1298 1631 coni.,
1324 1587 1449 1623 Madv.

110 1632 202 1667 Adv.
218 1633 252 1666 Π
273 1645 307 1677 p.
324 1637 404 1676 228,
429 1634 528 1669 iusta
546 1633 594 1677 M,
620 1635 746 1669 inusta
763 1634 881 1679 vulg,
910 1634 957 1668 ad
976 1647 1011 1679 p.
1029 1639 1106 1669 130.
1121 1639 1174 1670 26.
1194 1656 1233 1660 -—
1255 1635 1294 1669 P.
1310 1639 1390 1671 174.
1404 1639 1448 1669 23

110 1683 176 1714 aut
200 1679 322 1722 codd.,
347 1679 487 1723 Klotz,
513 1691 556 1715 ae
580 1680 719 1724 Halm,
746 1680 876 1725 Kays.,
907 1680 1043 1726 Saupp.
1070 1681 1149 1717 Ind.
1177 1680 1343 1726 Go'nting.
1370 1681 1448 1716 hib.

112 1730 200 1760 1867
232 1738 268 1771 p.
294 1731 331 1769 4,
363 1731 406 1761 ut
434 1726 611 1771 Nipperd.
641 1727 706 1772 Op.
733 1739 768 1772 p.
795 1733 880 1766 461:
915 1728 963 1762 ad
992 1740 1027 1773 p.
1051 1733 1103 1763 11.
1121 1734 1152 1763 6.
1180 1749 1223 1754 —-
1249 1728 1286 1764 P.
1310 1733 1386 1764 174.
1405 1732 1448 1763 25

109 1774 227 1816 illum,
252 1777 371 1808 testem
396 1773 497 1814 edd..;
525 1773 572 1807 ad
595 1785 631 1818 p.
649 1780 702 1809 12.
717 1779 772 1810 30.
794 1795 836 1800 —
857 1775 896 1809 P.
914 1779 990 1809 174.
1006 1779 1050 1809 30
1076 1776 1249 1811 semiviri
1273 1775 1448 1819 Draeger.

109 1819 206 1856 Phil.
233 1820 352 1854 XXVI
378 1831 412 1864 p.
434 1824 514 1863 565,
538 1819 710 1855 Kraffert.
735 1832 858 1866 progr.
884 1821 1034 1856 Aurioh.
1062 1826 1152 1856 1883
1178 1834 1212 1866 p.
1237 1826 1314 1864 119,
1345 1824 1448 1857 semi-

108 1868 184 1902 vivi
213 1866 313 1911 vulg.
348 1888 389 1891 —
421 1867 460 1901 P.
490 1871 566 1902 174.
582 1871 626 1902 35
663 1869 865 1913 inflixerit
896 1868 985 1903 Bak.
1017 1880 1052 1913 p.
1081 1872 1165 1911 3033
1205 1868 1253 1902 ad
1282 1880 1318 1913 p.
1344 1872 1401 1904 46.
1416 1872 1446 1912 8,

111 1917 166 1948 68.
184 1917 213 1949 1.
241 1934 282 1938 -—
310 1914 347 1947 P.
372 1917 447 1949 175.
464 1917 484 1948 9
510 1915 590 1949 dieo
615 1914 707 1948 Bak.
734 1926 769 1959 p.
791 1919 857 1949 303
885 1914 1015 1949 eodem
1041 1925 1173 1957 errore,
1201 1926 1272 1958 quo
1298 1926 1332 1950 v.
1354 1920 1373 1950 6
1395 1926 1447 1959 sq.

109 1971 196 1995 esse
222 1961 312 1995 duco
337 1960 426 1994 ferri
450 1970 559 2005 posse
583 1961 746 2004 negavib,
773 1963 811 1995 et
829 1961 938 2005 Kays.
985 1961 1108 1996 Halm.
1129 1961 1279 2005 quidem
1304 1972 1448 1996 comma

108 2008 196 2051 posi
220 2008 425 2052 auyendum
450 2018 520 2040 om.
548 2027 592 2032 —-
618 2007 655 2042 P.
678 2011 755 2042 175.
772 2011 814 2042 15
845 2009 1026 2051 funestam
1055 2019 1122 2053 pro
1153 2020 1267 2044 unam
1291 2008 1446 2043 Franck.

108 2065 144 2097 p.
166 2058 220 2088 64.
249 2075 292 2079 —
318 2053 357 2089 P.
379 2058 514 2089 175.21
542 2055 779 2098 profectionis
804 2065 874 2090 om.
901 2057 943 2098 Τ,
968 2055 1102 2098 Halm,
1127 2054 1239 2099 Kays.
1265 2057 1376 2090 reete.
1403 2077 1446 2081 —

108 2100 148 2135 P.
171 2098 452 2146 175.25‘[eone.
477 2101 549 2146 Ii]
576 2112 642 2135 scr.
669 2100 883 2136 Franckeno
916 2104 1012 2136 auct.
1038 2114 1073 2146 p.
1095 2106 1150 2137 64.
1177 2123 1222 2127 —
1247 2102 1287 2137 P.
1310 2106 1387 2138 175.
1403 2107 1446 2137 27

108 2146 224 2192 [cons.
247 2148 341 2193 atq]
362 2159 441 2186 scr..
468 2147 666 2192 oportebab
685 2158 764 2182 esse
785 2148 919 2183 saltem
938 2150 1159 2184 consentiens
1185 2150 1250 2183 aut
1275 2160 1448 2185 consensu

109 2195 152 2226 111,
175 2205 210 2238 p.
228 2198 304 2230 165.
320 2199 358 2237 33
385 2195 451 2229 sed
470 2205 591 2228 errore
616 2195 708 2239 pulzo
728 2194 767 2229 in
790 2195 895 2230 codd.
916 2195 984 2229 TV
1002 2195 1140 2230 omissa
1161 2206 1241 2230 esse
1259 2208 1293 2231 v.
1309 2197 1447 2241 populo

108 2240 229 2284 Rom,
261 2251 356 2284 quae
388 2241 531 2275 addunss
563 2243 648 2276 cett.
675 2242 799 2285 codd.,
830 2242 943 2286 idque
970 2253 1049 2277 esse
1081 2242 1268 2286 glossema
1291 2245 1335 2277 ut
1364 2254 1446 2277 eon-

108 2298 218 2322 eursu
237 2288 381 2323 Italiae.
402 2309 445 2313 —
469 2288 508 2324 P.
532 2292 607 2323 175.
624 2292 666 2323 29
688 2300 753 2334 que
773 2288 857 2324 add.
877 2300 971 2323 unus
991 2288 1071 2324 cod.
1084 2289 1129 2333 V,
1153 2289 1289 2334 Halm„
1314 2289 1446 2333 Klotz„
