1671 2543
228 89 313 130 172
611 89 663 124 IN
689 89 727 125 L.
753 88 968 138 PJSONEM
993 89 1181 126 ORATIO.

227 196 312 238 dici
343 197 581 251 audiebam,
613 200 655 238 te
684 199 733 238 ut
757 197 947 251 primum
972 199 1150 253 aspexit,
1184 197 1450 253 Campanum
1475 214 1571 242 6011-

227 255 364 296 31116111
388 256 640 309 repudiavit.
678 256 887 297 Audierat
905 255 1061 298 Decios
1081 257 1251 312 Magios
1273 261 1316 299 et
1336 259 1386 299 de
1405 258 1572 300 Taurea

225 314 302 355 illo
330 314 519 356 Vibellio
554 314 713 368 aliquid
747 317 987 369 acceperat;
1017 316 1062 356 in
1089 316 1244 370 quibus
1271 316 1308 357 si
1333 317 1571 358 moderatio

227 372 319 423 illa,
359 387 465 427 quae
504 374 550 414 in
584 373 748 414 nostris
786 373 896 414 solet
929 388 1021 415 6336
1055 375 1321 429 consulibus,
1358 390 1446 417 non
1475 375 1571 429 fuit,

228 434 273 471 at
293 431 377 471 fuit
396 446 565 486 pompa,
585 431 670 471 fuit
690 432 865 486 species,
885 431 969 473 fuit
987 434 1180 474 incessus
1201 434 1357 475 saltem
1378 433 1573 488 Seplasia
1607 446 1624 472 ε

168 496 213 527 25
230 489 384 544 dignus
413 493 455 530 et
476 489 633 544 Capua.
674 489 907 532 Gabinium
933 491 1113 545 denique
1139 492 1176 533 si
1199 492 1406 534 vidissent
1426 493 1572 534 duum-

227 548 368 589 virum
394 549 527 589 vestri
552 549 618 589 illi
644 549 930 604 unguentarii,
957 550 1084 592 citius
1109 551 1396 606 agnovissent.
1432 551 1572 592 Erant

228 606 293 647 illi
320 608 482 662 compti
510 607 655 662 capilli
682 611 724 648 et
750 608 971 649 madentes
999 609 1294 651 cincinnorum
1313 610 1509 651 fimbriae
1529 613 1573 651 et

227 665 408 706 fluentes
435 666 842 721 purpurissataeque
868 667 1026 709 buccae
1046 668 1199 722 dignae
1221 667 1379 722 Capua,
1405 669 1478 710 sed
1497 669 1573 709 illa

227 727 389 778 vetere,
420 740 517 765 nam
552 725 658 767 haec
685 726 868 779 quidem,
901 740 1007 779 quae
1033 741 1146 768 nunc
1172 730 1250 781 est,
1282 727 1572 781 splendidissi-
1592 740 1626 767 lo

228 792 398 823 morum
429 783 670 838 hominum,
703 784 1043 826 fortissimorum
1074 785 1277 840 virorum,
1310 786 1573 840 optimorum

229 841 386 882 civium
425 842 616 896 miliique
650 843 1011 884 amicissimorum
1042 844 1319 885 multitudine
1351 845 1572 886 r.edundat

231 898 422 948 Quorum
461 900 631 955 Capuae
666 904 709 942 te
741 904 1057 967 praetextatum
1091 917 1216 944 nemo
1250 903 1462 958 adspexit,
1501 903 1574 957 qui

227 972 315 999 non
353 963 544 1013 gemeret
583 960 792 1001 desiderio
832 961 933 1013 mei,
972 961 1091 1002 cuius
1131 962 1310 1003 consilio
1350 976 1447 1003 611111
1483 962 1574 1003 11111-

228 1031 301 1058 vel
305 1032 397 1058 sam
422 1032 513 1059 rem
535 1019 765 1073 publicam,
791 1022 885 1072 tum
904 995 1054 1060 1113111
1043 1034 1184 1074 ipsam
1204 1021 1355 1062 urbem
1375 1020 1628 1062 memine-15

228 1079 327 1116 rant
372 1091 464 1117 esse
508 1081 733 1118 servatam.
806 1077 875 1118 Nle
920 1078 1118 1119 inaurata
1162 1082 1308 1120 statua
1351 1080 1574 1131 donarant,

228 1148 297 1174 me
321 1138 554 1189 patronum
579 1150 713 1177 unum
740 1136 1020 1191 adsciver,ant
1047 1152 1071 1177 a
1097 1152 1164 1178 me
1185 1152 1230 1179 se
1249 1138 1408 1179 habere
1427 1138 1574 1192 vitam,

228 1192 438 1247 fortunas,
458 1194 616 1235 liberos
639 1195 974 1248 arbitrabantur,
995 1211 1062 1236 1116
1083 1199 1126 1237 et
1138 1200 1411 1250 praesentem
1425 1200 1575 1238 contra

228 1251 506 1293 latrocinium
537 1255 661 1293 tuum
692 1253 780 1294 suis
814 1254 995 1295 decretis
1028 1255 1268 1309 legatisque
1298 1255 1574 1296 defenderant

230 1313 274 1351 et
317 1311 540 1351 absentem
583 1311 776 1365 principe
820 1310 894 1354 Cn.
932 1312 1137 1367 Pompeio
1182 1313 1392 1354 referente
1437 1316 1480 1354 et
1522 1314 1574 1355 de
1594 1330 1628 1356 20

230 1382 409 1422 corpore
447 1369 510 1411 rei
546 1370 744 1424 publicae
777 1373 951 1411 tuorum
983 1372 1191 1412 scelerum
1224 1373 1312 1413 tela
1342 1372 1574 1413 revellente

168 1435 215 1468 26
230 1431 496 1468 revocarant.
545 1428 616 1469 An
647 1431 742 1469 tum
774 1443 867 1469 eras
898 1430 1058 1483 consul,
1091 1445 1187 1471 cum
1213 1431 1258 1471 in
1282 1430 1453 1472 Palatio
1479 1445 1576 1472 mea

230 1485 381 1526 domus
420 1487 598 1527 ardebat
634 1501 722 1528 non
760 1501 860 1529 casu
893 1488 1054 1543 aliquo,
1093 1489 1166 1530 sed
1198 1490 1372 1544 ignibus
1404 1489 1575 1531 iniectis

229 1544 468 1599 instigante
506 1546 579 1587 te?
640 1545 820 1611 Ecquod
856 1546 902 1587 in
938 1547 1019 1588 hac
1055 1548 1160 1588 urbe
1199 1548 1337 1589 maius
1369 1563 1575 1603 umquam

229 1602 472 1644 incendium
500 1603 596 1658 fuit,
629 1605 696 1646 6111
720 1619 809 1645 11011
834 1606 982 1646 consul
1010 1606 1286 1648 subvenerit?
1336 1607 1398 1648 At
1423 1610 1472 1648 tu
1497 1607 1573 1648 illo
1594 1624 1628 1649 25

229 1661 324 1726 ipso
350 1665 544 1716 tempore
571 1663 683 1717 apud
709 1677 880 1705 socrum
906 1666 1027 1704 tuam
1051 1679 1184 1719 prope
1211 1679 1236 1706 a
1258 1665 1365 1707 meis
1387 1665 1575 1721 aedibus,

231 1720 351 1762 cuius
384 1721 559 1762 domum
591 1722 644 1762 ad
676 1736 816 1763 meam
850 1722 1060 1775 [domum]
1095 1724 1428 1766 exhauriendam
1458 1728 1575 1778 pate-

229 1779 405 1833 feceras,
437 1780 614 1821 sedebas
645 1795 733 1822 non
765 1781 1013 1835 exstinctor,
1046 1782 1120 1824 sed
1146 1786 1296 1824 auctor
1321 1783 1506 1825 incendii
1532 1786 1576 1824 et

231 1839 421 1880 ardentis
453 1838 568 1880 faces
600 1838 724 1880 furiis
758 1838 975 1881 Clodianis
1001 1855 1135 1894 paene
1160 1841 1252 1896 ipse
1279 1843 1427 1883 consul
1453 1841 1576 1882 mini-

163 1894 216 1935 12
232 1897 414 1938 str.abas
475 1897 547 1938 An
580 1911 681 1939 vero
713 1898 879 1952 reliquo
912 1901 1105 1953 tempore
1138 1900 1357 1941 consulem
1388 1903 1431 1941 te
1464 1900 1576 1954 quis·
1594 1917 1629 1944 zo

232 1969 361 2010 quam
387 1956 522 2011 duxit,
552 1956 781 2011 quisquam
803 1957 885 1998 tibi
909 1958 1066 2012 paruit,
1092 1959 1318 2012 quisquam
1343 1959 1388 2000 in
1414 1959 1578 2000 curiam

230 2015 417 2056 venienti
450 2015 697 2069 assurrexit,
725 2016 953 2070 quisquam
974 2017 1214 2058 consulenti
1233 2018 1577 2071 iespondendum

230 2074 430 2127 putavit?
498 2073 800 2115 Numerandus
842 2077 908 2116 est
945 2075 1018 2116 ille
1057 2090 1192 2117 annus
1231 2076 1412 2129 denique
1447 2076 1495 2116 in
1530 2090 1576 2116 1·6

230 2133 414 2186 publica,
441 2147 538 2174 cum
559 2133 848 2174 obmutuisset
867 2136 1055 2188 senatus,
1077 2134 1235 2175 iudicia
1255 2134 1576 2185 conticuissent,

231 2194 473 2232 maererent
498 2191 613 2246 boni,
638 2191 702 2233 vis
729 2192 947 2233 latrocinii
972 2193 1107 2234 vestri
1132 2196 1227 2234 tota
1248 2192 1353 2234 urbe
1372 2192 1576 2234 volitaret
1595 2211 1630 2237 35

230 2263 367 2303 neque
408 2250 511 2290 civis
550 2264 660 2291 unus
696 2265 747 2291 ex
785 2250 969 2304 civitate,
1008 2251 1081 2293 sed
1105 2252 1202 2306 ipsa
1239 2250 1391 2292 civitas
1422 2254 1498 2293 tuo
1531 2254 1576 2293 et

233 2304 390 2348 Gabini
422 2307 573 2349 sceleri
603 2308 824 2362 furorique
858 2285 1084 2352 cessisset?
