1671 2543
541 94 642 131 CAP.
671 99 807 130 18—20
834 99 852 135 ,s
879 99 1028 130 41—47.
1376 97 1455 137 151

120 203 270 259 Itaque
292 207 335 246 et
355 203 510 245 adsunt
529 203 743 258 principes
771 204 959 246 civitatis
985 206 1028 245 et
1054 204 1286 245 defendunt
1312 218 1456 246 amore

118 266 168 304 ut
199 277 321 304 suum
354 263 506 316 civem,
538 262 787 303 testimonio
819 266 868 303 ut
898 265 1114 317 nostrum,
1151 263 1293 304 officio
1325 267 1374 304 ut
1406 277 1457 304 ex

118 322 386 363 nobilissimo
414 321 496 362 civi
522 321 843 362 sanctissimum
867 322 1095 376 hospitem,
1122 321 1264 363 studio
1289 324 1339 362 ut
1365 322 1457 362 dili-

119 381 419 435 gentissimum
462 380 729 421 defensorem
773 381 1093 422 commodorum
1141 395 1327 428 suorum.
1390 381 1453 422 Ac
1469 387 1513 418 44

81 450 97 475 5
117 454 170 480 110
200 439 284 493 ipsi
315 438 517 480 Gaditani
549 439 823 493 arbitrentur,
857 454 1115 493 quamquam
1146 440 1265 480 nullo
1296 440 1457 480 incom-

117 498 242 539 modo
276 498 540 548 adficiantur,
573 497 609 538 si
640 497 768 538 liceat
795 512 942 539 eorum
974 499 1087 539 cives
1120 498 1294 539 virtutis
1328 513 1457 539 causa

117 557 161 597 111
191 559 385 597 nostram
423 556 643 597 civitatem
674 556 830 610 venir,e
861 559 1006 597 tamen
1037 557 1118 598 hoc
1149 557 1244 611 ipso
1276 557 1454 598 inferius

116 629 208 656 esse
240 629 365 656 suum
396 615 544 656 foedus
578 629 706 668 quam
739 617 989 660 ceter01,um
1021 616 1277 657 consolabor
1307 619 1349 656 et
1374 616 1455 657 hos

115 674 354 728 praesentis
392 674 508 714 viros
548 674 734 728 optimos
774 676 817 714 et
847 674 967 714 illam
998 674 1293 715 fidelissimam
1325 677 1454 740 atque

64 744 97 769 10
117 732 423 774 amicissimam
458 732 584 773 nobis
624 733 845 774 civitatem
877 733 1004 773 simul
1038 735 1081 773 et
1111 747 1188 774 vos
1218 748 1305 774 non
1336 734 1456 788 igno-

115 791 270 845 rantis,
308 792 487 845 iudices,
528 792 784 845 admonebo,
817 805 900 845 quo
933 792 983 832 de
1015 792 1106 832 iure
1137 791 1219 833 hoc
1249 792 1454 833 iudicium

116 851 402 891 constitutum
422 850 491 904 sit,
511 850 561 891 de
582 864 631 890 eo
650 864 884 904 numquam
900 850 1074 891 omnino
1090 865 1181 891 esse
1197 851 1455 893 dubitatum.

205 908 319 957 Quos
357 909 491 963 igitur
527 909 895 963 prudentissumos
933 909 1187 963 interpretes
1224 909 1455 964 foederum,
1469 915 1515 946 45

116 981 223 1021 quos
266 968 563 1021 peritissumos
607 967 750 1008 bellici
788 967 910 1021 iuris,
956 981 1062 1021 quos
1101 968 1455 1023 diligentissimos

62 1038 95 1063 15
115 1026 160 1067 in
203 1026 472 1080 exquirendis
518 1026 837 1067 condicionibus
882 1026 1102 1067 civitatum
1149 1029 1276 1080 atque
1316 1027 1454 1068 causis

115 1099 206 1126 esse
245 1085 534 1125 arbitramur?
590 1085 678 1125 Eos
716 1084 926 1150 profecto.
963 1085 1036 1139 qui
1074 1086 1160 1126 iam
1195 1085 1375 1139 imperia
1406 1100 1455 1127 ac

114 1143 229 1184 bella
265 1145 502 1198 gesserunt
562 1143 754 1196 Etenim,
794 1143 831 1184 31
871 1143 918 1192 Q.
952 1142 1157 1185 Scaevola
1194 1144 1267 1184 ille
1307 1158 1454 1199 augur,
1469 1138 1523 1179 20

115 1216 211 1243 cum
259 1203 308 1243 de
352 1202 443 1243 iure
486 1202 775 1256 praediatorio
820 1202 1126 1257 consuleretur,
1174 1202 1303 1243 homo
1349 1203 1454 1244 iuris

112 1261 399 1315 peritissimus
426 1260 691 1301 consultores
715 1274 815 1302 suos
839 1275 927 1302 non
950 1275 1185 1315 numquam
1205 1261 1257 1301 ad
1276 1261 1455 1303 Furium

60 1333 94 1357 20
115 1322 158 1361 et
189 1319 444 1361 Cascellium
480 1319 771 1373 praediatores
807 1319 1029 1373 reiciebat,
1066 1320 1103 1362 si
1139 1334 1218 1361 nos
1257 1320 1307 1361 de
1345 1335 1456 1374 aqua

111 1380 261 1420 nostra
291 1378 532 1419 Tusculana
563 1377 619 1418 M.
652 1378 890 1433 Tugionem
913 1378 1060 1432 potius
1087 1393 1214 1433 quam
1247 1377 1292 1420 C.
1323 1379 1455 1432 Aqui-

111 1437 219 1478 lium
245 1437 584 1490 consulebamus,
611 1437 724 1491 quod
750 1437 951 1478 adsiduus
975 1451 1080 1478 usus
1104 1438 1179 1478 uni
1204 1437 1267 1478 rei
1287 1438 1454 1479 deditus

112 1498 156 1537 et
193 1496 415 1551 ingenium
452 1498 496 1537 et
533 1498 669 1536 artem
707 1510 832 1550 saepe
869 1496 1019 1549 vincit,
1064 1496 1160 1550 quis
1198 1496 1366 1537 dubitet
1403 1496 1454 1538 de

112 1554 355 1595 foederibus
388 1557 431 1595 et
463 1554 512 1595 de
544 1556 637 1595 toto
667 1554 758 1595 iure
783 1554 900 1608 pacis
927 1556 970 1595 et
994 1554 1098 1595 belli
1125 1555 1323 1596 omnibus
1348 1555 1454 1597 iuris

59 1626 93 1652 25
113 1613 385 1667 peritissimis
406 1613 685 1666 imperatores
705 1616 878 1654 nostros
893 1613 1134 1654 anteferre?
1165 1613 1453 1655 Possumusne
1469 1621 1514 1653 46

113 1672 250 1727 igitur
276 1671 357 1711 tibi
383 1672 565 1724 probare
592 1674 811 1712 auctorem
838 1672 1021 1725 exempli
1047 1674 1176 1726 atque
1201 1671 1307 1713 facti
1326 1672 1455 1726 illius,

115 1730 227 1784 quod
266 1744 290 1770 a
326 1731 369 1770 te
407 1729 692 1783 reprenditur,
730 1729 775 1771 C.
807 1729 1023 1771 Marium?
1062 1731 1231 1783 quaeris
1267 1730 1454 1784 aliquem

114 1789 367 1843 graviorem,
400 1788 746 1840 constantiorem,
775 1788 1134 1841 praestantiorem
1159 1789 1330 1842 virtute,
1357 1803 1455 1842 pru-

114 1847 275 1899 dentia,
312 1846 549 1900 religione?
610 1845 653 1886 Is
690 1846 824 1900 igitur
861 1845 1132 1901 Iguvinatem
1169 1846 1226 1887 M.
1263 1846 1455 1888 Annium

59 1921 94 1946 30
114 1906 315 1960 Appium,
346 1904 631 1945 fortissimum
661 1904 800 1946 virum
831 1917 992 1945 Summa
1016 1905 1174 1945 virtute
1199 1905 1454 1960 praeditum,

114 1964 286 2005 civitate
324 1963 517 2017 donavit,
554 1964 659 2003 idem
696 1963 871 2004 cohortes
906 1964 1010 2004 duas
1045 1965 1256 2005 universas
1292 1963 1454 2005 Camer-

113 2025 215 2064 tium
252 2023 411 2063 civitate
441 2022 622 2070 donarit,
655 2035 750 2062 cum
778 2021 1071 2063 Camertinum
1099 2023 1239 2073 foedus
1270 2023 1452 2063 omnium

111 2081 330 2123 foederum
362 2080 680 2121 sanctissimum
710 2083 837 2134 atque
864 2080 1168 2134 aequissimum
1195 2080 1324 2121 sciret
1349 2095 1452 2123 esse.

112 2140 263 2181 Potest
288 2140 434 2195 igitur,
459 2139 632 2191 iudices,
657 2138 704 2179 L.
734 2137 957 2180 Cornelius
985 2139 1267 2193 condemnari,
1292 2142 1342 2179 ut
1365 2154 1453 2181 non

59 2214 93 2240 35
113 2198 156 2240 C.
189 2198 300 2239 Mari
337 2197 499 2239 factum
538 2197 876 2238 condemnetur?
938 2197 1110 2238 Existat
1149 2211 1250 2252 ergo
1282 2198 1355 2239 ille
1387 2198 1508 2243 vir47

112 2272 340 2311 parumper
379 2255 639 2311 cogitatione
670 2258 830 2309 vestra,
869 2256 1070 2310 quoniam
1102 2270 1146 2296 re
1177 2270 1264 2297 non
1293 2259 1451 2311 potest,

112 2318 161 2356 ut
205 2315 479 2370 conspiciatis
523 2329 619 2355 eum
662 2314 896 2369 mentibus,
941 2314 1143 2369 quoniam
1187 2314 1320 2356 oculis
1363 2330 1452 2357 non
