1671 2543
243 115 328 156 144
495 114 589 150 PRO
614 114 654 150 L.
681 112 920 150 CORNELIO
947 113 1104 148 BALBO
1132 113 1323 149 ORATIO.

242 223 382 265 aliena
399 237 446 265 re
465 223 639 278 publica
660 236 919 276 quemquam
937 221 1030 263 fore
1049 222 1213 276 putatis
1235 222 1308 275 qui
1332 236 1376 264 se
1398 225 1588 277 opponat

240 282 443 337 periculis
468 296 557 323 non
581 281 707 323 modo
733 280 853 322 nullo
879 280 1104 335 proposito
1130 280 1334 335 praemio,
1360 281 1434 322 sed
1457 281 1587 323 etiam

242 341 503 383 interdicto?

334 398 416 441 Sed
448 413 544 441 cum
577 400 643 439 est
673 397 780 438 illud
812 397 1121 452 inperitissime
1151 398 1314 440 dictum
1339 398 1390 440 de
1415 399 1588 453 populis

243 458 399 512 fundis,
435 457 548 512 quod
581 471 805 498 commune
835 456 1073 498 liberorum
1104 459 1170 498 est
1201 456 1470 512 populorum,
1500 472 1590 499 non
1625 475 1641 501 5

240 517 465 572 proprium
503 515 837 569 foederatorum,
876 529 927 557 ex
966 529 1049 569 quo
1088 515 1283 571 intellegi
1317 530 1491 557 necesse
1523 519 1590 558 est

242 578 318 617 aut
342 575 555 616 neminem
582 589 633 615 ex
653 574 780 615 sociis
802 574 937 616 civem
956 573 1050 615 fieri
1069 588 1195 628 posse
1216 576 1291 616 aut
1310 574 1442 616 etiam
1461 589 1588 629 posse

243 650 294 676 ex
319 634 561 687 foederatis,
586 635 681 674 tum
706 647 807 674 vero
834 632 901 674 ius
923 647 1045 674 omne
1064 635 1262 675 nostrum
1281 632 1362 675 iste
1381 633 1590 688 magister

177 380 225 420 11

243 693 473 734 mutandae
500 691 688 734 civitatis
708 691 892 746 ignorat,
919 691 1032 745 quod
1052 693 1128 745 est,
1150 692 1324 746 iudices,
1342 707 1430 734 non
1449 693 1589 734 solum

242 752 289 792 in
319 751 488 806 legibus
520 750 706 805 publicis
737 750 944 804 positum,
977 750 1050 792 sed
1082 750 1212 792 etiam
1243 750 1289 791 in
1318 751 1587 805 privatorum
1609 767 1642 792 ιο

243 810 477 851 voluntate.
538 808 636 850 Iure
674 809 788 850 enim
818 811 968 851 nostro
1001 823 1139 863 neque
1171 811 1337 850 mutare
1370 809 1589 851 civitatem

245 869 473 923 quisquam
509 868 670 909 invitus
708 869 853 922 potest
882 882 1038 923 neque,
1077 867 1114 909 si
1143 868 1266 922 velit,
1303 870 1470 910 mutare
1502 883 1591 911 non

243 930 400 982 potest,
432 927 558 968 modo
591 926 855 968 adsciscatur
886 927 939 967 ab
973 941 1022 968 ea
1054 926 1245 981 civitate,
1277 927 1397 968 cuius
1427 941 1518 969 esse
1545 942 1589 969 se

246 986 433 1027 civitatis
459 986 575 1027 velit.
632 984 706 1039 Ut,
738 986 774 1027 si
802 984 1004 1026 Gaditani
1031 985 1234 1026 sciverint
1257 986 1514 1027 nominatim
1539 986 1589 1027 de

246 1045 389 1098 aliquo
423 1044 513 1086 cive
539 1044 749 1098 Romano,
779 1047 829 1092 ut
860 1044 918 1085 sit
947 1044 984 1086 is
1018 1044 1122 1086 civis
1151 1043 1400 1099 Gaditanus,
1432 1058 1591 1100 magna
1610 1060 1642 1086 15

243 1106 438 1158 potestas
465 1103 522 1144 sit
546 1105 697 1144 nostro
727 1103 809 1144 civi
836 1103 1063 1144 mutandae
1091 1103 1291 1156 civitatis,
1316 1117 1395 1144 nec
1419 1102 1590 1146 foedere

245 1162 516 1218 impediatur,
543 1176 626 1216 quo
653 1161 794 1203 minus
822 1176 873 1202 ex
896 1162 986 1203 cive
1007 1161 1203 1203 Romano
1226 1161 1330 1203 civis
1352 1161 1590 1204 Gaditanus

188 1225 231 1256 28
245 1221 385 1275 possit
416 1235 519 1261 esse.
575 1219 769 1261 Duarum
802 1220 1027 1262 civitatum
1059 1220 1164 1262 civis
1195 1222 1344 1262 noster
1376 1235 1468 1263 esse
1497 1220 1589 1262 iure

247 1279 363 1320 civili
400 1293 525 1320 nemo
563 1281 726 1333 potest3
765 1293 853 1320 non
890 1293 982 1320 esse
1019 1279 1147 1320 huius
1186 1279 1393 1332 civitatis,
1431 1279 1506 1333 qui
1544 1293 1589 1320 se

247 1337 323 1379 alii
361 1337 526 1379 civitati
565 1337 734 1391 dicarit,
774 1339 929 1391 potest.
996 1336 1148 1391 Neque
1186 1337 1326 1379 solum
1363 1337 1590 1392 dicatione,
1609 1354 1644 1378 20

248 1396 362 1450 quod
404 1396 450 1436 in
494 1395 737 1437 calamitate
777 1395 1027 1437 clarissimis
1065 1395 1168 1437 viris
1209 1395 1257 1444 Q.
1295 1395 1505 1451 Maximo,
1544 1395 1590 1438 C.

246 1454 445 1509 Laenati,
485 1453 533 1503 Q.
567 1453 770 1508 Philippo
802 1453 1032 1508 Nuceriae,
1073 1453 1118 1496 G.
1151 1453 1306 1496 Catoni
1338 1454 1590 1509 Tarracone,

249 1513 297 1562 Q.
325 1512 541 1567 Caepioni,
574 1512 619 1553 P.
646 1512 810 1554 Rutilio
838 1512 1047 1567 Zmyrnae
1079 1513 1263 1554 vidimus
1294 1513 1510 1567 accidisse,
1541 1516 1591 1555 ut

248 1586 395 1612 earum
427 1571 651 1612 civitatum
676 1571 828 1612 fierent
854 1571 979 1625 cives,
1011 1585 1104 1613 cum
1128 1571 1240 1613 hanc
1266 1574 1364 1613 ante
1392 1573 1590 1613 amittere

246 1645 334 1672 non
370 1630 631 1684 potuissent,
671 1644 799 1683 quam
835 1630 918 1671 hoc
958 1630 1099 1671 solum
1130 1630 1318 1671 civitatis
1351 1631 1589 1672 mutatione
1610 1646 1643 1672 25

246 1689 495 1743 vertissent,
534 1689 608 1729 sed
640 1689 770 1730 etiam
801 1689 1068 1743 postliminio
1100 1691 1246 1743 potest
1276 1689 1466 1731 civitatis
1498 1690 1591 1731 fieri

247 1747 443 1788 mutatio.
517 1746 669 1801 Neque
714 1747 828 1788 6111111
872 1747 962 1788 81116
1007 1761 1136 1789 061186
1179 1748 1230 1789 de
1275 1746 1348 1789 Cn.
1393 1747 1592 1791 Publicio

247 1806 496 1860 Menandro,
522 1806 724 1848 libertino
750 1806 936 1860 homine,
963 1820 1090 1860 quem
1115 1806 1228 1860 apud
1253 1806 1437 1848 maiores
1457 1806 1592 1862 legati

246 1865 387 1906 nostri
424 1865 469 1905 in
508 1863 733 1906 Graeciam
769 1864 1091 1919 proficiscentes
1129 1865 1408 1919 interpretem
1446 1879 1591 1907 secum

247 1923 406 1964 habere
438 1923 676 1978 voluerunt,
709 1923 761 1964 ad
782 1923 1000 1978 'populum
1031 1923 1168 1964 latum
1199 1928 1266 1976 est,
1297 1926 1347 1964 ut
1378 1924 1415 1965 is
1446 1923 1590 1965 Publi-
1609 1941 1644 1966 30

250 1983 358 2036 cius,
399 1982 436 2023 si
475 1982 649 2023 domum
687 1982 922 2023 revenisset
961 1984 1004 2023 et
1042 1982 1138 2023 inde
1177 1981 1591 2036 Romamredisset,

247 2055 300 2081 ne
332 2040 473 2081 minus
506 2040 611 2082 civis
643 2043 768 2082 esset.
818 2040 947 2082 Multi
979 2041 1110 2082 etiam
1136 2040 1354 2094 superiore
1380 2041 1591 2082 memoria

250 2113 362 2140 cives
400 2099 586 2140 Romam·
624 2113 701 2140 sua
737 2099 960 2140 voluntate
997 2098 1234 2140 indemnati
1272 2100 1316 2140 et
1351 2098 1589 2140 incolumes

257 2156 325 2197 1118
370 2158 499 2198 rebus
545 2157 710 2200 relictis
757 2158 864 2199 alias
904 2172 948 2199 se
985 2157 1031 2198 in
1068 2157 1265 2199 civitates
1303 2157 1589 2198 contulerunt.

339 2214 501 2263 Quodsi
545 2216 627 2257 civi
670 2215 865 2257 Romano
909 2216 1011 2258 licet
1056 2230 1147 2257 esse
1196 2214 1457 2256 Gaditanum
1500 2215 1589 2257 sive
1609 2233 1643 2258 35

252 2272 377 2313 exilio
417 2273 504 2314 sive
542 2274 809 2327 postliminio
847 2274 936 2316 sive
974 2274 1204 2315 reiectione
1240 2272 1367 2315 huius
1401 2273 1589 2316 civitatis

252 2328 318 2381 (ut
337 2331 423 2371 iam
443 2331 496 2371 ad
514 2331 663 2373 foedus
684 2333 863 2387 veniam,
884 2333 996 2387 quod
1010 2332 1063 2373 ad
1078 2346 1250 2374 causam
1261 2331 1371 2372 nihil
1383 2333 1591 2386 pertinen

184 2195 234 2235 12
