1671 2543
215 85 301 127 246
587 84 680 120 PRO
706 84 754 118 M.
782 83 970 120 SCAURO
997 82 1184 119 ORATIO.

215 193 366 236 Scauri
394 193 455 235 vel
481 193 639 247 yeneris
669 192 907 246 amplitudo,
931 195 1093 244 partem
1124 191 1392 245 turpitudinis
1414 193 1558 244 raptae

206 253 405 306 pecuniae
440 253 608 304 crimen,
646 252 747 304 quid
778 252 882 303 facit
914 250 1105 292 Tullius?
1166 251 1208 291 A
1246 250 1365 292 laude
1393 251 1557 292 virtutis

214 312 345 365 ipsius
386 312 533 365 incipit
555 310 633 366 ⁴‘ch
676 310 1047 352 commemoratione
1088 310 1310 364 maiorum,
1352 312 1416 364 nt,
1458 310 1557 351 dum

213 371 468 423 honestatem,
492 383 617 423 quam
642 382 767 411 causa
778 369 1022 422 praestabat
1034 382 1242 421 personae,
1261 371 1556 423 commemorat,

214 430 524 483 turpitudinem,
565 442 690 481 quam
731 429 883 470 crimen
926 427 1137 482 afferebat,
1180 429 1346 470 avertat.
1414 425 1555 483 (Grill.
1592 442 1610 468 ⁵

205 503 249 542 p.
269 492 362 530 603.
382 491 451 530 28.

177 554 198 585 3
305 547 403 599 [lb]
455 487 618 588 )Subiit
673 545 805 587 etiam
857 545 1007 600 populi
1056 545 1262 587 iudicium
1311 544 1556 600 inquirente

213 604 288 648 Cn.
320 605 515 647 Domitio
547 605 722 646 tribuno
755 604 906 659 plebis.
968 603 1135 659 (Ascon.
1147 619 1191 657 p.
1212 607 1277 646 18.
1296 607 1382 658 18.)

177 672 199 702 4
305 666 367 716 [2]
431 664 548 706 Reus
586 666 653 705 est
688 663 828 704 factus
861 677 886 704 a
918 662 966 712 Q.
1000 661 1180 704 Servilio
1214 662 1428 717 Caepione
1458 662 1555 717 lege

213 722 407 777 Servilia,
439 737 537 764 cum
569 722 728 763 iudicia
757 736 894 777 penes·
920 724 1163 777 equestrem
1193 721 1386 763 ordinem
1412 724 1556 763 essent
1576 737 1609 762 10

213 785 256 823 et
287 781 333 823 P.
366 781 533 823 Rutilio
572 781 775 823 damnato
811 795 936 822 nemo
969 784 1060 822 tam
1090 781 1296 823 innocens
1327 780 1555 835 videretur,

212 844 261 882 ut
291 855 379 882 non
411 840 586 882 timeret
616 840 704 881 illa.
767 840 934 887 (Ascon.
947 854 991 892 p.
1010 843 1076 881 19.
1097 837 1152 895 7.)

176 902 196 931 5
303 900 365 952 [3]
436 899 504 940 Ab
543 899 692 940 eodem
731 898 863 940 etiam
900 898 994 953 lege
1027 898 1161 940 Varia
1197 900 1344 940 custos
1382 897 1455 939 ille
1493 898 1555 939 rei

209 958 408 1013 publicae
439 957 698 1012 proditionis
731 960 797 998 est
828 957 873 998 in
905 958 1067 999 crimen
1099 959 1292 1011 vocatus3
1323 959 1501 998 vexatus
1528 971 1554 998 a

211 1016 259 1066 Q.
291 1016 424 1058 Vario
457 1016 632 1058 tribuno
663 1016 804 1070 plebis
837 1019 903 1057 est
934 1031 1021 1058 non
1054 1016 1191 1058 multo
1225 1018 1335 1057 ante.
1385 1015 1554 1071 (Ascon.
1576 1028 1609 1054 15

222 1090 247 1118 J.
268 1080 332 1117 19.
353 1080 417 1117 19.
844 1104 846 1106 -

176 1091 223 1177 62
307 1135 400 1187 [4a]
420 1073 553 1175 >Non
581 1133 696 1174 enim
728 1136 899 1175 tantum
931 1133 1168 1175 admiratus
1203 1147 1298 1174 sum
1324 1147 1404 1189 ego
1430 1133 1556 1175 illum

209 1192 349 1234 virum
382 1193 495 1234 sicut
527 1206 693 1246 omnes,
732 1193 805 1233 sed
838 1192 970 1233 etiam
1001 1192 1229 1246 praecipue
1261 1192 1401 1233 dilexi.
1463 1191 1555 1233 Pri-

210 1266 304 1292 mus
331 1251 446 1292 enim
472 1265 539 1291 me
564 1251 822 1305 flagrantem
850 1251 992 1292 studio
1018 1251 1157 1292 laudis
1183 1250 1228 1291 in
1252 1264 1374 1304 spem
1393 1250 1554 1305 inpulit

208 1323 336 1363 posse
380 1309 542 1350 virtute
584 1323 651 1350 me
690 1309 780 1350 sine
817 1309 1032 1363 praesidio
1071 1309 1287 1362 fortunae,
1333 1323 1417 1363 quo
1457 1323 1552 1350 con·
1573 1322 1607 1347 20

209 1368 461 1421 tendissem,
499 1367 646 1409 labore
679 1370 723 1408 et
754 1367 999 1409 constantia
1032 1367 1265 1421 pervenire.
1329 1367 1554 1422 (Ascon.p.

176 1498 194 1529 7
300 1474 398 1537 [413]
445 1486 488 1525 et
535 1484 738 1539 quoniam
783 1487 990 1539 congesta
1029 1483 1114 1525 fuit
1152 1484 1371 1526 accusatio
1412 1485 1551 1541 magis

210 1558 359 1585 acervo
387 1543 573 1598 quodam
593 1543 833 1598 criminum,
858 1558 946 1585 non
965 1543 1243 1585 distinctione
1265 1543 1410 1598 aliqua
1428 1557 1553 1599 gene-

209 1617 303 1644 rum
342 1604 385 1643 et
422 1601 642 1643 varietate.
705 1600 927 1656 (Severian.
952 1616 996 1655 p.
1016 1604 1182 1644 357.11
1204 1602 1365 1655 Halm.)
1571 1615 1605 1641 25

174 1668 195 1700 8
300 1661 393 1714 [4c,
432 1662 469 1702 2.
505 1662 540 1713 1]
574 1660 803 1702 Bostarem
836 1661 973 1716 igitur
1005 1661 1217 1715 quendam
1250 1661 1360 1702 dixit
1391 1660 1552 1717 (adver—

205 1718 362 1774 sarius)
394 1718 635 1761 Norensem
666 1719 905 1774 fugientem
937 1734 958 1761 e
992 1718 1189 1761 Sardinia
1221 1718 1370 1761 Scauri
1401 1719 1552 1761 adven·

208 1781 300 1820 tum
337 1783 375 1820 ct
409 1779 525 1830 infra
555 1779 672 1820 addit
699 1780 822 1819 ctiam
853 1779 1029 1831 augendi
1059 1779 1246 1826 criminis
1277 1792 1401 1820 causa
1430 1778 1550 1833 prius

207 1837 331 1878 illum
381 1837 598 1891 sepultum
649 1852 778 1891 quam
826 1837 927 1879 huic
978 1852 1126 1879 cenam
1177 1851 1269 1878 esse
1321 1837 1550 1879 sublatam.

209 1895 430 1950 (Severian.
480 1910 522 1948 p.
543 1900 637 1937 360.
657 1899 714 1937 12
733 1893 837 1951 Ha.)
1568 1907 1603 1932 ιο

172 1961 192 1992 9
298 1954 384 2008 [4f,
417 1955 455 1995 2.
486 1956 525 2007 4]
578 1954 613 1996 si
653 1954 833 2009 denique
865 1954 910 1996 in
946 1954 1022 1995 illa
1053 1954 1167 1995 bona
1197 1954 1397 1995 invadere
1428 1953 1548 1995 nullo

208 2013 334 2054 modo
366 2012 582 2067 potuisset
613 2013 697 2054 nisi
730 2016 900 2054 mortuo
933 2012 1126 2054 Bostare.
1177 2011 1323 2066 (Aras.
1354 2012 1477 2054 Mess.
1500 2025 1547 2064 p.

150 2136 192 2167 10
298 2130 355 2184 [5,
376 2070 450 2171 2).
435 2131 473 2182 5]
515 2128 560 2171 Si
588 2129 841 2183 mehercule,
868 2129 1040 2184 iudices,
1066 2144 1144 2184 pro
1171 2128 1218 2170 L.
1244 2127 1412 2169 Tubulo
1438 2127 1547 2169 dice-

207 2202 314 2241 rem,
353 2202 479 2242 quem
517 2203 650 2229 unum
690 2202 741 2229 ex
773 2187 890 2229 omni
926 2188 1135 2229 memoria
1165 2185 1600 2229 sceleratissimumsa

207 2248 250 2286 et
277 2246 610 2288 audacissimum
630 2246 762 2287 fuisse
783 2246 1036 2300 accepimus,
1062 2249 1208 2287 tamen
1228 2258 1315 2286 non
1334 2243 1545 2298 timerem,

206 2317 415 2345 venenum
464 2305 630 2359 hospiti
674 2307 750 2346 aut
793 2305 996 2346 convivae
1041 2304 1077 2345 si
1118 2303 1330 2344 diceretur
1374 2279 1546 2344 cenanti
