1671 2543
561 71 661 107 CAP.
688 75 778 106 4—7
806 75 825 113 ξ
855 74 1002 106 10—15.
1367 68 1452 110 365

110 184 153 222 et
183 180 322 222 simile
349 180 512 222 factum
535 179 715 234 stirpem
735 180 821 220 iam
842 193 973 233 prope
994 179 1039 220 in
1058 177 1452 233 quingentesimum

111 253 270 282 annum
318 239 593 294 propagavit3
643 238 793 280 adduci
843 241 989 279 tamen
1034 251 1122 279 non
1164 250 1355 290 possem,
1405 239 1453 276 ut

112 312 368 353 quemquam
413 300 630 339 mortuum
674 296 979 351 coniungerem
1023 310 1120 338 cum
1164 295 1341 336 deorum
1379 294 1454 334 im—

112 357 361 398 mortalium
405 356 631 412 religione,
676 358 743 410 ut,
787 356 906 397 cuius
953 355 1227 409 sepulchrum
1269 367 1453 407 usquam

76 427 92 452 ⁵
112 418 240 469 extet,
265 415 339 456 ubi
367 417 626 469 parentetur,
654 415 692 456 ei
718 414 887 469 publice
910 414 1185 468 supplicetur.
1235 411 1332 468 Ego
1353 426 1453 453 vero

113 489 206 516 eam
226 474 485 515 sententiam
506 474 719 527 dixissem,
743 475 799 527 [p.
815 475 866 525 c.]
882 476 931 514 ut
947 487 1012 514 me
1030 472 1231 513 adversus
1246 470 1455 525 populum

113 533 368 587 Romanum,
395 533 430 574 si
458 533 530 587 qui
557 532 783 574 accidisset
810 531 982 587 gravior
1008 531 1069 572 rei
1095 530 1292 585 publicae
1318 543 1454 582 casus,

114 592 149 634 si
174 591 349 646 bellum,
376 592 412 633 si
439 592 626 645 morbus,
653 592 689 632 si
709 591 857 644 fames,
883 589 1007 632 facile
1028 603 1200 644 possem
1220 587 1456 642 defendere,

114 665 221 705 quae
258 650 418 705 partim
454 650 540 692 iam
579 653 695 704 sunt,
733 649 893 704 partim
931 649 1062 690 timeo
1100 662 1153 689 ne
1184 647 1455 701 inpendeant.

61 722 94 748 ιο
116 708 198 751 Sed
240 709 323 751 hoc
366 709 593 765 ignoscant
637 709 678 750 di
725 708 992 749 immortales
1036 707 1165 748 velim
1209 708 1253 747 et
1295 705 1456 760 populo

114 767 322 821 Romano,
354 768 427 822 qui
454 767 497 809 id
523 782 610 809 non
634 768 801 822 probat,
834 770 877 808 et
901 767 1001 808 huic
1029 765 1180 818 ordini,
1213 764 1286 819 qui
1318 764 1457 806 decre-

113 827 177 868 vit
226 827 398 868 invitus.
473 826 613 876 Quid?
664 827 713 867 de
757 825 933 879 reliquis
978 824 1039 866 rei
1082 823 1279 879 publicae
1329 822 1454 863 malis
1473 830 1514 861 14

114 885 269 927 licetne
301 885 488 926 dicere?
537 884 647 926 Mihi
697 899 797 926 vero
846 884 948 926 licet
998 886 1041 925 et
1091 897 1259 936 semper
1307 881 1456 923 licebit

115 944 373 1000 dignitatem
399 944 521 996 tueri,
551 946 735 984 mortem
762 945 1046 985 contemnere.
1101 941 1304 983 Potestas
1331 939 1459 981 modo

63 1015 97 1041 15
117 1002 311 1044 veniendi
355 1002 399 1043 in
442 1002 554 1044 hunc
597 1002 740 1044 locum
778 1002 853 1056 sit,
896 1001 1062 1043 dicendi
1098 1000 1337 1055 periculum
1373 1013 1457 1039 non

116 1075 277 1102 recuso.
351 1061 496 1114 Atque
539 1060 722 1112 utinam,
767 1063 912 1115 patres
957 1059 1209 1113 conscripti,
1253 1057 1459 1099 Kalendis

119 1118 353 1161 Sextilibus
386 1120 532 1161 adesse
564 1120 820 1173 potuissem!
853 1133 939 1160 non
971 1133 1054 1173 quo
1086 1117 1234 1172 profici
1269 1115 1461 1171 potuerit

118 1178 291 1233 aliquid,
318 1178 390 1220 sed
415 1192 467 1219 ne
494 1192 603 1220 unus
622 1179 748 1220 modo
770 1177 1019 1231 consularis,
1047 1176 1159 1231 quod
1179 1179 1273 1217 tum
1294 1174 1461 1226 accidit,

119 1237 273 1292 dignus
299 1237 374 1278 illo
400 1236 575 1291 honore,
601 1237 756 1292 dignus
782 1251 826 1278 re
847 1236 1021 1290 publica
1040 1234 1316 1277 inveniretur.
1368 1232 1462 1282 Qua

66 1310 99 1334 ιο
120 1295 291 1350 quidem
340 1310 391 1337 ex
439 1310 484 1337 re
535 1310 739 1351 magnum
789 1295 951 1350 accipio
1002 1294 1214 1348 dolorem,
1264 1292 1461 1334 homines

120 1354 398 1409 amplissimis
427 1354 577 1409 populi
603 1354 787 1396 Romani
813 1353 1032 1395 beneficiis
1058 1367 1159 1394 usos
1185 1351 1232 1393 L.
1259 1351 1462 1392 Pisonem

120 1413 271 1455 ducem
296 1416 498 1467 optumae
526 1414 764 1455 sententiae
789 1427 877 1455 non
903 1414 1085 1454 secutos.
1136 1410 1356 1452 Idcircone
1382 1423 1461 1451 nos

117 1470 303 1525 'populus
329 1471 549 1513 Romanus
581 1472 778 1514 consules
804 1471 917 1526 fecit,
942 1474 991 1512 ut
1016 1471 1062 1511 in
1087 1470 1299 1511 altissimo
1327 1468 1462 1523 gradu

122 1529 348 1584 dignitatis
378 1529 510 1572 locati
541 1545 632 1571 rem
662 1531 880 1585 publicam
911 1544 988 1584 pro
1014 1529 1151 1569 nihilo
1177 1526 1461 1568 haberemus?

70 1601 104 1627 25
123 1587 224 1629 Non
261 1587 386 1628 modo
424 1602 526 1629 voce
563 1603 689 1630 nemo
727 1588 775 1630 L.
812 1588 960 1630 Pisoni
999 1586 1256 1640 consularis,
1300 1585 1372 1626 sed
1410 1599 1462 1626 ne

123 1646 245 1687 vultu
289 1645 460 1699 quidem
497 1646 701 1688 adsensus
738 1650 815 1688 est.
885 1646 1020 1699 Quae,
1058 1645 1237 1697 malum,
1274 1646 1341 1685 est
1378 1643 1463 1683 ista
1481 1651 1519 1680 15

123 1704 367 1746 voluntaria
393 1704 604 1745 servitus?
644 1704 794 1746 Fuerit
815 1704 1022 1758 quaedam
1041 1702 1301 1756 necessaria3
1325 1715 1463 1754 neque

126 1777 204 1818 ego
251 1762 333 1804 hoc
384 1762 436 1803 ab
483 1762 680 1804 omnibus
724 1763 777 1803 iis
822 1762 1034 1815 desidero,
1086 1761 1158 1815 qui
1203 1759 1462 1801 sententiam

126 1821 341 1863 consulari
372 1820 466 1862 loco
500 1820 658 1862 dicunt.
714 1820 815 1862 Alia
844 1834 972 1861 causa
997 1822 1063 1860 est
1090 1833 1249 1872 eorum,
1282 1832 1463 1872 quorum

73 1893 107 1918 ³0
127 1879 298 1920 silentio
330 1879 527 1934 ignosco,
565 1879 649 1920 alia
680 1893 845 1932 eorum,
881 1892 1062 1932 quorum
1093 1891 1242 1919 vocem
1274 1875 1465 1930 requiro;

129 1951 235 1992 quos
280 1937 450 1992 quidem
494 1937 615 1978 doleo
659 1936 704 1978 in
748 1937 1033 1991 suspicionem
1070 1936 1230 1990 populo
1268 1934 1463 1976 Romano

128 1996 270 2038 venire
301 2010 388 2037 non
419 1995 545 2037 modo
578 1998 730 2049 metus,
763 1995 872 2049 quod
905 1995 1047 2049 ipsum
1079 1997 1191 2035 esset
1222 1996 1360 2047 turpe,
1392 1992 1464 2034 sed

128 2055 260 2096 alium
310 2054 394 2095 alia
439 2054 489 2095 de
534 2068 660 2095 causa
704 2054 848 2095 deesse
892 2053 1094 2109 dignitati
1138 2066 1250 2093 suae.
1324 2050 1502 2100 Quare7

128 2113 315 2168 primum
346 2113 553 2154 maximas
586 2112 748 2168 gratias
777 2115 821 2153 et
846 2125 927 2167 ago
955 2115 997 2152 et
1023 2111 1161 2152 habeo
1187 2109 1347 2164 Pisoni,
1380 2109 1465 2164 qui,

78 2184 111 2210 ⁸5
129 2186 217 2214 non
247 2172 349 2226 quid
380 2170 546 2213 efficere
577 2174 724 2224 posset
754 2171 800 2211 in
830 2185 874 2211 re
906 2169 1094 2224 publica,
1133 2168 1361 2224 cogitavit,
1391 2168 1463 2209 sed

133 2231 234 2284 quid
281 2230 420 2272 facere
464 2230 556 2284 ipse
599 2229 784 2270 deberet.
854 2228 1017 2270 Deinde
1062 2242 1087 2269 a
1129 2228 1269 2281 vobis,
1317 2230 1461 2282 patres

133 2288 382 2343 conscripti,
425 2291 543 2343 peto,
586 2290 652 2341 ut,
696 2287 865 2329 etiamsi
909 2287 1029 2339 sequi
1065 2287 1205 2328 minus
1250 2287 1461 2329 audebitis
