1671 2543
206 74 262 116 62
493 61 497 68 ¹
595 74 687 109 PRO
714 74 753 110 P.
781 73 940 110 SESTIO
967 74 1156 111 ORATIO.

124 191 190 223 141
204 184 421 238 praesenti
451 185 588 225 morte
622 185 696 224 aut
723 182 840 236 turpi
866 182 992 225 exilio
1018 183 1319 238 dependerunt.
1382 182 1547 232 Quodsi

206 243 319 297 apud
342 241 631 295 Atheniensis,
661 241 857 282 homines
880 240 1070 284 Graecos
1096 242 1224 297 longe
1250 257 1275 282 a
1297 244 1546 284 nostrorum

203 301 428 342 hominum
465 300 678 355 gravitate
715 299 946 354 diiunctos,
982 314 1071 342 non
1108 300 1300 354 deerant,
1344 300 1418 355 qui
1454 315 1547 343 rem

204 360 422 414 publicam
455 361 605 400 contra
634 358 783 412 populi
813 359 1100 400 temeritatem
1132 358 1417 413 defenderent,
1448 374 1546 401 cum

206 432 365 467 omnes,
399 417 472 472 qui
502 418 565 458 ita
595 416 796 471 fecerant,
828 431 850 458 e
883 417 1058 459 civitate
1091 418 1339 472 eicerentur,
1371 418 1409 459 si
1439 418 1546 460 The·
1582 435 1599 461 ⁵

205 468 447 518 mistoclem
477 476 612 528 illum,
645 478 989 517 conservatorem
1017 476 1195 531 patriae,
1225 491 1313 518 non
1339 476 1547 518 deterruit

206 549 231 575 a
267 549 312 576 re
349 534 522 589 publica
559 533 820 575 defendenda
854 549 934 576 nec
969 534 1155 575 Miltiadi
1193 535 1433 589 calamitas,
1472 536 1547 590 qui

204 593 324 634 illam
380 593 598 635 civitatem
653 592 781 645 paulo
835 596 932 633 ante
981 596 1188 647 servarat,
1242 608 1320 636 nec
1362 593 1546 636 Aristidi

203 651 320 707 fuga,
353 652 425 706 qui
455 665 565 692 unus
600 651 791 692 omnium
821 651 1084 693 iustissimus
1115 651 1250 693 fuisse
1278 652 1475 707 traditur,
1508 653 1546 694 si

204 714 356 764 postea
388 710 544 751 summi
578 709 766 751 eiusdem
798 710 987 752 civitatis
1018 710 1117 764 viri,
1150 724 1257 764 quos
1287 711 1544 752 nominatim
1564 729 1599 753 10

206 769 413 823 appellari
443 783 530 810 non
562 771 628 809 est
656 782 842 821 necesse,
872 768 1108 823 propositis
1139 771 1207 810 tot
1236 769 1441 823 exemplis
1466 769 1547 810 ira-

207 828 382 868 cundiae
414 827 687 880 levitatisque
718 827 940 882 popularis
972 830 1117 868 tamen
1148 842 1269 869 suam
1294 842 1385 869 rem
1407 828 1547 882 publi-

207 900 299 927 cam
329 886 450 926 illam
481 885 776 940 defenderunt,
809 885 911 939 quid
941 899 1019 927 nos
1052 885 1224 927 tandem
1254 885 1393 927 faeere
1426 887 1547 928 debe-

205 958 300 986 mus
348 945 535 998 primum
583 943 628 985 in
678 957 728 985 ea
772 944 945 985 civitate
987 944 1098 998 nati,
1146 945 1256 985 unde
1301 947 1396 986 orta
1439 945 1547 986 mihi

205 1002 396 1058 gravitas
441 1005 484 1043 et
523 1002 776 1057 magnitudo
815 1003 947 1044 animi
983 1003 1168 1057 videtur,
1211 1005 1305 1045 tum
1342 1003 1388 1044 in
1424 1006 1547 1045 tanta
1566 1021 1599 1046 1⁵

206 1061 345 1116 gloria
388 1061 653 1114 insistentes,
699 1063 748 1102 ut
792 1061 935 1102 omnia
977 1061 1166 1102 humana
1208 1061 1371 1103 leviora
1411 1062 1547 1103 videri

206 1120 406 1173 debeant,
444 1119 594 1160 deinde
633 1119 685 1159 ad
723 1133 817 1160 eam
853 1134 943 1161 rem
980 1120 1199 1174 publicam
1236 1121 1440 1162 tuendam
1478 1121 1547 1162 ad-

206 1178 361 1234 gressi,
394 1191 502 1231 quae
533 1179 656 1217 tanta
687 1177 897 1232 dignitate
930 1181 1014 1232 est,
1045 1180 1094 1219 ut
1126 1193 1218 1219 eam
1250 1178 1547 1221 defendentem

207 1236 398 1278 occidere
446 1235 704 1276 laudabilius
754 1236 812 1276 sit
863 1251 990 1290 quam
1041 1239 1361 1292 oppugnantem
1403 1252 1545 1279 rerum

206 1294 367 1349 potiri?
1564 1314 1598 1338 20

131 1340 185 1382 68
294 1351 502 1394 Homines
542 1351 710 1406 Graeci,
756 1366 862 1406 quos
900 1355 1026 1394 antea
1061 1353 1296 1408 nominavi,
1337 1353 1483 1408 inique
1522 1370 1547 1395 a

128 1399 192 1430 142
208 1411 296 1452 suis
332 1411 495 1451 civibus
528 1410 717 1451 damnati
750 1414 878 1464 atque
911 1411 1075 1466 expulsi
1107 1415 1268 1466 tamen,
1307 1412 1408 1466 quia
1437 1413 1545 1454 bene

208 1471 308 1510 sunt
332 1469 381 1509 de
408 1468 495 1509 suis
523 1468 768 1510 civitatibus
795 1470 950 1523 meriti,
981 1472 1104 1511 tanta
1127 1470 1253 1511 hodie
1281 1471 1421 1525 gloria
1445 1474 1547 1513 sunt

206 1542 292 1568 non
329 1526 375 1568 in
407 1525 587 1568 Graecia
625 1527 781 1581 solum,
820 1528 892 1569 sed
924 1528 1055 1569 etiam
1087 1529 1199 1582 apud
1228 1543 1308 1570 nos
1341 1532 1470 1584 atque
1500 1530 1547 1571 in

208 1585 360 1628 ceteris
386 1585 525 1639 terris,
557 1588 606 1626 ut
632 1600 716 1638 eos,
748 1600 773 1626 a
798 1586 953 1640 quibus
978 1586 1044 1628 illi
1071 1587 1265 1641 oppressi
1291 1587 1390 1641 sint,
1417 1602 1544 1630 nemo
1565 1605 1599 1631 25

206 1644 410 1697 nominet,
429 1643 584 1684 horum
605 1644 897 1685 calamitatem
912 1645 1196 1686 dominationi
1209 1645 1383 1688 illorum
1398 1661 1545 1688 omnes

208 1705 483 1756 anteponant.
540 1701 644 1751 Quis
666 1702 1088 1758 Carthaginiensium
1112 1703 1249 1758 pluris
1275 1703 1360 1745 fuit
1384 1704 1546 1747 Hanni-

206 1761 302 1802 bale
335 1760 526 1815 consilio,
558 1761 731 1815 virtute,
762 1762 890 1803 rebus
923 1762 1069 1817 gestis,
1103 1762 1176 1816 qui
1207 1777 1317 1804 unus
1350 1778 1447 1804 011111
1476 1766 1545 1805 tot

206 1819 539 1873 imperatoribus
569 1820 732 1861 nostris
763 1835 839 1874 per
869 1823 938 1861 tot
971 1835 1103 1862 annos
1136 1821 1187 1862 de
1218 1821 1398 1876 imperio
1425 1824 1468 1863 et
1494 1822 1544 1863 de

208 1878 347 1933 gloria
372 1878 636 1923 decertavit?
686 1879 810 1920 Hunc
837 1879 902 1920 sui
930 1879 1042 1921 cives
1068 1894 1089 1920 e
1117 1879 1291 1921 civitate
1311 1880 1544 1935 eiecerunt,
1563 1898 1598 1923 30

207 1951 285 1977 nos
318 1936 446 1978 etiam
480 1936 651 1978 hostem
677 1936 836 1978 litteris
861 1938 1023 1979 nostris
1051 1940 1093 1979 et
1118 1938 1326 1979 memoria
1351 1939 1544 1980 videmus

128 2006 193 2037 143
209 2009 301 2035 esse
329 1995 603 2036 celebratum.
660 1994 799 2043 Quare
825 1996 1046 2037 imit-emur
1069 1999 1243 2038 nostros
1269 1996 1441 2050 Brutos,
1468 1996 1544 2039 Oa-

209 2053 369 2107 millos,
407 2052 588 2104 Ahalas,
625 2052 801 2108 Decios,
839 2053 1010 2108 Ourios,
1048 2054 1286 2108 Fabricios,
1318 2053 1543 2109 Maximos,

211 2109 442 2165 Scipiones,
474 2110 692 2165 Lentulos,
718 2112 938 2167 Aemilios,
964 2112 1295 2154 innumerabiles
1323 2113 1443 2166 alios,
1469 2114 1543 2179 qui

206 2168 318 2210 hanc
362 2183 450 2210 rem
493 2170 711 2224 publicam
755 2171 1076 2226 stabiliverunt3
1121 2185 1226 2224 quos
1265 2171 1460 2225 equidem
1497 2172 1542 2213 in
1561 2189 1595 2215 35

210 2226 387 2267 deorum
418 2227 729 2269 immortalium
756 2232 880 2270 coetu
908 2244 956 2271 ac
980 2243 1157 2270 numero
1183 2243 1355 2282 repono.
1416 2229 1542 2272 Ame-

210 2298 303 2326 mus
347 2285 551 2339 patriam,
594 2301 819 2340 pareamus
863 2288 1048 2342 senatui,
1092 2287 1361 2330 consulamus
1399 2287 1543 2341 bonis3
