1671 2543
222 77 276 117 10
606 72 698 108 PRO
725 73 764 108 P.
791 71 951 108 SESTIO
978 72 1166 108 ORATIO.

220 183 411 238 opinioni
448 182 675 224 nobilitate
708 181 818 234 ipsa,
856 180 1012 221 blanda
1049 179 1404 233 conciliatricula,
1445 194 1556 221 com-

220 242 458 283 mendatus.
519 240 677 282 Omnes
704 239 806 280 boni
835 253 1002 293 semper
1025 238 1247 280 nobilitati
1277 238 1481 292 favemus,
1512 241 1556 279 et

220 300 322 355 quia
344 299 450 341 utile
478 302 542 340 est
568 299 629 339 rei
654 297 849 352 publicae
871 297 1036 338 nobiles
1062 297 1257 338 homines
1283 311 1376 338 esse
1403 296 1555 351 dignos

220 358 454 400 maioribus
487 358 593 411 suis,
631 360 674 397 et
706 356 806 410 quia
835 356 950 397 valet
981 356 1093 410 apud
1128 370 1207 396 nos
1239 355 1453 396 clarorum
1482 355 1557 396 ho·

220 418 384 458 minum
426 418 469 456 et
511 416 617 456 bene
661 415 710 455 de
754 429 799 455 re
839 414 1012 468 publica
1054 414 1306 455 meritorum
1350 413 1557 454 memoria
1591 427 1608 452 5

221 476 353 517 etiam
393 477 673 515 mortuorum.
736 472 846 522 Quia
881 473 1051 514 tristem
1089 487 1273 527 semper,
1318 472 1417 527 quia
1454 472 1556 513 taci-

221 537 413 587 turnum,
455 533 554 586 quia
592 531 893 573 subhorridum
931 534 1058 585 atque
1095 531 1305 572 incultum
1341 531 1556 584 videbant,

220 595 264 633 et
291 592 403 646 quod
436 594 527 632 erat
553 605 601 632 eo
627 590 810 644 nomine,
841 592 890 631 ut
920 590 1171 644 ingenerata
1195 589 1384 630 familiae
1415 589 1557 644 fruga-

220 651 321 692 litas
347 650 574 703 videretur,
599 649 813 702 favebant,
842 648 1085 703 gaudebant
1112 651 1154 689 et
1181 649 1233 689 ad
1258 648 1556 703 integritatem

220 709 432 750 maiorum
465 723 539 762 spe
571 722 648 748 sua
680 707 898 749 hominem
929 707 1141 748 vocabant
1171 707 1355 748 materni
1387 706 1556 761 generis
1576 723 1610 748 10

161 774 205 806 22
222 767 358 808 obliti.
419 766 514 821 Ego
549 769 692 807 autem
725 764 840 820 (vere
872 765 1021 819 dicam,
1051 764 1231 819 iudices)
1263 768 1434 806 tantum
1465 779 1557 806 esse

220 828 265 867 in
283 825 456 867 homine
484 825 667 879 sceleris,
688 824 899 878 audaciae,
926 824 1204 877 crudelitatis,
1233 826 1441 878 quantum
1465 823 1557 877 ipse

222 899 318 926 cum
350 899 393 924 re
426 883 599 938 publica
631 883 756 937 sensi,
787 897 1020 936 numquam
1051 882 1220 937 putavi,
1250 896 1435 936 nequam
1466 896 1557 924 esse

219 942 439 984 hominem
465 945 507 983 et
532 942 670 983 levem
696 944 739 982 et
764 941 873 982 falsa
900 941 1098 995 opinione
1127 942 1305 993 [errore]
1334 941 1559 982 hominum

221 1001 274 1042 ab
307 1000 597 1042 adulescentia
629 1000 973 1042 commendatum
1005 999 1203 1040 sciebam.
1263 998 1440 1041 Etenim
1471 999 1555 1040 ani-
1576 1014 1609 1041 15

221 1074 315 1101 mus
360 1060 449 1100 eius
494 1059 636 1113 vultu,
679 1058 845 1113 flagitia
887 1058 1125 1112 parietibus
1168 1058 1443 1113 tegebantur3
1486 1057 1560 1099 sed

219 1118 325 1159 haec
364 1117 603 1171 opstructio
640 1131 718 1159 nec
756 1117 957 1157 diuturna
988 1120 1053 1157 est
1089 1131 1226 1170 neque
1264 1116 1450 1158 obducta
1484 1116 1560 1170 ita,

153 1176 269 1217 lOut
314 1176 494 1218 curiosis
540 1175 673 1217 oculis
717 1175 902 1229 perspici
945 1189 1032 1216 non
1073 1175 1223 1229 possit.
1295 1173 1558 1216 Videbamus

222 1249 357 1289 genus
378 1234 503 1288 vitae,
530 1234 746 1287 desidiam,
773 1233 991 1287 inertiam,
1016 1233 1203 1275 inclusas
1230 1233 1320 1274 eius
1346 1233 1558 1286 libidines,

222 1293 295 1347 qui
334 1293 462 1346 paulo
501 1292 676 1346 propius
714 1294 998 1345 accesserant,
1038 1291 1334 1345 intuebantur,
1379 1291 1558 1345 denique
1578 1308 1611 1333 20

221 1351 353 1392 etiam
398 1365 537 1391 sermo
581 1350 706 1391 nobis
753 1364 878 1391 ansas
925 1350 1072 1403 dabat,
1122 1350 1276 1403 quibus
1314 1349 1558 1391 reconditos

160 1416 205 1447 23
221 1410 312 1450 eius
346 1423 495 1449 sensus
527 1412 672 1449 tenere
703 1423 938 1462 possemus.
999 1407 1225 1449 Laudabat
1249 1408 1379 1450 homo
1407 1408 1558 1449 doctus

220 1467 502 1522 philosophos
538 1467 683 1508 nescio
716 1481 822 1520 quos
853 1481 989 1520 neque
1022 1481 1169 1507 eorum
1202 1469 1347 1508 tamen
1384 1466 1560 1508 nomina

219 1528 392 1580 poterat
424 1525 583 1578 dicere,
627 1525 699 1566 sed
730 1528 876 1566 tamen
907 1539 978 1566 eos
1010 1525 1214 1566 laudabat
1246 1525 1448 1579 maxime,
1486 1525 1560 1578 qui

221 1584 421 1625 dicuntur
457 1586 629 1637 praeter
667 1585 832 1624 ceteros
872 1597 963 1624 esse
1002 1586 1197 1625 auctores
1235 1586 1279 1624 et
1316 1584 1558 1625 laudatores
1579 1599 1612 1625 25

220 1641 475 1695 voluptatis,
513 1642 631 1683 cuius
671 1644 713 1682 et
751 1656 834 1695 quo
872 1644 1064 1695 tempore
1102 1644 1145 1683 et
1177 1656 1260 1696 quo
1293 1642 1437 1696 modo,
1473 1656 1561 1684 non

221 1700 471 1754 quaerebat,
510 1700 687 1740 verbum
718 1700 860 1754 ipsum
896 1700 1092 1741 omnibus
1126 1700 1257 1741 animi
1288 1704 1332 1742 et
1369 1700 1560 1755 corporis

213 1759 403 1812 partibus
435 1758 676 1812 devorarat,
715 1759 968 1812 eosdemque
1000 1759 1215 1813 praeclare
1248 1759 1386 1800 dicere
1418 1759 1560 1800 aiebat

221 1816 427 1871 sapientis
467 1817 613 1857 omnia
644 1831 722 1857 sua
758 1831 886 1858 causa
922 1817 1079 1871 facere,
1119 1832 1210 1858 rem
1241 1817 1458 1872 publicam
1496 1831 1559 1858 ca-

221 1889 390 1929 pessere
415 1874 635 1915 hominem
665 1875 782 1916 bene*
800 1889 950 1916 sanum
975 1890 1062 1916 non
1089 1878 1296 1930 oportere,
1326 1875 1435 1916 nihil
1467 1889 1559 1916 esse
1578 1891 1613 1917 30

220 1933 525 1987 praestabilius
565 1933 706 1974 otiosa
737 1933 826 1974 vita
863 1934 989 1987 plena
1026 1937 1069 1974 et
1106 1933 1299 1975 conferta
1329 1933 1559 1988 voluptati-

221 1991 319 2044 bus,
363 2005 434 2032 eos
473 1994 633 2045 autem,
673 1991 744 2045 qui
782 1991 972 2032 dicerent
1009 1992 1212 2047 dignitati
1248 2006 1338 2033 esse
1377 1992 1560 2033 servien-

222 2049 340 2102 dum,
384 2049 445 2090 rei
482 2049 679 2103 publicae
723 2050 1045 2104 consulendum,
1090 2049 1221 2091 officii
1261 2050 1472 2091 rationem
1513 2049 1560 2091 in

222 2108 339 2148 omni
366 2108 467 2161 vita,
498 2122 585 2149 non
617 2108 829 2150 commodi
862 2123 954 2149 esse
981 2108 1226 2162 ducendam,
1258 2108 1450 2149 adeunda
1479 2123 1558 2162 pro

221 2165 364 2220 patria
395 2166 602 2220 pericula,
639 2166 816 2207 vulnera
847 2166 1111 2221 excipienda,
1143 2168 1328 2207 mortem
1359 2168 1559 2221 oppeten-
1577 2179 1612 2208 35

150 2236 196 2268 24
222 2224 337 2278 dam,
376 2224 601 2265 vaticinari
639 2227 767 2279 atque
804 2224 990 2266 insanire
1023 2225 1201 2266 dicebat.
1260 2223 1328 2265 Ex
1357 2224 1425 2265 his
1457 2225 1560 2266 assi·

223 2282 318 2323 duis
351 2281 441 2323 eius
474 2283 785 2337 cotidianisque
817 2283 1098 2338 sermonibus,
1132 2285 1176 2324 et
1207 2282 1320 2337 quod
1351 2283 1559 2332 videbam,
