1671 2543
523 84 626 120 CAP.
655 88 796 118 31—33
824 88 843 127 g
872 88 1021 119 76—81.
1360 84 1443 125 193

95 193 225 235 ximis
259 191 606 246 communicavit,
638 191 804 233 socium
837 205 929 233 esse
955 190 1106 245 voluit,
1138 190 1307 246 detulit,
1338 191 1445 233 invi-

97 253 226 306 tavit,
276 251 456 307 rogavit.
527 249 628 292 Non
675 264 770 291 sum
813 252 991 304 propter
1033 249 1213 290 nimiam
1256 249 1442 292 fortasse

98 310 367 353 constantiae
419 309 701 364 cupiditatem
751 309 960 350 adductus
1011 308 1064 349 ad
1114 322 1306 363 causam3
1354 323 1444 350 non

96 369 391 425 postulabam,
435 371 485 409 ut
528 368 567 409 ei
611 367 858 409 carissimus
903 381 1059 421 essem,
1102 367 1223 409 cuius
1267 381 1347 423 ego
1388 382 1442 408 ne

61 440 78 465 5
98 428 318 470 beneficiis
351 427 523 481 quidem
555 426 817 468 sententiam
849 440 988 467 mea-m
1019 425 1306 468 tradidissem.
1358 426 1444 467 Ad-

97 488 227 529 ducta
264 501 331 528 res
370 486 416 527 in
453 488 671 527 certamen
708 488 752 526 te
785 485 959 526 consule
990 484 1245 540 putabatur,
1282 487 1444 539 utrum,

98 560 206 601 quae
263 545 482 599 superiore
539 558 650 585 anno
707 544 780 585 ille
834 543 1060 599 gessisset,
1116 546 1340 585 manerent
1389 558 1443 585 an

97 604 455 646 rescinderentur.
518 602 630 652 Quid
667 602 820 657 loquar
857 602 1011 656 plura?
1075 600 1121 643 Si
1159 605 1331 644 tantum
1369 602 1443 643 ille

96 663 143 705 in
175 677 244 704 me
276 676 368 704 esse
399 676 485 703 uno
517 661 687 703 roboris
720 663 763 702 et
795 661 969 702 virtutis
1001 661 1191 715 putavit,
1227 664 1294 715 ut,
1333 675 1441 716 quae

48 734 79 758 ³0
98 722 190 776 ipse
223 723 427 777 gesserat,
460 720 744 774 conciderent,
777 720 814 760 si
846 733 926 774 ego
955 719 1227 774 restitissem,
1260 695 1335 762 ciir
1360 733 1441 775 ego

96 795 185 822 non
209 781 445 835 ignoscam,
472 779 510 820 si
536 754 785 833 anteposuit
811 793 933 819 suam
959 778 1143 820 salutem
1164 779 1311 820 meae?
1358 777 1442 821 Sed
1456 788 1500 819 80

97 839 334 905 praeterita
359 838 501 880 mitto.
545 837 614 879 Me
640 840 690 878 ut
711 836 785 879 Cn.
806 836 1037 891 Pompeius
1060 837 1260 878 omnibus
1288 837 1443 879 studiis

99 898 200 951 suis,
220 897 455 950 laboribus,
475 897 590 938 vitae
609 896 813 950 periculis
835 896 1083 950 complexus
1098 898 1175 950 est,
1196 910 1293 937 cum
1308 895 1444 937 muni-

99 957 211 1011 cipia
241 971 320 1010 pro
352 970 420 997 me
451 955 600 1009 adiret,
631 954 784 995 Italiae
811 954 940 995 fidem
966 954 1232 1009 imploraret,
1264 954 1309 996 P.
1335 954 1444 996 Len-

47 1026 79 1052 15
100 1016 192 1056 11110
225 1014 410 1068 consuli,
442 1014 610 1055 auctori
642 1013 795 1054 salutis
828 1027 960 1067 meae,
991 1012 1192 1067 frequens
1223 1013 1443 1067 assideret,

100 1076 274 1115 senatus
297 1073 557 1114 sententiam
576 1074 830 1126 praestaret,
849 1071 895 1112 in
914 1071 1189 1114 contionibus
1208 1086 1296 1113 non
1315 1072 1442 1113 modo

100 1147 145 1174 se
176 1132 445 1174 defensorem
478 1131 632 1172 salutis
665 1145 796 1185 meae,
829 1130 903 1171 sed
935 1130 1067 1171 etiam
1099 1130 1338 1184 supplicem
1363 1145 1443 1185 pro

99 1205 166 1232 me
197 1191 487 1245 profiteretur,
521 1190 649 1231 huius
681 1188 920 1231 voluntatis
954 1203 1064 1243 eum,
1097 1203 1225 1243 quem
1256 1189 1444 1230 multum

98 1264 225 1304 posse
256 1249 551 1304 intellegebat,
586 1247 693 1289 mihi
723 1262 812 1290 non
841 1247 1065 1289 inimicum
1097 1262 1189 1289 esse
1222 1250 1444 1303 cognorat,

47 1321 80 1345 20
101 1309 266 1350 socium
291 1308 375 1349 sibi
401 1310 444 1349 et
470 1307 723 1361 adiutorem,
755 1305 800 1349 C.
827 1305 1067 1360 Caesarem,
1095 1306 1301 1348 adiunxit.
1350 1305 1444 1347 Iam

98 1367 216 1408 vides
249 1381 316 1408 me
348 1366 431 1408 tibi
461 1380 549 1408 non
579 1366 821 1419 inimicum,
859 1365 932 1406 sed
962 1365 1152 1419 hostem,
1192 1365 1299 1420 illis,
1335 1379 1442 1419 quos

100 1425 326 1479 describis,
362 1440 451 1467 non
488 1424 615 1466 modo
649 1439 735 1466 non
768 1424 949 1478 iratum,
988 1423 1062 1465 sed
1094 1423 1226 1465 etiam
1258 1423 1442 1465 amicum

101 1498 193 1526 esse
218 1484 390 1538 debere3
422 1498 605 1538 quorum
631 1483 752 1537 alter,
783 1482 827 1523 id
853 1482 967 1536 quod
993 1482 1242 1536 meminero,
1275 1497 1445 1537 semper

102 1556 235 1596 aeque
273 1542 380 1583 mihi
418 1542 579 1583 amicus
611 1541 697 1583 fuit
729 1556 777 1583 ac
810 1541 912 1595 sibi,
951 1540 1078 1595 alter,
1115 1541 1159 1582 id
1192 1541 1307 1595 quod
1338 1541 1445 1583 obli-

48 1614 82 1640 25
102 1601 252 1653 viscar,
279 1600 364 1642 sibi
390 1600 618 1655 aliquando
645 1600 824 1641 amicior
850 1614 978 1653 quam
1004 1599 1122 1641 mihi.
1169 1598 1333 1641 Deinde
1359 1599 1441 1641 hoc
1457 1610 1502 1641 81

102 1660 165 1700 ita
195 1659 258 1712 fit,
289 1661 339 1700 ut
369 1658 451 1699 viri
476 1658 625 1712 fortes,
658 1658 828 1699 etiamsi
852 1657 967 1699 ferro
994 1658 1108 1698 inter
1134 1672 1178 1699 se
1205 1658 1444 1699 comminus

102 1717 375 1770 decertarint,
400 1719 546 1758 tamen
569 1717 678 1758 illud
704 1716 994 1758 contentionis
1021 1716 1166 1757 odium
1193 1716 1320 1757 simul
1348 1731 1445 1757 cum

102 1777 197 1830 ipsa
227 1789 373 1830 pugna
405 1775 620 1828 armisque
649 1775 876 1829 deponant.
932 1773 1083 1828 Neque
1110 1788 1177 1815 me
1202 1774 1276 1815 ille
1304 1775 1444 1815 odisse

102 1834 249 1889 potuit
280 1848 502 1888 umquam,
539 1847 593 1874 ne
632 1836 725 1874 tum
758 1833 948 1887 quidem,
988 1846 1084 1873 cum
1117 1832 1444 1874 dissidebamus.

51 1909 84 1933 30
106 1893 252 1934 Habet
282 1892 364 1933 hoc
395 1892 545 1946 virtus,
578 1906 707 1945 quam
738 1894 787 1932 tu
816 1905 870 1932 ne
902 1890 952 1931 de
984 1890 1092 1932 facie
1120 1891 1292 1944 quidem
1316 1891 1446 1945 nosti,

103 1954 153 1993 ut
189 1951 305 1992 viros
343 1950 478 1992 fortes
518 1950 680 2004 species
719 1949 810 1990 eius
848 1951 892 1990 et
926 1949 1203 2003 pulchritudo
1237 1949 1370 1990 etiam
1401 1949 1447 1990 in

103 2010 228 2051 hoste
262 2009 437 2064 cognita
469 2008 663 2050 delectet.

191 2068 405 2123 Equidem
437 2067 576 2108 dicam
608 2081 659 2108 ex
691 2066 845 2119 animo,
876 2068 1022 2119 patres
1055 2065 1301 2120 conscripti,
1333 2066 1447 2120 quod
1461 2072 1515 2113 33

104 2127 257 2181 sentio,
289 2129 332 2168 et
365 2126 477 2180 quod
507 2125 631 2167 vobis
663 2124 935 2166 audientibus
968 2139 1094 2178 saepe
1125 2124 1213 2165 iam
1239 2124 1337 2165 dixi.
1401 2123 1447 2165 Si

52 2200 86 2227 35
105 2185 213 2226 mihi
247 2199 484 2239 numquam
523 2184 684 2225 amicus
724 2182 768 2224 O.
801 2181 959 2225 Caesar
995 2182 1169 2237 fuisset,
1208 2182 1244 2224 si
1280 2197 1448 2237 semper

105 2244 253 2298 iratus,
285 2244 323 2284 si
354 2257 521 2297 semper
553 2243 853 2296 aspernaretur
885 2241 1120 2283 amicitiam
1150 2255 1291 2282 meam
1320 2256 1448 2296 seque

105 2301 212 2345 mihi
248 2302 568 2356 implacabilem
599 2300 988 2355 inexpiabilemque
1019 2300 1264 2354 praeberet,
1302 2302 1450 2342 tamen

181 2375 254 2402 010.
275 2377 317 2403 11.
339 2378 371 2402 3.
1192 2372 1235 2402 13
