1671 2543
209 95 296 138 310
509 92 602 127 PRO
628 91 668 127 Τ.
693 89 846 126 ANNIO
872 88 1060 126 MILONE
1087 88 1275 125 ORATIO.

211 203 352 253 Quid‘?
379 216 439 256 ea,
466 215 573 255 quae
599 199 757 241 tenetis
783 198 951 253 privata
976 201 1105 252 atque
1124 199 1279 252 vestra,
1305 196 1552 240 dominante

208 261 382 304 homine
449 259 613 301 furioso
677 257 790 312 quod
851 257 918 298 ius
978 258 1210 311 perpetuae
1265 256 1552 310 possessionis

208 321 367 362 habere
399 316 673 373 potuissent?

140 386 195 428 29
299 377 399 419 Non
426 377 570 429 timeo,
602 375 776 429 iudices,
806 389 858 416 ne
886 374 983 416 odio
1008 373 1335 415 inimicitiarum
1360 388 1553 416 mearum

210 437 502 478 infiammatus
539 434 759 475 lubentius
795 432 901 474 haec
938 432 984 474 in
1019 432 1143 473 illum
1180 446 1375 474 evomere
1407 433 1554 475 videar
1589 450 1605 476 ο

211 510 341 550 quam
384 494 538 535 verius.
604 492 797 546 Etenim,
841 491 878 533 si
909 491 1188 545 praecipuum
1226 505 1319 532 esse
1358 491 1553 547 debebat,

209 557 355 595 tamen
391 553 454 594 ita
491 551 730 594 communis
770 552 862 591 erat
900 549 1091 591 omnium
1129 549 1202 591 ille
1233 549 1392 604 hostis,
1428 553 1478 591 ut
1508 551 1554 592 in

210 611 427 654 communi
448 611 545 653 odio
566 624 700 664 paene
720 608 957 663 aequaliter
975 611 1219 650 versaretur
1239 608 1384 650 odium
1398 623 1552 651 meum.

209 670 310 712 Non
350 672 496 724 potest
535 669 619 710 dici
651 668 775 721 satis,
812 682 866 709 ne
899 667 1082 722 cogitari
1115 667 1306 721 quidem⁷
1344 671 1554 721 quantum

153 730 256 771 79in
286 729 362 770 illo
395 728 581 782 sceleris,
608 730 817 781 quantum
844 726 965 767 exitii
989 725 1132 767 fuerit.
1190 725 1304 774 Quin
1329 726 1391 768 sic
1417 729 1554 769 atten-
1574 744 1607 769 10

210 788 316 841 dite,
358 787 531 829 iudices.
598 785 765 839 Nempe
802 785 908 826 haec
946 787 1013 826 eet
1051 784 1245 838 quaestio
1285 784 1335 826 de
1373 784 1554 827 interitu

209 846 255 887 P.
288 845 424 888 Clodi.
486 844 660 900 Fingite
700 844 854 885 animis
888 841 1067 898 (liberae
1101 846 1202 884 sunt
1233 843 1347 884 enim
1377 847 1552 885 nostrae

210 904 500 959 cogitationes
533 906 588 957 et,
621 917 728 957 quae
760 902 923 956 volunt,
955 902 1017 943 sic
1048 901 1281 955 intuentur,
1312 904 1362 943 ut
1392 916 1443 944 ea
1468 917 1554 944 cer-

207 963 368 1017 nimus⁷
401 977 509 1017 quae
541 960 766 1015 videmus),
803 960 955 1015 fingite
987 960 1123 1015 igitur
1155 960 1419 1015 cogitatione
1449 961 1552 1003 ima·

209 1022 355 1076 ginem
403 1021 531 1062 huius
581 1019 844 1061 condicionis
894 1033 1030 1073 meae,
1080 1019 1117 1060 si
1166 1019 1330 1073 possim
1372 1019 1552 1075 efficere,
1574 1037 1606 1063 15

208 1083 258 1121 ut
283 1079 490 1120 Milonem
516 1078 765 1132 absolvatis,
796 1078 871 1119 sed
895 1078 969 1131 ita,
1001 1077 1038 1118 si
1063 1076 1110 1118 P.
1137 1076 1311 1120 Clodius
1337 1078 1552 1120 revixerit.

210 1138 322 1187 Quid
354 1138 478 1179 vultu
510 1136 803 1178 extimuistis?
842 1150 1030 1190 quonam
1062 1136 1189 1177 modo
1218 1136 1290 1177 ille
1322 1151 1398 1178 vos
1430 1137 1551 1180 vivus

208 1196 418 1250 afficeret,
459 1210 567 1250 quos
612 1198 808 1237 mortuus
852 1195 970 1236 inani
1008 1194 1272 1249 cogitatione
1309 1196 1552 1249 percussit?

211 1254 357 1303 Quid?
391 1253 427 1294 si
453 1254 544 1308 ipse
571 1252 646 1295 Cn.
672 1253 917 1308 Pompeius,
943 1253 1018 1306 qui
1043 1267 1093 1294 ea
1117 1253 1277 1294 virtute
1304 1267 1352 1294 ac
1377 1254 1552 1296 fortuna

209 1315 293 1365 est,
331 1314 380 1353 ut
412 1326 461 1352 ea
491 1312 684 1365 potuerit
716 1325 883 1365 semper
915 1325 1023 1365 quae
1055 1325 1180 1352 nemo
1212 1314 1384 1365 praeter
1415 1312 1550 1367 illum,
1571 1330 1604 1356 20

209 1370 246 1411 si
283 1370 338 1423 is,
382 1370 578 1423 inquam,
622 1370 838 1423 potuisset
876 1372 950 1410 aut
988 1369 1285 1423 quaestionem
1323 1370 1373 1412 de
1411 1375 1550 1414 morte

208 1427 254 1468 P.
287 1426 410 1469 Clodi
447 1428 558 1468 ferre
597 1430 672 1468 aut
709 1427 851 1481 ipsum
890 1428 943 1469 ab
982 1427 1129 1469 inferis
1162 1428 1366 1483 excitare,
1403 1433 1550 1472 utrum

207 1485 372 1540 putatis
428 1485 572 1539 potius
630 1485 846 1527 facturum
898 1485 1061 1527 fuisse?
1139 1485 1327 1528 Etiamsi
1372 1492 1551 1543 propter

208 1544 445 1585 amicitiam
476 1544 606 1585 vellet
637 1544 761 1585 illum
786 1545 839 1586 ab
865 1544 1014 1585 inferis
1041 1559 1231 1599 avocare,
1256 1549 1434 1600 propter
1459 1561 1551 1589 rem

206 1602 426 1656 publicam
473 1617 561 1643 non
610 1602 794 1644 fecisset.
866 1602 974 1644 Eius
1017 1603 1152 1658 igitur
1194 1604 1347 1646 mortis
1391 1605 1603 1649 sedetisns

206 1661 383 1715 ultores,
415 1660 535 1702 cuius
567 1661 701 1702 vitam
734 1661 771 1702 si
801 1662 962 1716 putetis
993 1676 1069 1716 per
1100 1676 1176 1704 vos
1208 1663 1379 1704 restitui
1409 1678 1550 1729 posse,

206 1719 373 1773 nolitis,
405 1722 449 1760 et
480 1719 530 1760 de
564 1719 654 1761 eius
686 1734 788 1761 nece
820 1721 911 1761 lata
942 1720 1137 1774 quaestio
1171 1723 1248 1775 est,
1281 1721 1354 1775 qui
1385 1722 1422 1763 si
1453 1723 1549 1778 lege

207 1777 353 1819 eadem
373 1778 625 1819 reviviscere
642 1781 803 1843 posset,
822 1779 913 1820 lata
925 1778 994 1820 lex
1005 1793 1241 1834 numquam
1252 1782 1376 1821 esset.
1408 1780 1549 1822 Huius

206 1849 308 1891 ergo
336 1835 590 1877 interfector
616 1836 653 1877 si
679 1840 803 1891 esset,
829 1837 875 1878 in
900 1837 1141 1879 confitendo
1163 1838 1248 1878 ab
1237 1838 1345 1879 iisne
1363 1853 1547 1892 poenam

146 1899 192 1931 80
207 1894 397 1948 timeret,
435 1909 542 1948 quos
580 1895 880 1936 liberavisset?
948 1894 1102 1937 Graeci
1137 1895 1334 1938 homines
1371 1897 1601 1940 deorumst>

205 1952 390 1993 honores
429 1953 628 1994 tribuunt
664 1953 718 1994 iis
755 1954 875 2008 viris,
922 1953 996 2008 qui
1032 1956 1239 2019 tyrannos
1276 1958 1546 1997 necaverunt.

206 2008 343 2064 (Quae
382 2024 462 2065 ego
501 2011 587 2052 vidi
619 2010 822 2065 Athenis,
861 2026 968 2066 quae
1003 2012 1100 2053 aliis
1131 2012 1176 2053 in
1207 2013 1385 2054 urbibus
1419 2012 1547 2055 Grae-

205 2068 312 2109 ciae!
359 2083 465 2122 quas
504 2083 571 2110 res
609 2069 774 2111 divinas
813 2070 973 2111 talibus
1011 2070 1234 2112 institutas
1271 2071 1392 2124 viris,
1436 2085 1545 2125 quos

206 2129 375 2180 cantus,
419 2141 527 2180 quae
572 2128 778 2169 carmina!
846 2128 987 2182 Prope
1031 2128 1084 2170 ad
1121 2128 1462 2170 immortalitatis
1501 2133 1546 2171 et

204 2183 457 2238 religionem
490 2188 534 2227 et
559 2186 811 2227 memoriam
837 2185 1178 2242 consecrantur);
1208 2200 1284 2228 vos
1310 2187 1422 2228 tanti
1449 2201 1545 2230 con·
1563 2203 1598 2230 ³⁶

205 2245 468 2284 servatorem
505 2244 671 2298 populi,
709 2245 822 2285 tanti
861 2244 1032 2286 sceleris
1070 2245 1255 2286 ultorem
1291 2259 1379 2286 non
1416 2246 1543 2288 modo

203 2297 439 2342 honoribus
483 2302 613 2344 nullis
652 2302 868 2353 afficietis,
912 2302 987 2345 sed
1024 2302 1156 2343 etiam
1194 2302 1247 2344 ad
1284 2303 1544 2357 supplicium
