1671 2543
598 73 697 110 CAP.
728 80 817 111 1—3
844 80 863 117 g
891 80 992 111 1—7.
1420 78 1474 120 67

221 182 310 208 *²³*ss
331 186 520 225 veterem
538 198 679 224 meum
697 184 894 237 amicum,
915 185 988 226 sed
1002 187 1148 227 tamen
1162 188 1285 227 tuum
1298 186 1479 228 familia·
1494 191 1514 222 5

132 257 236 296 rem,
262 242 536 296 defenderim,
564 257 659 284 cum
681 243 725 284 in
744 243 824 284 hac
846 244 1021 285 civitate
1043 245 1308 300 oppugnatio
1330 246 1479 300 soleat,

133 316 218 355 qua
247 304 295 342 tu
319 316 432 342 nunc
457 301 605 355 uteris,
635 316 723 342 11011
747 317 995 357 numquam,
1027 302 1216 344 defensio
1242 319 1479 359 numquam

132 360 380 414 vituperari.
445 358 527 401 Sed
567 375 724 414 quaero
764 375 789 401 a
826 364 887 414 te,
926 376 1000 403 cur
1033 361 1077 404 C.
1110 361 1358 404 Cornelium
1391 378 1480 404 non

96 429 113 454 5
135 418 424 472 defenderem3
471 433 576 459 num
626 419 766 473 legem
817 420 1006 474 aliquam
1054 419 1277 463 Cornelius
1329 424 1479 463 contra

133 477 326 531 auspicia
351 477 514 531 tulerit,
540 492 643 518 num
664 478 845 531 Aeliam,
864 494 969 520 num
988 479 1157 520 Fufiam
1177 480 1318 535 legem
1337 481 1478 536 negle-

131 536 256 589 xerit,
286 550 392 576 num
418 536 583 577 consuli
610 536 697 577 vim
725 538 933 592 attulerit,
962 553 1065 579 num
1092 540 1271 580 armatis
1296 540 1478 581 homini-

130 595 212 635 bus
246 595 457 648 templum
483 595 682 649 tenuerit,
712 610 816 636 num
842 596 1171 639 intercessorem
1196 598 1238 639 vi
1265 598 1477 652 deiecerit,

129 668 234 694 num
248 653 479 708 religiones
494 654 711 708 polluerit,
733 655 945 696 aerarium
961 656 1218 710 exhauserit,
1235 671 1326 698 rem
1340 657 1478 711 publi—

79 722 113 748 10
133 726 226 753 cam
253 712 510 766 compilarit.
571 712 663 753 Tua
690 716 802 767 sunt,
831 716 906 755 tua
932 718 1033 755 sunt
1058 714 1163 756 haec
1190 716 1351 770 omnia3
1378 715 1478 757 Cor-

130 770 244 812 nelio
285 770 374 811 eius
407 771 523 812 modi
554 771 664 812 nihil
698 772 914 813 obiectum
947 776 1024 814 est.
1087 772 1289 815 Codicem
1320 775 1478 830 legisse

131 829 373 884 dicebatur,
417 829 672 871 defendebat
716 831 902 872 testibus
948 832 1138 886 conlegis
1181 833 1269 874 suis
1307 848 1394 875 non
1433 848 1477 874 se.

130 888 340 929 recitandi
373 903 502 929 causa
527 889 696 944 legisse,
729 890 802 930 sed
828 891 1174 945 recognoscendi.
1237 890 1478 933 Constabat

131 949 279 988 tamen
311 946 559 988 Cornelium
599 948 828 989 concilium
864 948 940 989 illo
980 949 1046 990 die
1080 949 1312 1004 dimisisse,
1349 951 1479 991 inter—

78 1015 112 1042 15
131 1005 315 1048 cessioni
347 1006 551 1059 paruisse.
613 1006 677 1047 Tu
708 1021 827 1060 vero,
866 1007 933 1048 cui
966 1006 1138 1049 Corneli
1170 1008 1360 1050 defensio
1397 1009 1479 1050 dis-

131 1064 282 1118 plicet,
321 1078 451 1118 quam
489 1079 662 1106 causam
701 1066 752 1106 ad
790 1068 997 1119 patronos
1038 1069 1136 1107 tuos
1176 1070 1251 1107 aut
1284 1068 1398 1121 quod
1430 1082 1477 1109 os

133 1122 313 1163 afferes?
359 1123 514 1176 quibus
552 1123 639 1164 iam
677 1124 954 1178 praescribis,
994 1127 1156 1178 quanto
1191 1126 1278 1166 illis
1316 1126 1476 1179 probro

132 1181 326 1222 futurum
365 1182 439 1236 sit,
478 1182 515 1223 si
552 1185 595 1223 te
634 1182 919 1236 defenderint,
958 1198 1054 1224 cum
1086 1187 1134 1224 tu
1165 1184 1272 1225 mihi
1306 1184 1477 1226 Corneli

132 1239 424 1280 defensionem
471 1240 517 1281 in
560 1241 806 1282 maledictis
845 1241 1115 1283 obiciendam
1158 1243 1337 1296 putaris.
1412 1244 1510 1284 Acss

78 1309 112 1334 20
132 1301 278 1339 tamen
307 1298 402 1352 hoc,
433 1298 597 1353 Vatini,
629 1302 857 1354 memento,
888 1300 1017 1354 paulo
1049 1303 1150 1354 post
1180 1301 1311 1342 istam
1338 1302 1477 1343 defen-

131 1357 296 1398 sionem
330 1372 488 1412 meam,
521 1372 650 1412 quam
682 1361 730 1399 tu
762 1359 886 1400 bonis
919 1359 1022 1400 viris
1056 1359 1326 1414 displicuisse
1359 1360 1476 1415 dieis,

130 1430 197 1457 me
240 1430 337 1457 cum
380 1416 568 1458 universi
612 1417 761 1471 populi
799 1417 985 1459 Romani
1030 1433 1197 1459 summa
1241 1419 1476 1473 voluntate,

130 1477 226 1515 tum
264 1475 431 1529 optumi
470 1475 674 1529 cuiusque
713 1475 923 1530 singulari
964 1477 1106 1518 studio
1142 1477 1476 1532 magnificentis-

133 1533 238 1573 sime
294 1536 395 1587 post
448 1534 672 1576 hominum
727 1535 980 1576 memoriam
1030 1536 1251 1577 consulem
1299 1536 1476 1590 factum,

79 1601 112 1626 25
133 1591 361 1644 omniaque
400 1606 449 1632 ea
485 1607 552 1633 me
590 1593 800 1646 pudenter
837 1594 1017 1634 vivendo
1057 1597 1334 1636 consecutum
1370 1610 1475 1648 esse,

133 1664 240 1704 quae
266 1652 313 1690 tu
341 1650 594 1703 inpudenter
618 1651 888 1693 vaticinando
911 1667 1082 1706 sperare
1103 1655 1146 1693 te
1168 1667 1293 1707 saepe
1316 1653 1474 1694 dixisti.

220 1707 334 1748 Nam
361 1709 474 1761 quod
500 1709 606 1750 mihi
633 1710 869 1750 discessum
893 1710 1090 1751 obiecisti
1110 1726 1265 1766 meum,
1298 1715 1340 1752 et
1362 1713 1515 1765 quod3

130 1767 305 1819 horum,
344 1766 499 1820 quibus
537 1767 610 1808 ille
649 1768 738 1809 dies
777 1768 1079 1809 acerbissimus
1117 1769 1219 1823 fuit,
1257 1770 1330 1823 qui
1362 1770 1475 1811 idem

133 1825 214 1866 tibi
246 1825 523 1879 laetissimus,
554 1825 719 1867 luctum
748 1829 791 1867 et
817 1827 1028 1881 gemitum
1054 1841 1259 1869 renovare
1284 1828 1475 1882 voluisti,

79 1894 113 1919 30
133 1886 304 1924 tantum
347 1884 429 1924 tibi
472 1884 728 1938 respondeo,
772 1899 857 1938 me,
902 1899 998 1926 cum
1041 1887 1089 1926 tu
1125 1888 1376 1940 ceteraeque
1414 1887 1475 1927 rei

131 1942 327 1996 publicae
359 1944 503 1996 pestes
537 1957 754 1983 armorum
787 1957 959 1984 causam
991 1944 1271 1998 quaereretis,
1303 1948 1346 1985 et
1379 1960 1475 1986 cum

131 2015 208 2054 per
240 2015 383 2041 meum
414 2015 570 2042 nomen
601 2000 798 2042 fortunas
830 2001 1113 2055 locupletium
1145 2002 1348 2056 diripere,
1383 2018 1472 2045 san—

133 2059 306 2114 guinem
356 2059 597 2113 principum
648 2059 836 2101 civitatis
881 2060 1125 2114 exsorbere,
1176 2061 1475 2103 crudelitatem

131 2121 322 2159 vestram
355 2118 583 2171 odiumque
616 2118 877 2172 diuturnum,
910 2119 1022 2172 quod
1055 2119 1099 2159 in
1130 2119 1267 2160 bonos
1299 2120 1386 2161 iam
1414 2121 1474 2162 111-

79 2186 113 2212 35
133 2179 374 2217 veteratum
404 2177 651 2230 habebatis,
684 2179 876 2218 saturare
910 2177 1134 2231 cuperetiS,
1168 2178 1305 2219 scelus
1338 2181 1381 2220 et
1412 2179 1474 2219 fu-

132 2249 275 2276 rorem
306 2237 498 2276 vestrum
531 2235 714 2276 cedendo
746 2235 949 2276 maluisse
980 2235 1179 2290 frangere
1212 2250 1341 2290 quam
1372 2238 1473 2279 resi-

133 2294 296 2335 stendo.
361 2293 501 2343 Quare
539 2296 640 2349 peto
679 2308 704 2335 a
738 2296 799 2349 te,
835 2297 884 2335 ut
916 2294 1022 2335 mihi
1053 2294 1270 2349 ignoscas,
1309 2295 1507 2351 Vatini,7

1209 2363 1257 2397 5*
