1671 2543
537 82 639 118 CAP.
668 86 722 125 18,
752 86 792 117 19
819 86 837 124 ξ
863 86 1000 117 37-43
1353 83 1432 122 551

106 192 364 248 gloriatus
395 191 499 233 est?
561 190 710 245 Pergit
741 191 785 231 in
818 204 883 231 me
916 190 1154 243 maledieta,
1188 190 1309 243 quasi
1339 203 1438 230 vero

106 251 145 293 ei
177 250 459 306 pulcherrime
486 249 629 304 priora
656 250 958 303 processerint3
990 262 1115 302 quem
1142 261 1221 303 ego
1248 248 1439 288 inustum

107 309 340 351 verissimis
378 308 701 349 maledictorum
738 308 853 349 notis
892 307 1058 348 tradam
1096 307 1319 348 hominum
1357 321 1439 346 me-

108 369 269 410 moriae
302 367 596 421 sempiternae.
656 366 751 421 Ego
785 366 1007 407 lanista?
1062 365 1120 406 Et
1153 365 1323 419 quidem
1354 379 1439 405 non

73 443 90 468 5
108 426 334 481 insipiens3
383 425 614 466 deteriores
664 425 776 465 enim
820 424 1005 480 iugulari
1051 424 1192 478 cupio,
1242 423 1440 464 meliores

107 485 287 526 vincere.
350 484 491 526 ‘Utri
529 483 850 536 ceciderint’,
892 483 1059 537 scribit,
1098 482 1261 524 ‘lucro
1291 482 1441 523 nobis

107 541 363 585 futurum?
437 542 471 584 Ο
523 542 788 596 praeclarum
833 542 1015 596 lucrum,
1066 555 1149 595 quo
1193 544 1237 582 te
1279 541 1441 582 victore
1456 549 1496 578 41

109 600 241 656 (quod
278 601 320 642 di
359 615 483 642 omen
521 599 755 655 avertantl)
794 601 920 641 beata
957 615 1072 641 mors
1113 614 1260 641 eorum
1298 599 1444 640 futura

109 661 185 714 sit,
228 660 301 714 qui
345 674 366 701 e
405 660 495 701 vita
541 660 797 700 excesserint
843 659 933 700 sine
977 659 1225 700 tormentis!
1294 659 1331 698 A
1376 672 1443 699 me

58 737 91 761 ιο
111 717 393 773 ‘deceptos’
445 718 506 759 ait
555 716 735 758 ‘isdem
780 716 1116 759 ornamentis'
1161 716 1355 758 Hirtium
1401 719 1445 757 et

111 775 348 819 Caesarem.
411 776 551 828 Quod,
590 790 766 831 quaeso,
805 777 940 818 adhuc
979 790 1003 816 a
1041 790 1108 816 me
1141 779 1207 816 est
1232 775 1445 816 tributum

110 836 256 877 Hirtio
296 835 623 877 ornamentum?
685 834 797 875 Nam
831 833 1002 876 Caesari
1039 834 1163 888 plura
1201 837 1244 875 et
1282 834 1446 875 maiora

111 895 329 936 debentur.
395 893 635 947 Deceptum
679 896 821 934 autem
867 908 890 934 a
934 908 999 934 me
1038 891 1262 934 Caesarem
1308 892 1446 934 dicere

112 953 269 994 audes?
331 952 406 1006 Tu,
438 955 498 1006 tu,
530 952 716 1005 inquam,
747 952 870 992 illum
903 951 1098 993 occidisti
1123 951 1450 1004 Lupercalibus3

59 1028 93 1054 15
113 1011 250 1065 cuius,
294 1011 424 1052 homo
463 1010 774 1065 ingratissime,
817 1011 1053 1051 flaminium
1092 1025 1166 1052 cur
1203 1009 1447 1064 reliquisti?

114 1069 197 1111 Sed
233 1070 320 1110 iam
356 1069 494 1110 videte
527 1069 672 1123 magni
705 1072 748 1110 et
781 1069 883 1110 clari
915 1068 995 1109 viri
1028 1069 1323 1110 admirabilem
1355 1081 1448 1123 gra-

112 1127 292 1169 vitatem
323 1130 450 1182 atque
479 1128 776 1169 constantiam.
833 1127 979 1168 ‘Mihi
1013 1127 1212 1181 quidem
1245 1129 1449 1168 constat
1463 1130 1506 1160 42

112 1201 202 1228 nec
233 1201 390 1227 meam
424 1186 788 1227 contumeliam
818 1200 908 1227 nec
939 1199 1163 1227 meorum
1195 1185 1330 1227 ferre
1361 1199 1451 1226 nec

114 1245 257 1286 desei
265 1259 344 1286 eie
364 1245 549 1298 partis,
576 1259 698 1298 quas
719 1244 989 1310 Pomp-eius
1010 1244 1190 1299 odivit,
1209 1258 1299 1285 nec
1317 1246 1452 1285 vete-

61 1317 263 1346 2oran0s
303 1303 508 1344 sedibus
547 1303 652 1344 suis
697 1302 888 1344 moveri
932 1303 1041 1356 pati
1083 1317 1174 1344 nec
1218 1302 1451 1357 singulos

114 1362 172 1402 ad
198 1362 480 1403 cruciatum
506 1361 644 1402 trahi
669 1376 758 1403 nec
777 1361 957 1402 fallele
983 1361 1153 1415 fidem,
1174 1376 1320 1415 quam
1340 1361 1451 1402 dedi

114 1419 451 1474 Dolabellae,'
488 1443 537 1450 -—
574 1419 740 1461 Omitto
773 1420 875 1474 alia3
907 1419 1082 1461 ‘fidem
1113 1419 1439 1461 Dolabellae'
1442 1453 1452 1473 ,

117 1477 379 1519 sanctissimi
404 1478 497 1531 viri,
523 1478 714 1519 deserere
740 1479 870 1520 homo
895 1478 992 1532 pius
1011 1493 1098 1520 non
1117 1481 1274 1532 potest.
1314 1478 1453 1527 Quam

114 1536 273 1577 fidem?
318 1550 372 1577 an
415 1537 568 1590 optimi
613 1536 816 1590 cuiusque
862 1537 1019 1589 caedis,
1064 1537 1182 1577 urbis
1222 1539 1265 1577 et
1299 1536 1452 1578 Italiae

64 1612 97 1636 25
116 1594 384 1649 partitionis,
421 1595 724 1636 vastandarum
763 1595 1179 1648 diripiendarumque
1216 1595 1453 1648 provincia-

116 1653 242 1694 rum?
304 1651 418 1693 Nam
450 1653 551 1707 quid
583 1655 674 1693 erat
706 1653 831 1706 aliud,
865 1653 977 1706 quod
1008 1653 1120 1693 inter
1145 1652 1384 1694 Antonium
1411 1656 1455 1694 et

115 1711 406 1764 Dolabellam,
442 1710 757 1765 impurissimos
794 1711 1046 1764 parricidas,
1083 1710 1251 1752 foedere
1292 1714 1336 1752 et
1372 1711 1454 1753 fide

118 1768 386 1811 sanciretur?
460 1768 568 1810 ‘nec
628 1768 808 1823 Lepidi
876 1769 1180 1810 societatem
1240 1769 1512 1824 violare‚43

117 1828 344 1883 piissimi
375 1826 630 1880 hominis‚'
656 1851 712 1856 —
737 1827 834 1868 Tibi
859 1842 955 1868 cum
981 1826 1142 1881 Lepido
1169 1828 1353 1869 societas
1381 1831 1456 1869 aut

65 1903 99 1928 30
119 1901 217 1927 cum
250 1886 336 1927 ullo
368 1900 455 1927 non
487 1886 624 1927 dicam
655 1886 769 1926 bono
802 1885 896 1939 civi,
928 1886 1039 1926 sicut
1070 1886 1142 1927 ille
1169 1889 1245 1935 est,
1279 1887 1351 1927 sed
1382 1886 1455 1928 ho-

119 1945 232 1986 mine
276 1944 410 1985 sano?
477 1943 527 1984 Id
565 1944 676 1999 agis,
719 1946 768 1984 ut
803 1943 1010 1997 Lepidum
1050 1947 1125 1985 aut
1162 1944 1342 1998 impium
1381 1948 1455 1985 aut

118 2003 317 2044 insanum
349 2002 586 2043 existimari
618 2002 734 2043 velis.
796 2001 918 2042 Nihil
951 2002 1043 2056 agis
1077 2001 1355 2057 (quamquam
1387 2004 1455 2044 ad-

118 2061 289 2102 firmare
321 2061 371 2102 de
404 2060 540 2101 altero
573 2060 746 2101 difficile
779 2060 875 2114 est),
913 2060 963 2101 de
995 2059 1156 2114 Lepido
1187 2061 1455 2115 praesertim,

121 2133 247 2173 quem
276 2132 356 2173 ego
383 2121 573 2160 metuam
597 2133 843 2172 numquam,
875 2118 981 2159 bene
1009 2120 1201 2173 sperabo,
1233 2119 1334 2160 dum
1359 2119 1455 2161 lice-

67 2194 100 2219 35
119 2178 195 2219 bit.
252 2177 469 2219 Revocare
494 2180 538 2218 te
564 2191 589 2217 a
613 2176 757 2217 furore
782 2176 969 2231 Lepidus
995 2177 1144 2231 voluit,
1173 2191 1261 2218 non
1286 2177 1456 2219 adiutor

119 2250 211 2277 esse
244 2235 492 2276 dementiae.
548 2234 612 2275 Tu
646 2249 774 2288 porro
800 2249 852 2275 ne
878 2235 972 2288 pios
1000 2235 1181 2289 quidem,
1213 2235 1286 2277 sed
1313 2236 1455 2290 tpiis-

120 2293 296 2335 simos'
336 2293 504 2349 quaeris
543 2296 604 2346 et,
643 2293 755 2347 quod
793 2293 970 2334 verbum
1009 2294 1182 2335 omnino
1213 2294 1379 2334 nullum
1409 2295 1456 2335 in
