1671 2543
536 88 638 124 CAP.
666 92 808 124 19—20
833 93 852 132 ς
878 93 1029 124 44—50.
1374 88 1456 129 101

113 198 152 239 si
178 198 415 240 obstrictus
441 198 739 252 voluptatibus
766 200 995 252 teneretur,
1019 197 1066 238 in
1089 197 1171 238 1136
1191 197 1281 238 3616
1301 195 1457 238 cotidie

114 259 376 311 versaretur,
409 257 630 311 adpeteret
660 256 928 310 inimicitias,
959 257 1005 297 in
1035 256 1240 297 iudicium
1271 257 1457 308 vocaret,

114 315 279 356 subiret
310 291 549 370 Ρ611611111111
578 315 732 370 capitis
757 315 862 369 ipse,
893 315 1162 369 inspectante
1188 313 1348 368 populo
1374 312 1457 354 Ro-

114 388 242 415 mano
285 376 353 415 tot
395 374 482 415 iam
525 388 692 415 menses
739 376 814 414 aut
853 374 902 414 de
941 373 1079 414 salute
1118 375 1192 413 aut
1229 373 1279 413 de
1318 371 1458 427 gloria

77 432 368 473 5dimicaret‘?
441 431 563 474 Nihil
603 433 739 487 icitur
776 432 852 472 illa
888 432 1086 473 vicinitas
1123 425 1528 484 16(10161,11111112()

111 490 338 531 11011111111111
375 490 507 545 fama,
543 490 652 532 nihil
690 490 822 532 Baiae
860 490 1039 545 denique
1076 490 1194 544 ipsae
1226 489 1456 530 locuntur?

113 548 219 590 Illae
245 563 345 590 vero
371 564 459 591 non
482 549 685 591 locuntur
706 549 862 602 solum,
888 563 1036 590 verum
1056 549 1187 590 etiam
1210 550 1456 602 personant,

111 607 196 649 huc
221 608 347 649 unius
374 608 566 649 mulieris
592 608 815 649 libidinem
835 622 926 648 esse
946 608 1206 661 prolapsam,
1232 609 1282 648 ut
1301 621 1351 647 ea
1369 620 1457 647 non

112 666 240 707 modo
273 666 550 707 solitudinem
583 682 631 708 36
663 667 863 708 tenebras
897 669 1025 721 atque
1056 666 1161 707 haec
1190 664 1455 720 flagitiorum

59 735 94 760 10
112 724 412 780 integumenta
453 740 539 766 non
588 728 784 780 quaerat,
827 725 900 766 sed
944 725 989 765 in
1032 723 1295 778 turpissimis
1327 723 1454 764 rebus

111 782 464 837 frequentissima
502 784 752 825 celebritate
789 786 832 824 et
864 783 1103 824 clarissima
1133 783 1226 824 luce
1258 782 1454 823 laetetur.

200 841 364 883 Verum
395 842 432 883 31
463 842 558 896 quis
587 845 663 896 est,
697 842 769 896 qui
795 842 927 883 etiam
952 841 1207 883 meretriciis
1234 840 1454 882 amoribus
1469 848 1514 880 48

111 900 390 942 interdictum
438 900 653 941 iuventuti
699 903 841 955 putet,
891 903 958 941 est
1000 900 1073 940 ille
1118 899 1289 953 quidem
1332 898 1454 940 valde

112 974 285 1001 severus
319 960 492 1013 (negare
522 974 609 1000 non
639 957 849 1014 possum),
881 959 954 1000 sed
987 958 1191 1000 abhorret
1215 972 1303 999 non
1328 957 1454 998 modo

59 1028 93 1055 15
112 1018 167 1059 ab
209 1017 338 1059 huius
382 1017 540 1059 saeculi
583 1017 774 1071 licentia,
817 1031 965 1058 verum
1009 1016 1140 1058 etiam
1181 1031 1205 1057 a
1243 1016 1455 1057 maiorum

112 1076 420 1118 consuetudine
452 1078 582 1130 atque
614 1076 838 1117 concessis.
903 1075 1081 1125 Quando
1113 1075 1226 1116 enim
1256 1075 1339 1116 1106
1368 1089 1457 1115 11011

111 1136 276 1176 factum
307 1137 384 1187 est,
417 1135 585 1189 quando
618 1135 936 1188 reprehensum,
969 1134 1136 1188 quando
1168 1148 1255 1175 non
1280 1133 1456 1186 permis-

112 1208 219 1247 sum,
252 1193 419 1247 quando
453 1193 633 1247 denique
662 1193 757 1246 fuit,
788 1195 850 1247 ut7
882 1193 994 1247 quod
1018 1192 1133 1246 licet,
1163 1206 1252 1233 non
1276 1191 1455 1232 liceret?

110 1252 194 1293 Hic
227 1265 306 1306 ego
331 1251 495 1292 nullam
520 1266 610 1292 rem
636 1226 850 1305 definiam,
886 1251 1110 1292 mulierem
1134 1250 1298 1291 nullam
1322 1250 1456 1291 nomi-

56 1322 92 1348 20
109 1311 242 1364 nabo,
267 1312 408 1351 totum
433 1310 480 1351 in
505 1310 644 1351 medio
667 1309 918 1375 relinquam.
970 1308 1016 1350 Si
1043 1323 1151 1364 quae
1175 1309 1296 1360 [non]
1318 1311 1454 1362 nupta
1468 1317 1512 1347 49

109 1369 265 1411 mulier
307 1369 482 1410 domum
526 1383 648 1409 suam
691 1363 945 1422 patefecerit
990 1368 1183 1409 omnium
1227 1367 1455 1432 cupiditati

109 1428 336 1482 palamque
374 1441 465 1468 sese
497 1427 544 1468 in
574 1427 818 1468 meretricia
848 1427 939 1467 vita
971 1426 1226 1480 conlocarit,
1263 1425 1455 1466 virorum

110 1486 470 1528 alienissimorum
496 1485 701 1527 conviviis
727 1485 793 1526 uti
817 1485 1069 1538 1113111116111,
1095 1485 1132 1526 31
1156 1484 1275 1525 lioc
1264 1499 1310 1525 m
1337 1484 1454 1537 urbe,

111 1545 149 1586 si
185 1544 231 1585 in
265 1544 423 1598 hortis,
461 1544 498 1585 31
528 1544 573 1585 111
604 1544 808 1585 Baiarum
839 1544 916 1584 illa
947 1518 1197 1585 celebritate
1229 1542 1378 1596 faciet,
1417 1543 1454 1583 31

57 1614 92 1640 25
112 1602 293 1656 denique
324 1602 387 1642 ita
418 1616 510 1644 sese
543 1606 664 1657 geret
694 1617 781 1644 non
812 1602 981 1643 incessu
1013 1602 1164 1655 solum,
1196 1601 1270 1642 sed
1299 1604 1454 1642 ornatu

111 1664 239 1716 atque
266 1661 488 1714 comitatu,
512 1675 599 1701 non
623 1661 855 1716 flagrantia
881 1661 1114 1713 oculorum,
1140 1674 1228 1701 non
1250 1660 1452 1700 libertate

111 1719 333 1772 sermonis,
360 1718 433 1759 sed
459 1718 589 1759 etiam
613 1720 848 1773 complexu,
876 1718 1152 1771 osculatione,
1179 1718 1313 1772 aquis,
1338 1718 1454 1758 navi-

111 1777 304 1833 gatione,
341 1776 566 1830 conviviis,
596 1780 645 1818 ut
675 1792 763 1818 non
794 1777 933 1818 solum
965 1776 1184 1829 meretrix,
1217 1776 1290 1817 sed
1323 1776 1453 1816 etiam

110 1839 313 1901 proterva
361 1835 564 1876 meretrix
609 1850 851 1889 procaxque
894 1835 1107 1875 videatur:
1151 1849 1248 1875 cum
1291 1834 1372 1875 hac
1417 1834 1453 1875 si

56 1905 92 1931 30
112 1895 186 1948 qui
212 1894 460 1935 adulescens
485 1892 598 1934 forte
623 1893 766 1946 fuerit,
796 1896 943 1934 utrum
968 1892 1038 1933 hic
1064 1892 1157 1946 tibi,
1183 1891 1230 1932 L.
1250 1891 1453 1945 Herenni,

110 1953 278 1993 adulter
315 1967 370 1992 an
407 1954 591 2005 amator,
629 1965 872 2006 expugnare
908 1926 1161 2005 pudicitiani
1197 1965 1252 1991 an
1276 1950 1452 2015 explere

109 2010 332 2052 libidinem
368 2010 554 2051 voluisse
591 2009 815 2050 videatur?
879 2008 1121 2050 Obliviscor
1154 2009 1242 2049 iam
1272 2008 1451 2050 iniurias
1467 2022 1512 2053 50

110 2072 220 2123 tuas,
252 2068 413 2123 Clodia,
444 2068 610 2122 depono
643 2068 893 2109 memoriam
920 2067 1080 2108 doloris
1106 2067 1208 2121 mei3
1241 2081 1348 2120 quae
1375 2067 1451 2108 abs

109 2131 153 2168 te
185 2127 415 2169 crudeliter
445 2127 491 2167 in
522 2141 640 2167 meos
666 2140 734 2167 me
763 2126 939 2167 absente
964 2125 1081 2167 facta
1107 2129 1219 2178 sunt,
1249 2125 1452 2190 neglego,

56 2196 162 2227 35116
200 2186 288 2227 sint
323 2185 430 2227 haec
466 2185 511 2226 in
542 2188 585 2225 te
618 2184 749 2238 dicta,
787 2199 894 2238 quae
927 2184 1025 2224 dixi.
1088 2182 1170 2225 Sed
1202 2197 1253 2224 ex
1282 2186 1326 2224 te
1357 2183 1452 2237 ipsa

108 2244 293 2309 requiro,
313 2244 516 2308 quoniam
537 2246 580 2284 et
601 2243 762 2284 crimen
781 2245 1052 2285 accusatores
1073 2242 1150 2283 abs
1170 2245 1213 2282 te
1235 2244 1278 2282 et
1292 2244 1450 2282 testem

109 2302 200 2343 eius
226 2302 416 2344 criminis
443 2301 516 2343 16
505 2316 645 2356 ipsam
666 2301 814 2342 dicunt
834 2315 878 2342 se
897 2301 1073 2342 habere:
1101 2299 1146 2342 Si
1168 2314 1275 2354 quae
1296 2300 1450 2341 mulier
