1671 2543
532 55 632 91 CAP.
663 60 799 91 19-21
827 60 846 99 ς
872 59 1021 91 44—48.
1391 58 1443 98 21

107 164 178 207 An
221 163 329 207 mihi
370 164 472 219 ipsi,
515 167 565 206 ut
609 164 782 218 quidam
820 167 993 219 putant,
1035 163 1120 205 fuit
1156 178 1273 206 mors
1311 179 1446 219 aequo

108 224 253 265 0111100
293 223 562 278 oppetenda?
619 223 731 272 Quid
769 224 892 264 tum?
927 226 1165 264 mortemne
1196 223 1447 278 fugiebam?

107 282 178 324 An
204 285 297 324 erat
317 297 384 324 res
404 282 504 336 ulla,
531 296 660 336 quam
681 282 785 323 mihi
807 282 946 337 magis
967 282 1199 336 optandam
1218 282 1446 336 putarem?

109 344 184 382 aut
220 355 300 396 ego
338 341 435 382 illas
468 355 536 382 res
569 343 713 382 tantas
746 341 790 381 in
822 344 945 382 tanta
975 341 1272 395 improborum
1304 340 1446 382 multi-

69 409 87 435 5
108 400 254 441 tudine
286 414 383 441 011111
415 400 628 454 gerebam,
658 414 746 440 non
777 400 885 440 mihi
917 414 1044 454 mors,
1073 414 1162 440 non
1190 399 1365 440 exilium
1392 399 1445 440 ob

108 459 254 500 oculos
287 459 570 499 versabatur?
601 473 689 499 non
719 458 823 499 haec
856 458 1036 512 denique
1069 473 1093 499 a
1124 473 1190 499 me
1219 461 1314 499 tum
1340 461 1446 499 tam-

107 531 237 571 quam
274 516 366 558 fata
402 517 447 558 in
480 517 576 571 ipsa
606 531 650 558 re
683 517 870 572 gerenda
902 517 1195 558 canebantur?
1250 517 1321 558 An
1353 520 1445 557 erat

106 575 213 616 mihi
244 575 291 616 in
322 578 445 617 tanto
477 575 597 617 luctu
629 590 834 629 meorum,
866 578 990 616 tanta
1015 576 1290 629 diiunctione,
1322 578 1445 616 tanta

107 634 355 688 acerbitate,
382 637 506 675 tanta
532 634 790 688 spoliatione
818 635 1009 675 omnium
1031 649 1184 688 rerum,
1211 649 1316 688 quas
1338 634 1445 675 mihi

55 703 87 728 10
107 695 182 734 aut
212 696 369 734 natura
400 695 475 734 aut
509 692 684 734 fortuna
717 694 910 747 dederat,
944 693 1034 734 1110
1064 693 1315 734 retinenda?
1353 696 1442 733 tam

105 766 224 793 eram
266 752 402 805 rudis,
452 754 543 793 tam
586 752 763 806 ignarus
807 766 969 805 rerum,
1019 755 1109 793 tam
1153 766 1303 806 expers
1349 766 1444 792 con-

104 811 192 852 silii
224 813 299 852 aut
329 810 522 865 ingenii?
557 810 666 851 nihil
700 810 930 864 audieram,
961 810 1077 851 nihil>
1102 810 1304 864 videram,
1333 810 1443 851 nihil

103 870 196 924 ipse
245 869 427 924 legendo
474 869 800 923 quaerendoque
846 883 1150 924 cognoveram,
1197 869 1442 910 nesciebam

104 929 219 969 vitae
251 929 426 969 brevem
458 942 550 969 esse
581 942 764 981 cursum,
797 928 959 982 gloriae
987 928 1314 982 sempiternum3
1347 941 1442 968 cum

51 995 85 1021 15
105 989 219 1029 esset
252 987 451 1028 omnibus
484 986 658 1027 definita
690 1001 825 1040 mors,
858 987 1093 1040 optandum
1126 1001 1230 1039 0880,
1263 989 1311 1027 111
1342 986 1443 1040 1110,

105 1060 214 1099 quae
239 1045 490 1086 necessitati
516 1045 754 1098 deberetur,
779 1045 946 1099 patriae
970 1045 1115 1099 potius
1136 1045 1294 1086 donata
1315 1059 1443 1098 quam

104 1107 324 1145 reservata
359 1106 539 1144 naturae
576 1104 822 1144 videretur?
858 1104 1103 1145 nesciebam
1134 1104 1248 1144 inter
1279 1104 1443 1157 sapien-

103 1163 298 1204 tissimos
341 1162 537 1203 homines
581 1162 691 1203 hanc
730 1162 1050 1203 contentionem
1087 1162 1238 1215 fuisse,
1281 1165 1331 1203 ut
1369 1161 1443 1202 alii

104 1221 296 1263 dicerent
327 1221 494 1262 animos
526 1220 750 1262 hominum
782 1235 1017 1274 sensusque
1050 1223 1189 1261 morte
1219 1220 1443 1274 restingui,

51 1289 85 1314 20
105 1280 180 1321 alii
208 1283 353 1320 autem
379 1282 473 1320 11110
499 1279 683 1320 maxime
710 1282 875 1320 mentes
903 1279 1163 1333 sapientium
1189 1294 1238 1320 ac
1263 1279 1442 1320 fortium

102 1339 307 1392 virorum,
327 1353 424 1379 cum
445 1353 496 1379 ex
517 1352 693 1392 corpore
715 1338 1010 1391 excessissent,
1031 1338 1190 1379 sentire
1205 1352 1254 1379 ac
1267 1337 1442 1392 vigere?

104 1412 288 1451 quorum
332 1397 515 1438 alterum
555 1396 807 1451 fugiendum
843 1411 930 1438 non
967 1411 1077 1450 esse,
1122 1411 1264 1438 carere
1303 1410 1442 1450 sensu,

104 1456 290 1497 alterum
315 1455 446 1496 etiam
467 1456 714 1509 optandum,
740 1455 916 1496 meliore
937 1470 1028 1496 esse
1050 1469 1189 1496 sensu.
1233 1454 1440 1508 Denique,
1456 1462 1500 1494 48

105 1529 203 1556 cum
228 1514 373 1555 omnia
398 1528 567 1568 semper
593 1514 644 1554 ad
671 1514 928 1569 dignitatem
955 1514 1221 1555 rettulissem
1246 1528 1324 1555 nec
1351 1513 1440 1554 sine

50 1583 84 1608 25
105 1587 154 1614 ea
181 1572 410 1626 quicquam
433 1573 717 1638 expetendum
738 1587 829 1614 esse
849 1572 1045 1614 homini
1034 1588 1080 1614 111
1098 1573 1189 1613 1110
1208 1575 1442 1626 putassem,

104 1634 306 1684 mortem,
346 1645 475 1684 quam
507 1631 639 1671 etiam
670 1631 858 1686 virgines
890 1631 1074 1672 Athenis
1107 1631 1238 1686 regis,
1277 1630 1441 1685 opinor,

102 1689 337 1730 Erechthei
365 1689 479 1729 filiae
504 1704 582 1743 pro
608 1690 751 1743 patria
777 1689 1088 1743 contempsisse
1116 1690 1327 1743 dicuntur,
1360 1702 1439 1743 ego

103 1748 169 1789 vir
195 1747 433 1789 consularis
459 1747 594 1788 tantis
620 1748 747 1789 rebus
775 1748 910 1803 gestis
932 1748 1158 1788 timerem?
1184 1748 1440 1802 praesertim

105 1821 202 1848 cum
234 1806 324 1847 eius
357 1819 495 1846 essem
527 1805 734 1860 civitatis,
772 1821 823 1847 ex
855 1821 938 1859 qua
971 1805 1014 1848 C.
1046 1805 1214 1847 Mucius
1248 1806 1364 1847 solus
1396 1805 1441 1846 in

49 1875 84 1900 30
104 1868 247 1906 castra
283 1864 528 1906 Porsennae
565 1864 754 1905 venisset
792 1879 972 1917 eumque
1010 1865 1251 1905 interficere
1288 1878 1440 1918 propo-

103 1924 189 1965 sita
223 1923 308 1965 sibi
339 1925 478 1964 morte
511 1925 690 1963 conatus
723 1926 854 1976 08801,
892 1937 942 1963 ex
975 1937 1059 1977 qua
1090 1922 1137 1963 P.
1167 1922 1325 1964 Decius
1356 1922 1440 1976 pri-

102 1997 222 2023 mum
258 1984 399 2036 pater,
437 1984 538 2035 post
576 1981 743 2034 aliquot
780 1995 913 2022 annos
952 1981 1094 2035 patria
1130 1981 1290 2022 virtute
1321 1995 1440 2034 prae-

102 2041 219 2081 ditus
243 2040 358 2081 filius
386 2054 430 2081 se
457 2054 506 2081 ac
532 2039 668 2080 vitam
694 2054 815 2080 suam
840 2040 1053 2081 instructa
1080 2040 1168 2081 acie
1195 2054 1273 2093 pro
1301 2039 1438 2080 salute

103 2099 251 2153 populi
287 2098 471 2140 Romani
508 2098 774 2151 victoriaque
813 2098 1073 2152 devovisset3
1111 2113 1162 2138 ex
1200 2112 1284 2152 qua
1320 2098 1439 2139 innu-

50 2170 84 2194 35
104 2157 331 2199 merabiles
370 2157 444 2198 alii
478 2156 638 2211 partim
670 2156 965 2210 adipiscendae
997 2157 1154 2210 laudis,
1190 2157 1351 2210 partim
1381 2156 1440 2198 11-

103 2216 259 2257 tandae
309 2215 591 2269 turpitudinis
643 2229 771 2256 causa
819 2218 1004 2256 mortem
1051 2215 1096 2256 in
1139 2215 1268 2256 variis
1312 2215 1437 2256 bellis

102 2274 375 2328 aequissimis
414 2273 568 2315 animis
606 2273 891 2328 oppetissent3
930 2274 975 2314 in
1013 2288 1097 2328 qua
1135 2274 1308 2315 civitate
1345 2274 1438 2328 ipse
