1671 2543
192 52 276 93 168
566 52 617 86 IN
642 51 681 87 L.
707 50 922 86 PISONEM
949 50 1140 88 ORATIO.

189 159 421 201 facientem
463 160 659 202 consules
699 159 964 200 adiuverunt.
1031 159 1186 201 Voluit
1222 160 1296 202 ille
1334 163 1530 202 senatum

188 219 443 273 interficere,
475 233 551 260 vos
584 218 841 271 sustulistis;
871 218 989 273 leges
1015 219 1277 274 extinguere,
1308 233 1384 261 vos
1410 221 1526 261 abro-

189 277 346 333 gastis3
389 277 432 318 vi
470 280 630 318 terrere
667 276 855 331 patriam
893 279 986 329 [vos
1026 277 1287 332 adiuvistis],
1326 278 1427 332 quid
1465 280 1526 320 est

189 336 312 377 vobis
352 336 601 377 consulibus
639 338 811 390 gestum
848 335 938 377 sine
971 336 1131 377 armis?
1192 336 1423 378 Incendere
1454 336 1527 376 illa

190 395 514 437 coniuratorum
553 409 705 435 manus
736 394 874 435 voluit
905 395 1073 449 urbem,
1111 409 1188 436 vos
1221 395 1311 436 eius
1344 392 1525 448 domum,

190 468 319 507 quem
344 455 522 507 propter
547 453 649 493 urbs
676 453 850 494 incensa
873 468 961 494 non
984 456 1061 495 est.
1104 453 1169 495 Ac
1188 469 1240 495 ne
1260 454 1326 495 illi
1347 453 1526 508 quidem,

189 513 227 554 si
246 512 501 553 habuissent
521 511 654 553 vestri
676 512 861 552 similem
882 513 1112 566 consulem,
1133 513 1182 553 de
1199 513 1319 554 urbis
1333 512 1525 554 incendio

190 571 473 626 cogitassent,
503 585 591 611 non
623 570 738 612 enim
767 585 811 611 se
837 571 965 612 tectis
990 571 1159 625 privare
1185 572 1422 625 voluerunt,
1452 570 1527 612 sed

188 629 257 671 his
288 630 503 670 stantibus
529 629 696 670 nullum
723 629 987 671 domicilium
1012 630 1163 671 sceleri
1189 644 1266 672 suo
1292 630 1380 672 fore
1405 631 1526 683 puta-

188 691 353 729 verunt.
405 687 588 729 Caedem
618 688 682 729 illi
710 688 878 741 civium,
909 703 986 730 vos
1012 689 1265 730 servitutem
1292 688 1526 742 expetistis.

187 746 273 788 Hic
299 761 375 793 vos
402 747 534 788 etiam
561 747 838 801 crudeliores3
861 747 962 788 huic
989 747 1102 788 enim
1127 748 1287 802 populo
1305 747 1367 787 ita
1384 746 1527 788 fuerat

189 809 289 846 ante
309 820 385 847 vos
407 805 602 846 consules
621 805 801 846 libertas
821 806 964 860 insita,
984 809 1034 847 ut
1054 806 1092 847 ei
1113 806 1223 847 mori
1241 805 1384 860 potius
1399 820 1528 859 quam

132 872 174 902 16
190 865 349 906 servire
381 867 633 918 praestaret.
684 864 797 905 Illud
826 879 926 906 vero
954 865 1173 920 geminum
1199 864 1388 906 consiliis
1416 863 1528 906 Cati-

187 923 301 964 linae
335 925 377 963 et
409 921 601 977 Lentuli,
640 923 755 977 quod
786 938 853 964 me
886 924 1013 965 domo
1045 923 1416 978 meaexpulistis,
1452 922 1526 965 Cn.

187 981 443 1035 Pompeium
487 982 662 1023 domum
705 996 827 1023 suam
871 982 1152 1036 compulistis.
1219 981 1370 1036 Neque
1412 982 1526 1023 enim

188 1055 256 1082 me
286 1043 427 1081 stante
454 1043 497 1081 et
522 1043 722 1082 manente
748 1041 801 1081 in-
818 1041 938 1082 urbis
964 1041 1113 1096 vigilia
1136 1055 1274 1094 neque
1301 1040 1527 1082 resistente

189 1098 262 1141 Cn.
284 1099 504 1153 Pompeio,
533 1100 723 1140 omnium
750 1100 945 1154 gentium
970 1100 1143 1154 victore,
1168 1114 1373 1154 umquam
1399 1113 1443 1141 se
1463 1099 1529 1140 illi

187 1172 279 1198 rem
315 1158 534 1212 publicam
572 1158 711 1199 delere
749 1173 875 1212 posse
908 1159 1130 1200 duxerunt.
1186 1158 1226 1200 A
1258 1173 1325 1199 me
1359 1158 1530 1212 quidem

188 1217 321 1257 etiam
357 1231 518 1270 poenas
557 1216 798 1270 expetistis,
837 1217 992 1270 quibus
1028 1217 1350 1258 coniuratorum
1381 1231 1528 1257 manes

187 1278 460 1316 mortuorum
492 1275 741 1329 expiaretis3
777 1290 900 1316 omne
934 1276 1078 1316 odium
1108 1275 1322 1316 inclusum
1351 1275 1527 1316 nefariis

189 1333 386 1375 sensibus
427 1333 660 1387 impiorum
696 1334 743 1374 in
779 1348 846 1374 me
883 1333 1148 1387 profudistis.
1217 1333 1409 1382 Quorum
1447 1348 1527 1389 ego

187 1391 325 1432 furori
355 1392 440 1432 nisi
469 1392 704 1446 cessissem,
736 1392 781 1433 in
806 1392 1018 1434 Catilinae
1044 1392 1173 1433 busto
1199 1392 1322 1434 vobis
1348 1392 1527 1433 ducibus

187 1452 403 1491 mactatus
436 1465 585 1492 essem.
643 1450 766 1499 Quod
797 1453 941 1492 autem
966 1451 1104 1492 maius
1129 1450 1334 1491 indicium
1360 1465 1528 1505 exspec-

187 1509 292 1549 tatis
329 1508 439 1549 nihil
477 1509 590 1550 inter
627 1524 703 1550 vos
742 1511 785 1550 et
822 1508 1054 1551 Catilinam
1092 1509 1357 1563 interfuisse,
1399 1524 1529 1563 quam

189 1567 303 1621 quod
336 1567 513 1608 eandem
545 1568 665 1608 illam
697 1583 872 1609 manum
904 1583 955 1609 ex
985 1568 1283 1609 intermortuis
1316 1567 1527 1610 Catilinae

188 1626 383 1679 reliquiis
435 1626 705 1681 concitastis,
756 1627 869 1680 quod
917 1641 1064 1668 omnes
1107 1627 1293 1681 undique
1337 1627 1528 1682 perditos

188 1684 439 1739 collegistis,
473 1685 587 1739 quod
617 1685 663 1726 in
694 1700 761 1726 me
794 1700 1007 1727 carcerem
1039 1685 1262 1740 effudistis,
1294 1685 1408 1739 quod
1433 1700 1529 1727 con-

188 1743 353 1784 iuratos
393 1744 612 1796 armastis,
651 1744 765 1798 quod
804 1758 951 1785 eorum
988 1744 1101 1785 ferro
1137 1759 1187 1786 ac
1217 1744 1353 1785 furori
1385 1758 1529 1785 meum

189 1816 343 1856 corpus
365 1804 492 1856 atque
514 1802 706 1843 omnium
725 1803 938 1844 bonorum
957 1803 1091 1844 vitam
1113 1803 1280 1844 obicere
1298 1802 1528 1844 voluistis?

191 1860 272 1901 Sed
310 1861 397 1901 iam
432 1861 557 1903 redeo
590 1861 642 1902 ad
672 1862 936 1915 praeclaram
967 1862 1088 1903 illam
1120 1861 1365 1903 contionem
1395 1863 1528 1903 tuam.

187 1918 253 1960 Tu
285 1933 330 1960 es
361 1919 452 1973 ille,
486 1920 554 1961 cui
586 1920 816 1961 crudelitas
850 1920 1076 1974 displicet?
1110 1920 1194 1974 qui,
1227 1934 1323 1961 cum
1354 1922 1528 1961 senatus

187 1977 354 2018 luctum
380 1992 429 2019 ac
456 1979 648 2019 dolorem
669 1993 794 2020 suum
813 1980 946 2020 vestis
967 1979 1206 2020 mutatione
1227 1978 1529 2019 declarandum

189 2036 438 2089 censuisset,
466 2052 563 2078 cum
588 2037 753 2079 videres
778 2052 1017 2079 maerorem
1036 2037 1098 2078 rei
1118 2036 1326 2092 publicae,
1353 2037 1527 2090 amplis-

189 2094 290 2135 simi
325 2095 488 2136 ordinis
520 2096 697 2150 luctum,
730 2111 754 2137 o
785 2099 934 2138 noster
965 2096 1226 2138 misericors!
1261 2095 1360 2149 quid
1392 2094 1527 2136 facis?

190 2151 313 2199 Quod
348 2153 468 2194 nulla
504 2154 551 2195 in
584 2154 785 2195 barbaria
817 2155 1045 2209 quisquam
1077 2157 1297 2208 tyrannus.
1361 2152 1525 2194 Omitto

189 2210 303 2250 enim
335 2211 460 2265 illud,
496 2213 715 2254 consulem
747 2213 928 2267 edicere,
958 2217 1008 2254 ut
1040 2214 1213 2269 senatus
1246 2211 1442 2253 consulto
1473 2226 1526 2252 ne

190 2268 522 2325 obtemperetur,
556 2286 639 2325 quo
671 2271 838 2313 foedius
869 2286 948 2314 nec
978 2271 1073 2313 fieri
1099 2285 1178 2313 nec
1205 2270 1388 2325 cogitari
1415 2270 1526 2326 quic-

1553 705 1588 729 10

1547 996 1581 1023 15

1548 1293 1582 1317 20

1547 1585 1582 1611 25

1547 1879 1582 1904 30

1546 2170 1580 2196 35
