1671 2543
238 94 324 135 170
625 94 676 129 IN
702 96 743 129 L.
768 93 984 129 PISONEM
1009 93 1198 131 ORATIO.

234 203 377 257 patria
408 203 631 257 tenuisset,
664 202 701 244 si
727 202 833 243 mihi
860 217 956 244 cum
981 203 1057 244 illo
1083 202 1309 244 bustuario
1336 202 1575 256 gladiatore

239 265 282 302 et
325 264 468 303 tecum
512 264 555 302 et
600 276 695 302 cum
740 260 907 316 collega
949 264 1024 303 tuo
1067 261 1371 302 decertandum
1407 261 1575 303 fuisset.

174 327 222 358 20
236 320 337 362 Alia
369 321 483 361 enim
516 335 642 361 causa
673 320 1038 374 praestantissimi
1070 320 1163 373 viri,
1196 319 1245 369 Q.
1271 319 1448 374 Metelli,
1479 319 1575 374 fuit,

237 394 364 433 quem
403 393 481 433 ego
522 379 657 420 civem
695 393 789 419 meo
829 379 986 420 iudicio
1020 393 1116 420 cum
1148 379 1324 419 deorum
1356 378 1604 420 immorta-'

235 438 343 479 lium
385 438 509 478 laude
556 438 788 492 coniung03
833 438 905 491 qui
944 436 988 479 O.
1029 438 1094 478 illi
1132 437 1290 491 Mario,
1333 437 1573 478 fortissimo
1611 453 1629 478 5

235 497 328 538 viro
374 500 416 537 et
461 496 625 537 consuli
671 498 713 536 et
758 499 927 537 sextum
965 496 1149 550 consuli,
1193 499 1236 537 et
1274 495 1364 537 eius
1402 496 1574 537 invictis

236 555 494 610 legionibus,
524 570 577 596 ne
610 555 740 595 armis
769 555 1030 610 confligeret,
1063 555 1297 596 cedendum
1323 569 1414 596 esse
1442 555 1574 596 duxit.

239 614 361 663 Quod
398 614 505 655 mihi
543 613 679 668 igitur
718 616 935 655 certamen
972 616 1086 655 esset
1123 613 1250 655 huius
1289 614 1434 655 modi?
1479 627 1575 655 cum

237 673 282 715 C.
308 672 446 714 Mario
481 672 646 714 scilicet
678 676 752 713 aut
785 687 881 713 cum
913 672 1058 726 aliquo
1090 673 1196 727 pari,
1229 687 1283 713 an
1315 687 1412 713 cum
1438 672 1574 713 altero

236 732 420 773 baiwbaio
465 731 672 785 Epicuro,
723 746 818 772 cum
870 731 1005 772 altero
1050 730 1261 773 Catilinae
1310 731 1574 772 lanternario
1596 748 1629 773 ιο
1667 755 1671 765 ι

237 789 441 832 consule?
491 789 643 844 Neque
674 789 847 831 hercule
880 804 960 850 ego
988 790 1264 844 supercilium
1290 792 1413 830 tuum
1436 804 1575 844 neque

238 850 427 903 collegae
461 849 526 889 tui
559 864 609 903 0)
599 849 757 890 mbala
787 849 882 904 fugi
911 863 1049 903 neque
1081 852 1173 889 tam
1204 848 1267 889 fui
1293 848 1484 901 timidus,
1514 851 1576 903 ut,

238 908 309 961 qui
348 908 392 948 in
430 908 628 949 maximis
666 907 861 948 tuibmil
864 922 914 948 us
954 922 1002 949 ac
1040 908 1242 949 fiuctibus
1280 907 1342 948 rei
1378 882 1576 961 publicae

235 981 388 1007 navem
427 967 737 1021 gubernassem
769 967 1016 1020 salvamque
1047 967 1093 1007 in
1123 969 1253 1021 portu
1285 966 1576 1020 collocassem,

235 1025 392 1066 frontis
419 1028 519 1066 tuae
544 1025 801 1066 nubeculam
827 1028 902 1066 aut
929 1025 1118 1080 collegae
1144 1025 1209 1066 tui
1233 1025 1575 1066 contaminatum
1597 1041 1629 1067 15

175 1088 219 1118 21
237 1084 439 1149 spiritum
470 1078 831 1138 pertimescerem.
892 1084 1016 1125 Alios
1049 1098 1129 1139 ego
1161 1084 1247 1125 vidi
1273 1086 1437 1137 ventos,
1469 1084 1576 1124 alias

236 1143 437 1197 prospexi
477 1143 619 1183 animo
658 1143 886 1196 procellas,
925 1143 1020 1184 aliis
1052 1143 1384 1197 inpendentibus
1417 1146 1576 1208 tempe—

237 1202 424 1242 statibus
468 1215 557 1242 non
602 1202 727 1254 cessi,
773 1202 847 1242 sed
886 1201 950 1242 bis
989 1216 1122 1242 unum
1160 1216 1227 1242 me
1263 1216 1343 1255 pro
1383 1201 1576 1242 omnium

237 1260 375 1300 salute
421 1260 571 1300 obtuli.
640 1259 792 1313 Itaque
832 1260 1022 1301 discessu
1060 1263 1153 1300 tum
1190 1274 1285 1301 meo
1325 1274 1472 1301 omnes
1510 1260 1575 1301 illi

234 1318 388 1359 nefarii
439 1318 571 1372 gladii
622 1318 671 1359 de
721 1319 918 1359 manibus
964 1319 1270 1359 crudelissimis
1315 1318 1575 1372 exciderunt,
1595 1334 1630 1358 20

237 1392 333 1418 cum
360 1377 531 1430 quidem
557 1380 617 1430 1311,
650 1391 674 1418 0
701 1392 874 1418 vaecors
902 1380 944 1418 et
971 1378 1134 1418 amens!
1175 1391 1271 1418 cum
1298 1391 1445 1418 0011103
1471 1376 1575 1418 boni

235 1435 373 1476 abditi
411 1435 652 1489 inclusique
690 1439 948 1489 maererent,
986 1436 1148 1490 templa
1183 1438 1421 1490 gemerent,
1459 1438 1576 1478 tecta

234 1494 331 1548 ipsa
361 1494 481 1535 urbis
514 1493 724 1548 lugerent,
757 1494 1002 1549 complexus
1037 1509 1080 1534 es
1110 1494 1330 1535 funestum
1355 1494 1462 1535 illud
1489 1494 1576 1535 ani-

235 1552 321 1593 mal
366 1566 416 1593 ex
458 1552 635 1594 nefariis
682 1553 862 1607 stupfis,
907 1568 957 1594 ex
1002 1553 1117 1594 civili
1157 1567 1324 1607 cruore,
1368 1567 1419 1594 ex
1458 1553 1575 1594 omni

235 1611 444 1652 scelerum
494 1611 810 1665 inp01tunitate
861 1615 1115 1666 conceptum
1163 1615 1292 1665 atque
1337 1612 1487 1653 eodem
1529 1611 1575 1653 in
1593 1626 1628 1653 25

235 1670 410 1735 temp10‚
446 1670 595 1711 eodem
626 1670 711 1711 loci
742 1670 927 1725 vestigio
961 1674 1004 1711 et
1035 1670 1243 1724 temporis
1277 1670 1458 1712 albitria
1487 1684 1576 1712 non

235 1729 319 1769 mei
353 1728 511 1782 solum,
543 1729 616 1770 sed
647 1729 813 1782 patriae
846 1729 1006 1770 funeris
1040 1729 1274 1770 abstulisti.

324 1787 435 1835 Quid
481 1801 560 1841 ego
598 1787 773 1828 illorum
811 1787 975 1828 dierum
1014 1788 1178 1842 epulas,
1223 1787 1325 1842 quid
1361 1787 1575 1829 laetitiam

235 1848 278 1886 et
315 1845 652 1900 gratulationem
690 1849 828 1900 tuam,
867 1847 968 1900 quid
1007 1861 1103 1888 cum
1140 1847 1226 1887 tuis
1266 1846 1572 1888 sordidissimis

234 1905 438 1959 gregibus
468 1905 930 1958 intemperantissimas
956 1905 1278 1960 perpotationes
1304 1905 1574 1959 praedicem?
1594 1923 1628 1948 30

235 1963 339 2011 Quis
378 1966 422 2004 te
459 1963 546 2004 illis
586 1963 733 2005 diebus
774 1964 983 2018 sobrium,
1028 1964 1123 2018 quis
1162 1966 1363 2018 agentem
1401 1964 1574 2018 aliquid,

234 2021 347 2075 quod
392 2024 506 2062 esset
549 2021 684 2063 libero
727 2023 921 2078 dignum,
967 2023 1062 2076 quis
1101 2023 1281 2076 denique
1317 2023 1363 2063 in
1399 2022 1573 2076 publico

234 2080 371 2120 vidit?
404 2094 501 2120 cum
533 2080 723 2135 collegae
749 2081 814 2122 tui
841 2081 992 2122 domus
1020 2083 1149 2122 cantu
1175 2083 1218 2122 et
1244 2081 1452 2135 cymbalis
1478 2095 1573 2135 per-

234 2141 426 2192 sonaret,
467 2153 648 2192 cumque
685 2139 777 2192 ipse
814 2140 952 2180 nudus
989 2140 1035 2180 in
1066 2138 1260 2181 convivio
1293 2139 1491 2194 saltaret3
1527 2139 1574 2181 in

234 2209 318 2248 quo
352 2211 448 2237 cum
481 2211 605 2238 suum
636 2197 759 2238 illum
792 2198 1067 2239 saltatorium
1097 2199 1288 2240 versaret
1319 2197 1486 2252 orbem,
1518 2212 1572 2239 ne
1592 2214 1626 2241 35

234 2256 328 2294 tum
355 2255 525 2307 quidem
551 2255 750 2296 fortunae
776 2259 917 2297 rotam
943 2255 1286 2310 pertimescebat.
1323 2255 1407 2296 Hic
1428 2259 1573 2298 autem
1645 2306 1648 2312 Ι

233 2325 321 2351 000
351 2314 441 2353 tam
474 2314 706 2355 concinnus
731 2314 876 2355 helluo
902 2329 979 2356 nec
1005 2317 1096 2356 tam
1121 2314 1309 2355 musicus
1334 2314 1504 2356 iacebat
1527 2315 1575 2357 in
1623 2331 1628 2336 ·

167 1765 220 1805 10

175 1824 219 1855 22
