1671 2543
541 137 642 172 CAP.
673 140 808 172 13—16
833 140 852 179 ς
878 140 1027 172 28-32.
1370 138 1453 179 547

118 244 262 287 ‘victo'
300 245 409 286 nihil
447 245 609 287 laboro.
671 244 828 286 Fatum
866 245 979 286 enim
1017 260 1158 287 meum
1191 248 1256 287 est
1288 246 1377 288 sine
1411 260 1455 288 re

116 304 291 359 publica
320 318 398 346 nec
428 304 541 345 vinci
573 317 698 358 posse
730 318 807 345 nec
839 304 1018 346 vincere.
1081 304 1455 346 ‘Macedoniam

118 363 331 404 munitis
365 362 708 404 exercitibus.'
758 362 818 403 Et
851 363 1022 417 quidem
1053 362 1179 404 fratri
1211 366 1299 417 tuo,
1332 363 1405 417 qui
1431 378 1456 404 a

117 421 240 463 vobis
266 421 374 462 nihil
401 421 643 476 degenerat,
671 421 940 462 extorsimus.
984 420 1232 463 ‘Africam
1253 422 1456 464 commi-

82 479 265 522 5sistis
298 479 434 521 Varo
466 479 544 521 bis
584 479 760 534 capto.'
822 479 905 522 Hic
944 495 1039 521 cum
1073 479 1180 522 Gaio
1217 479 1350 522 fratre
1382 495 1456 535 pu-

118 541 185 580 tat
224 553 268 580 se
312 538 496 594 litigare.
565 537 642 579 ‘In
687 537 883 593 Syriam
929 537 1160 581 Cassium
1205 538 1454 581 misistis?

117 596 218 638 Non
260 597 396 652 igitur
433 597 567 638 sentis
605 597 706 638 huic
744 612 895 639 causae
935 598 1082 638 orbem
1120 601 1259 639 terrae
1297 600 1456 652 patere,

117 658 160 697 te
186 658 307 697 extra
332 656 593 697 munitiones
621 659 729 710 tuas,
756 656 986 711 vestigium
1011 657 1085 697 ubi
1111 657 1345 711 imprimas,
1370 671 1456 698 non

115 714 304 756 habere?
350 713 581 756 ‘Cascam
602 714 924 756 tribunatum
944 729 1117 770 gerere
1137 715 1276 769 passi
1299 714 1454 757 estis?
1470 729 1511 759 31

67 792 98 817 ιο
117 771 228 822 Quid
261 773 394 828 ergo?
431 776 480 814 ut
511 772 762 827 Marullum,
794 776 843 814 ut
875 772 1119 815 Caesetium
1151 789 1176 815 a
1206 788 1251 815 re
1282 774 1456 828 publica

116 846 432 873 removeremus
459 846 568 885 eum,
594 847 670 886 per
697 847 836 886 quem,
861 835 910 873 ut
934 847 1071 886 neque
1097 832 1180 874 hoc
1204 833 1317 873 idem
1337 835 1453 886 post-

114 891 195 932 hac
220 905 358 944 neque
385 890 522 931 multa
549 891 638 932 eius
666 891 781 932 modi
808 891 996 932 accidere
1022 894 1212 946 possent,
1239 890 1457 932 consecuti

116 949 293 991 sumus?
326 948 646 1004 eVectigalia
664 948 870 990 Iuliana
889 948 1138 1003 Lupercis
1159 948 1456 991 ademistis?

115 1007 408 1062 Lupercorum
439 1008 701 1049 mentionem
733 1007 871 1049 facere
904 1008 1031 1050 audet
1061 1023 1198 1062 neque
1230 1008 1347 1049 illius
1373 1007 1457 1049 diei

67 1084 97 1109 ιε,
118 1067 369 1108 memoriam
406 1067 713 1120 perhorrescit,
752 1081 835 1120 quo
875 1081 1001 1108 ausus
1034 1069 1100 1108 est
1133 1068 1313 1108 obrutus
1345 1067 1457 1121 vino,

117 1125 350 1180 unguentis
372 1125 546 1179 oblitus,
565 1125 703 1166 nudus
724 1128 967 1180 gementem
986 1125 1193 1180 populum
1214 1125 1457 1167 Romanum

117 1184 170 1225 ad
208 1184 461 1225 servitutem
493 1184 739 1225 cohortari?
802 1183 1190 1225 ‘Veteranorum
1225 1184 1456 1226 colonias

117 1243 362 1284 deductas
394 1242 506 1297 lege
540 1246 589 1284 et
621 1245 828 1284 senatus
862 1243 1098 1284 consulto
1132 1242 1456 1284 sustulistis.'

117 1300 209 1342 Nos
248 1301 500 1342 sustulimus
540 1315 594 1342 an
632 1304 782 1343 contra
812 1301 953 1356 legem
985 1301 1171 1343 comitiis
1205 1301 1456 1343 centuriatis

64 1378 98 1402 20
116 1360 251 1401 latam
289 1360 538 1401 sanximus?
600 1359 726 1413 Vide,
763 1374 814 1401 ne
853 1363 900 1401 tu
936 1362 1162 1401 veteranos
1195 1363 1341 1401 tamen
1372 1374 1458 1414 eos,

119 1419 192 1472 qui
231 1421 354 1460 erant
390 1418 566 1473 perditi,
604 1418 838 1472 perdideris
871 1418 916 1459 in
947 1433 1126 1472 eumque
1158 1419 1301 1460 locum
1332 1418 1458 1460 dedu-

117 1477 242 1530 xeris,
274 1491 324 1518 ex
356 1492 438 1531 quo
472 1477 555 1531 ipsi
587 1477 673 1518 iam
703 1477 896 1518 sentiunt
922 1491 965 1518 se
990 1491 1227 1531 numquam
1253 1477 1456 1519 exituros.

119 1534 557 1576 ‘Massiliensibus
589 1536 698 1577 iure
730 1536 856 1577 belli
887 1536 1126 1589 adempta
1160 1535 1454 1577 reddituros
1470 1551 1513 1581 32

117 1608 205 1634 vos
261 1593 610 1647 pollicemini.’
689 1593 811 1635 Nihil
867 1594 1040 1647 disputo
1095 1593 1145 1634 de
1203 1594 1293 1634 iure
1351 1594 1456 1635 belli

65 1671 98 1696 25
119 1650 277 1708 (magis
315 1651 453 1692 facilis
492 1652 727 1705 disputatio
767 1655 833 1692 est
871 1666 999 1705 quam
1035 1650 1313 1707 necessaria)3
1350 1652 1456 1693 illud

117 1714 263 1752 tamen
295 1710 633 1764 animadvertite,
665 1713 808 1763 patres
842 1710 1085 1764 conscripti,
1118 1724 1246 1764 quam
1274 1711 1331 1751 sit
1356 1710 1456 1752 huic

118 1770 180 1811 rei
217 1769 412 1823 publicae
450 1771 577 1809 natus
614 1768 754 1809 hostis
789 1768 1020 1821 Antonius,
1059 1768 1130 1823 qui
1168 1771 1290 1810 tanto
1330 1783 1455 1822 opere

119 1843 212 1869 eam
257 1827 476 1869 civitatem
518 1827 672 1880 oderit,
727 1841 855 1880 quam
894 1827 975 1868 scit
1015 1827 1114 1868 huic
1158 1828 1218 1868 rei
1259 1827 1456 1881 publicae

120 1901 286 1940 semper
325 1885 456 1926 fuisse
495 1885 810 1926 amicissimam.
874 1884 1157 1926 ‘Neminem
1194 1885 1456 1940 Pompeia-
1475 1887 1525 1928 16

66 1963 100 1988 30
118 1960 250 1996 num,
289 1944 373 1998 qui
411 1944 568 1996 vivat,
607 1944 771 1985 teneri
809 1944 921 1998 lege
953 1943 1132 1985 Hirtia
1164 1944 1456 1985 dictitatis?

121 2003 248 2057 Quis,
295 2017 472 2057 quaeso,
521 2003 606 2043 iam
653 2002 761 2057 legis
805 2001 973 2043 Hirtiae
1017 2003 1279 2043 mentionem
1322 2002 1456 2044 facit?

121 2062 239 2104 cuius
276 2075 364 2102 non
401 2061 540 2102 minus
580 2061 767 2102 arbitror
804 2060 987 2102 latorem
1025 2061 1166 2114 ipsum
1205 2075 1332 2115 quam
1372 2077 1457 2116 eos,

120 2121 170 2162 de
209 2120 362 2175 quibus
400 2119 489 2160 lata
526 2122 608 2173 est,
646 2119 875 2173 paenitere.
937 2118 1120 2160 Omnino
1153 2134 1248 2160 mea
1286 2119 1457 2174 quidem

121 2178 335 2221 sententia
364 2178 505 2232 legem
535 2178 655 2218 illam
688 2177 902 2231 appellare
927 2177 991 2218 fas
1017 2192 1103 2219 non
1129 2180 1207 2231 est,
1239 2180 1293 2232 et,
1324 2181 1373 2219 ut
1399 2178 1457 2219 sit

68 2255 102 2281 35
120 2238 206 2291 lex,
242 2251 330 2278 non
368 2236 570 2277 debemus
608 2236 728 2276 illam
760 2235 877 2276 Hirti
909 2235 1047 2291 legem
1079 2238 1241 2289 putare.
1304 2235 1457 2291 ‘Apu—

120 2296 290 2338 leiana
326 2294 541 2349 pecunia
571 2293 784 2335 Brutum
822 2294 1177 2336 subornastis?
1241 2294 1381 2344 Quid?
1419 2295 1456 2337 si

123 2355 321 2397 omnibus
367 2353 454 2395 suis
499 2352 633 2407 copiis
674 2352 950 2394 excellentem
992 2353 1130 2394 virum
1173 2367 1240 2394 res
1284 2353 1456 2408 publica

1173 2422 1242 2456 35*
