1671 2543
221 102 307 143 212
580 101 673 136 PRO
701 100 773 135 CN.
801 99 1009 136 PLANCIO
1037 100 1223 135 ORATIO.

222 210 389 251 tissime
416 209 601 264 rogabat
626 209 693 249 vel
721 208 821 262 quia
843 222 920 262 pro
941 208 1031 249 filio
1053 207 1337 262 supplicabat,
1362 207 1430 249 vel
1451 208 1566 262 quod

220 268 349 310 huius
391 268 528 323 ipsius
572 268 617 308 in
660 267 784 307 illum
822 266 1015 308 ordinem
1053 280 1221 308 summa
1259 266 1403 308 officia
1440 280 1566 321 quae—

223 329 368 368 sturae
399 327 732 379 tribunatusque
766 325 1035 380 constabant,
1066 325 1133 366 vel
1166 325 1280 379 quod
1310 324 1376 366 illi
1407 324 1454 366 in
1481 325 1564 367 hoc

224 385 414 427 ornando
455 384 647 426 ordinem
686 398 730 425 se
770 398 921 425 ornare
960 386 1004 425 et
1039 383 1261 425 consulere
1291 383 1441 425 liberis
1474 383 1564 426 suis

223 444 560 486 arbitrabantur.
1601 459 1617 484 5

157 509 209 550 10
311 502 489 556 Aliquid
508 503 732 555 praeterea
753 524 803 530 -
826 500 977 542 timide
997 501 1148 554 dicam,
1169 500 1242 542 sed
1262 503 1409 542 tamen
1427 500 1565 542 dicen-

224 561 325 602 dum
357 564 442 601 est:
473 574 561 601 non
591 559 706 601 enim
739 559 905 614 opibus,
935 573 1021 601 non
1054 559 1267 601 invidiosa
1292 559 1446 615 gratia,
1476 573 1566 601 non

222 619 419 674 potentia
456 618 526 659 vix
563 617 756 672 ferenda,
799 618 872 659 sed
909 617 1317 659 commemoratione
1353 617 1564 672 beneficii,

224 678 298 719 sed
326 677 631 731 misericordia,
665 676 739 718 sed
763 676 962 731 precibus
989 676 1151 731 aliquid
1176 676 1404 718 attulimus
1431 676 1564 717 etiam

222 751 313 778 nos.
345 735 574 790 Appellavi
593 735 802 790 populum
821 735 1034 790 tributim,
1054 735 1251 776 summisi
1265 749 1332 776 me
1347 738 1390 776 et
1405 735 1564 790 suppli·
1585 753 1619 777 ιο

224 795 334 848 cavi3
372 790 488 835 ultro
521 794 762 836 mehercule
795 808 839 835 se
871 793 976 835 mihi
1010 794 1142 835 etiam
1174 793 1412 848 offerentis,
1446 793 1563 835 ultro

222 853 468 908 pollicentis
500 853 662 908 rogavi.
717 852 870 893 Valuit
901 867 1030 894 causa
1061 852 1258 908 rogandi,
1292 867 1380 894 non
1411 852 1564 908 gratia.

164 926 208 956 ‘25
224 911 332 966 Nec,
371 912 408 953 si
445 911 511 953 vir
549 911 859 966 amplissimus,
899 911 967 953 cui
1003 911 1112 952 nihil
1147 913 1214 952 est
1246 911 1360 965 quod
1390 911 1565 966 roganti

225 970 398 1012 concedi
428 985 516 1011 non
547 970 638 1011 iure
669 970 827 1024 possit,
862 970 912 1011 de
945 969 1107 1024 aliquo,
1138 972 1188 1011 ut
1220 969 1338 1024 dicis,
1368 984 1457 1011 non
1487 970 1564 1011 im-

222 1029 430 1084 petravit,
468 1042 548 1084 ego
589 1043 684 1070 sum
721 1029 951 1084 adrogans,
990 1029 1103 1083 quod
1138 1042 1205 1069 me
1238 1028 1423 1070 valuisse
1456 1028 1563 1070 dico.
1584 1045 1617 1071 15

223 1087 337 1128 Nam
371 1090 421 1129 ut
453 1088 655 1128 omittam
686 1087 811 1141 illud,
850 1087 964 1141 quod
995 1101 1074 1143 ego
1107 1101 1184 1141 pro
1218 1102 1267 1128 eo
1299 1087 1564 1141 laborabam,

224 1146 297 1200 qui
340 1146 513 1187 valebat
553 1146 645 1200 ipse
682 1160 758 1200 per
795 1160 906 1199 sese,
949 1145 1119 1201 rogatio
1157 1146 1253 1200 ipsa
1291 1160 1460 1200 semper
1497 1149 1564 1187 est

224 1204 553 1260 gratiosissima,
583 1219 690 1258 quae
717 1207 783 1245 est
810 1204 953 1245 officio
978 1204 1307 1246 necessitudinis
1335 1205 1565 1246 coniuncta

224 1263 420 1304 maxime.
479 1262 631 1316 Neque
675 1262 789 1303 enim
833 1276 913 1317 ego
959 1262 1020 1304 sic
1063 1263 1288 1317 rogabam,
1330 1265 1381 1304 ut
1415 1265 1563 1317 petere

223 1322 400 1375 viderer,
433 1321 533 1375 quia
564 1321 791 1362 familiaris
821 1323 934 1362 esset
960 1335 1092 1375 meus,
1125 1321 1224 1375 quia
1249 1321 1427 1375 vicinus,
1459 1322 1561 1375 quia
1581 1340 1617 1363 20

222 1379 350 1421 huius
388 1382 566 1433 parente
606 1394 773 1433 semper
810 1379 1043 1433 plurimum
1081 1393 1219 1420 essem
1249 1393 1371 1434 usus,
1409 1380 1482 1421 sed
1513 1383 1563 1421 ut

225 1438 348 1491 quasi
379 1438 549 1492 parenti
581 1440 623 1479 et
656 1437 825 1479 custodi
857 1437 1009 1479 salutis
1042 1451 1172 1479 meae.
1235 1437 1336 1479 Non
1365 1438 1563 1492 potentia

224 1511 336 1550 mea,
373 1497 448 1537 sed
481 1510 610 1537 causa
640 1495 881 1551 rogationis
913 1496 997 1537 fuit
1020 1496 1233 1562 gratiosa.
1295 1495 1435 1538 Nemo
1468 1512 1564 1539 mea

223 1554 498 1596 restitutione
530 1555 717 1596 laetatus
750 1557 828 1608 est,
858 1568 984 1596 nemo
1016 1554 1173 1595 iniuria
1201 1555 1351 1609 doluit,
1384 1555 1452 1597 cui
1476 1570 1564 1597 non

166 1621 208 1652 526
223 1613 387 1654 huius
376 1628 421 1654 in
447 1628 514 1654 me
540 1613 834 1655 misericmdia
859 1616 985 1668 grata
1006 1612 1149 1654 fuerit.
1192 1589 1380 1668 Etenim,
1407 1614 1443 1655 si
1463 1617 1562 1656 ante
1582 1631 1617 1657 25

223 1672 410 1713 reditum
448 1686 590 1712 meum
623 1671 697 1713 Cn.
729 1671 906 1713 Plancio
945 1686 988 1712 se
1027 1672 1156 1727 vulgo
1192 1672 1273 1713 viri
1304 1672 1426 1727 boni,
1464 1687 1562 1714 cum

222 1729 294 1772 hic
332 1730 602 1771 tribunatum
638 1733 823 1784 peteret,
860 1730 976 1771 ultro
1013 1730 1269 1785 offerebant,
1307 1731 1375 1772 cui
1404 1745 1564 1773 nomen

223 1803 366 1830 meum
415 1789 607 1830 absentis
657 1788 812 1831 honori
855 1788 1027 1843 fuisset,
1077 1789 1116 1830 ei
1160 1804 1277 1831 meas
1321 1790 1561 1844 praesentis

222 1862 370 1901 preces
401 1862 489 1888 non
519 1850 646 1902 putas
676 1847 919 1902 profuisse?
969 1847 1039 1889 An
1063 1847 1383 1890 Minturnenses
1409 1849 1562 1903 coloni,

224 1906 337 1960 quod
358 1905 402 1948 C.
422 1905 609 1947 Marium
635 1921 656 1947 e
683 1906 799 1947 civili
824 1905 939 1948 ferro
966 1908 1094 1961 atque
1121 1921 1172 1948 ex
1196 1907 1341 1961 impiis
1362 1907 1560 1948 manibus
1581 1925 1615 1949 30

224 1964 484 2019 eripuerunt,
517 1964 630 2019 quod
656 1967 772 2006 tecto
800 1968 1064 2019 receperunt,
1095 1965 1208 2019 quod
1232 1965 1396 2007 fessum
1420 1966 1562 2007 inedia

223 2023 511 2077 fluctibusque
549 2025 814 2076 recrearunt,
853 2023 967 2077 quod
1003 2023 1210 2065 viaticum
1241 2026 1561 2079 congesserunt,

226 2081 337 2135 quod
362 2082 584 2137 navigium
609 2082 828 2136 dederunt,
855 2082 967 2136 quod
994 2097 1091 2123 eum
1112 2082 1379 2136 linquentem
1398 2084 1560 2124 terram

225 2154 330 2193 eam,
363 2154 492 2193 quam
524 2143 727 2195 servarat,
759 2140 885 2195 votis,
918 2140 1132 2182 ominibus
1164 2140 1439 2194 lacrimisque
1464 2155 1560 2194 pro-

225 2198 361 2239 secuti
388 2201 499 2252 sunt,
532 2201 706 2240 aeterna
731 2198 777 2240 in
801 2198 925 2240 laude
950 2201 1193 2253 versantur3
1224 2198 1414 2252 Plancio,
1447 2199 1561 2253 quod
1579 2214 1613 2241 35

225 2270 291 2296 me
340 2256 407 2297 vel
454 2256 496 2297 vi
539 2257 711 2311 pulsum
754 2257 821 2298 vel
865 2257 1031 2299 ratione
1076 2257 1295 2299 cedentem
1337 2257 1560 2312 receperit,

224 2312 392 2367 iuverit,
426 2315 689 2370 custodierit,
719 2315 788 2356 his
818 2318 861 2356 et
888 2316 1055 2357 senatui
1079 2315 1324 2370 populoque
1351 2315 1559 2371 Romano,
