1671 2543
204 96 290 138 352
504 94 598 129 PRO
625 93 754 128 REGE
780 71 1024 128 mommo
1052 91 1241 128 ORATIO.

204 203 439 247 Caecilium
471 202 694 255 mittebat,
725 204 872 242 utrum
905 214 1078 242 causam
1111 200 1232 241 illam
1263 200 1424 241 victam
1455 214 1548 243 esse

202 263 424 305 nesciebat
462 276 516 303 an
548 260 784 303 Caecilium
820 260 955 301 istum
986 273 1193 314 magnum
1223 258 1445 300 hominem
1474 273 1550 314 pu-

204 322 358 363 tabat?
392 335 518 375 quem
550 319 746 374 profecto
778 318 828 372 15,
860 318 931 373 qui
964 318 1126 372 optime
1152 320 1326 359 nostros
1351 317 1548 359 homines

202 381 337 434 novit,
369 380 434 422 vel
469 379 569 433 quia
594 393 681 420 11011
705 380 866 431 1105501,
897 377 964 418 vel
991 377 1027 418 si
1051 379 1212 430 nosset,
1243 379 1550 418 contemneret.

145 447 190 478 24
205 439 339 481 Addit
395 438 527 479 etiam
581 437 708 490 illud,
763 436 930 490 equites
984 449 1072 477 11011
1128 435 1317 489 optimos
1368 435 1550 477 misisse.

206 498 361 551 Credo,
405 496 581 550 Caesar,
618 495 726 537 nihil
766 495 819 536 ad
856 497 980 536 tuum
1019 494 1281 548 equitatum,
1319 494 1392 535 sed
1429 494 1550 536 misit

207 572 257 598 ex
289 557 361 609 iis,
394 570 501 610 quos
533 554 705 608 habuit,
738 554 910 595 electos.
971 553 1049 594 Ait
1079 553 1224 594 nescio
1257 566 1385 607 quem
1417 567 1467 594 ex
1500 567 1550 595 eo

204 630 383 657 numero
416 628 587 655 servum
613 613 860 654 iudicatum.
917 610 1019 653 Non
1046 611 1247 665 arbitror,
1278 626 1364 653 11011
1391 611 1552 666 audivi3

208 675 280 716 aed
323 674 368 715 in
411 687 479 727 eo,
523 672 695 714 etiamsi
732 671 978 725 accidisset,
1022 670 1194 724 culpam
1232 670 1347 726 regis
1385 670 1551 712 nullam

204 733 338 774 fuisse
371 731 616 773 arbitrarer.
875 757 878 760 -
1571 740 1607 767 ιο

165 792 190 833 9
294 791 450 832 Alieno
478 793 623 832 autem
650 805 674 831 a
699 792 742 831 te
763 789 907 830 animo
927 788 1012 830 fuit
1032 803 1116 843 quo
1138 787 1296 830 modo?
1341 786 1553 842 Speravit,

208 850 351 905 credo,
395 849 592 891 difficiles
631 848 714 889 tibi
745 848 1030 889 Alexandriae
1066 847 1159 888 fore
1197 847 1338 888 exitus
1374 848 1554 900 propter

207 910 434 965 regionum
470 911 671 949 naturam
708 910 752 948 et
794 906 994 947 fluminis.
1056 906 1118 947 At
1150 920 1199 948 eo
1232 909 1426 960 tempore
1457 905 1552 959 ipso

207 968 435 1023 pecuniam
467 967 595 1020 dedit,
627 965 863 1008 exercitum
897 965 1015 1019 aluit,
1048 965 1098 1019 01,
1127 979 1253 1019 quem
1279 963 1409 1006 Asiae
1435 977 1554 1018 prae-

207 1027 383 1080 feceras,
414 1026 461 1067 in
490 1025 611 1067 nulla
642 1039 687 1066 re
720 1024 876 1077 defuit3
908 1024 990 1065 tibi
1023 1024 1177 1065 victori
1208 1037 1296 1064 non
1327 1023 1469 1064 solum
1500 1022 1553 1063 ad
1573 1032 1607 1060 1⁵

207 1085 465 1140 hospitium,
511 1084 583 1126 sed
623 1083 675 1125 ad
711 1083 951 1138 periculum
990 1083 1122 1124 etiam
1160 1085 1290 1136 atque
1328 1081 1381 1123 ad
1418 1081 1555 1123 aciem

150 1158 195 1188 25
210 1147 384 1200 praesto
411 1143 508 1184 fuit.
565 1141 770 1184 Secutum
796 1142 958 1183 bellum
984 1144 1050 1183 est
1075 1140 1341 1182 Africanum.
1391 1138 1554 1181 Graves

209 1204 259 1245 de
297 1206 340 1244 te
379 1216 594 1255 rumores,
634 1201 707 1255 qui
746 1201 877 1242 etiam
913 1200 1125 1242 furiosum
1163 1200 1288 1241 illum
1319 1197 1554 1241 Caecilium

209 1262 517 1303 excitaverunt.
587 1259 680 1308 Quo
719 1262 814 1301 tum
850 1273 923 1300 rex
962 1259 1105 1300 animo
1143 1258 1244 1311 fuit,
1290 1257 1363 1312 qui
1395 1256 1555 1298 auctio-

208 1323 336 1362 natus
376 1320 434 1360 sit
471 1332 649 1372 seseque
688 1318 873 1371 spoliare
912 1317 1112 1358 maluerit
1151 1331 1280 1370 quam
1317 1315 1399 1357 tibi
1431 1326 1610 1370 pecu-2⁰

207 1379 325 1420 niam
362 1392 449 1418 11011
487 1376 846 1418 subministrare?
913 1375 989 1416 eAt
1027 1375 1112 1429 eo',
1149 1375 1307 1429 inquit,
1346 1374 1556 1428 ‘tempore

209 1438 305 1491 ipso
352 1434 559 1477 Nicaeam
609 1434 916 1488 Ephesumque
965 1434 1188 1486 mittebat,
1239 1433 1312 1487 qui
1361 1446 1556 1474 rumores

211 1495 439 1537 Africanos
495 1493 739 1547 exciperent
795 1495 839 1534 01
892 1492 1088 1533 celeriter
1137 1492 1190 1533 ad
1240 1506 1284 1533 se
1334 1490 1556 1533 referrent.

211 1554 382 1608 Itaque,
421 1566 517 1594 cum
555 1554 670 1593 esset
708 1552 745 1592 01
776 1551 1025 1593 nuntiatum
1057 1549 1299 1592 Domitium
1329 1549 1556 1606 naufragio

209 1613 391 1667 perisse,
429 1614 473 1652 te
505 1611 549 1651 in
581 1610 758 1652 castello
793 1609 1105 1664 circumsederi,
1137 1609 1188 1650 de
1219 1608 1416 1650 Domitio
1447 1608 1558 1650 din‘t
1576 1618 1612 1646 2⁶

211 1685 382 1712 versum
416 1668 629 1711 Graecum
661 1669 809 1711 eadem
841 1668 1068 1719 sententia,
1101 1682 1185 1722 qua
1215 1667 1348 1709 etiam
1379 1681 1458 1709 nos
1483 1667 1557 1709 ha-

172 1764 175 1767 *
211 1731 361 1771 bemus
394 1728 616 1770 Latinum:

271 1788 497 1829 Pereant
523 1786 690 1840 amici,
716 1786 830 1827 dum
856 1784 1059 1827 inimici
1084 1799 1183 1843 una
1207 1783 1557 1826 intercidant?

214 1847 337 1896 Quod
362 1846 447 1900 ille,
480 1845 516 1887 si
542 1848 656 1886 esset
682 1845 764 1886 tibi
789 1844 1125 1894 inimicissimus,
1150 1858 1386 1898 numquam
1411 1846 1559 1885 tamen

213 1906 410 1959 dixisset3
447 1903 539 1958 ipse
573 1903 686 1945 enim
719 1906 987 1958 mansuetus,
1024 1917 1172 1944 versus
1204 1901 1403 1943 inmanis.
1475 1901 1613 1951 Quian

213 1967 358 2005 autem
395 1962 591 2004 Domitio
634 1965 809 2016 poterat
853 1976 945 2003 esse
987 1961 1169 2015 amicus,
1213 1961 1286 2014 qui
1324 1960 1406 2002 tibi
1444 1963 1560 2002 esset

213 2021 443 2063 inimicus?
505 2020 604 2062 Tibi
635 2035 765 2074 porro
798 2020 996 2061 inimicus
1030 2034 1105 2061 cur
1136 2022 1262 2073 esset,
1294 2033 1319 2060 a
1351 2033 1435 2074 quo
1462 2033 1584 2072 cum¹

213 2081 279 2122 vel
311 2079 497 2121 interfici
529 2079 633 2120 belli
658 2079 754 2134 lege
780 2079 1007 2133 potuisset,
1038 2091 1186 2133 regem
1211 2080 1255 2119 et
1281 2091 1326 2118 se
1352 2080 1396 2118 et
1420 2076 1570 2118 filium*

158 2152 199 2182 26
216 2153 341 2180 suum
392 2137 656 2180 constitutos
708 2151 800 2178 esse
851 2136 1148 2178 meminisset?
1224 2135 1335 2184 Quid
1379 2134 1559 2177 deinde?

213 2196 391 2238 furcifer
423 2210 508 2250 quo
540 2195 847 2251 progreditur?
902 2195 980 2237 Ait
1005 2195 1086 2236 hac
1111 2194 1281 2236 laetitia
1304 2192 1559 2235 Deiotarum
1577 2204 1611 2232 ³⁵

215 2255 377 2296 elatum
409 2255 508 2295 vino
542 2268 587 2296 se
621 2253 816 2295 obruisse
847 2254 893 2295 in
925 2253 1206 2306 convivioque
1235 2251 1398 2292 nudum
1431 2252 1559 2294 salta-

214 2313 338 2353 visse.
402 2311 519 2360 Quae
554 2327 658 2354 crux
688 2312 789 2353 huic
820 2311 1006 2366 fugitivo
1038 2313 1185 2365 potest
1216 2309 1322 2351 satis
1356 2310 1558 2364 supplicii
