1671 2543
519 74 619 110 CAP.
647 79 785 110 60—-63
813 78 831 117 ξ
859 78 1056 110 128-131.
1402 75 1456 115 57

115 186 170 226 ab
206 185 288 226 hac
325 186 416 225 tam
452 184 631 237 inpensa
665 183 888 224 voluntate
920 183 1133 224 bonorum
1163 183 1308 236 palam
1340 182 1461 223 dissi-

115 245 248 298 deret,
278 246 328 284 ut
360 243 491 283 etiam
523 241 571 291 Q.
603 241 805 283 Metellus
839 242 998 296 consul,
1031 241 1105 296 qui
1136 241 1244 282 mihi
1276 240 1343 282 vel
1374 255 1460 282 ma-

114 303 227 343 xime
272 316 323 343 ex
366 300 535 356 magnis
579 301 928 342 contentionibus
969 300 1032 341 rei
1068 300 1266 354 publicae
1303 299 1461 341 fuisset

115 361 327 414 inimicus,
358 360 408 401 de
435 374 530 400 mea
555 359 693 400 salute
719 359 951 400 rettulerit.
1014 358 1098 408 Qui
1124 359 1336 400 excitatus
1364 373 1460 399 cum

80 434 96 458 5
116 434 283 461 summa
322 418 580 460 auctoritate
617 421 800 471 senatus,
845 422 930 458 tum
967 417 1013 459 P.
1041 416 1195 459 Servili
1235 417 1464 458 incredibili

117 479 301 532 quadam
327 477 542 532 gravitate
569 477 747 531 dicendi,
777 491 874 518 cum
900 477 971 518 ille
999 476 1135 518 omnis
1161 490 1294 530 prope
1322 476 1375 517 ab
1401 476 1463 516 in-

114 537 218 578 feris
245 538 464 578 evocasset
489 535 690 576 Metellos
723 538 767 576 et
799 536 851 576 ad
882 536 999 576 illius
1026 535 1207 590 generis,
1240 535 1353 588 quod
1379 534 1463 575 sibi

116 611 214 637 cum
264 610 313 636 eo
366 609 589 636 commune
635 597 767 648 esset,
818 594 1076 649 dignitatem
1120 593 1351 648 propinqui
1395 593 1463 635 sui

116 657 305 696 mentem
332 668 357 694 a
377 653 596 695 Clodianis
620 653 861 694 latrociniis
888 653 1137 705 reflexisset,
1164 666 1344 706 cumque
1366 666 1464 693 eum

64 727 97 751 ιο
116 714 169 754 ad
201 712 426 754 domestici
458 712 642 766 exempli
673 712 926 753 memoriam
952 714 996 752 et
1022 712 1075 752 ad
1100 710 1319 752 Numidici
1345 711 1463 751 illius

115 771 282 813 Metelli
314 785 460 813 casum
491 771 559 812 vel
592 771 829 826 gloriosum
860 771 928 811 vel
960 784 1136 825 gravem
1169 769 1464 821 convertisset,

117 830 455 872 conlacrumavit
486 829 552 870 vir
582 830 781 884 egregius
809 843 858 870 ac
883 844 980 869 vere
1007 828 1209 869 Metellus
1236 831 1462 882 totumque

116 904 162 931 se
193 889 240 930 P.
274 888 456 930 Servilio
495 888 655 929 dicenti
693 888 824 928 etiam
862 890 955 928 tum
994 887 1190 940 tradidit,
1226 901 1305 928 nec
1342 887 1464 927 illam

118 948 308 989 divinam
340 947 600 1002 gravitatem
632 946 803 1000 plenam
836 946 1110 1000 antiquitatis
1143 946 1305 986 diutius
1333 945 1463 986 homo

64 1021 97 1046 15
118 1007 308 1048 eiusdem
346 1005 568 1060 sanguinis
606 1005 751 1059 potuit
789 1005 1001 1045 sustinere
1035 1007 1078 1044 et
1109 1018 1278 1045 mecum
1310 1004 1464 1044 absens

116 1065 325 1106 beneficio
364 1078 441 1105 suo
479 1064 607 1104 rediit
644 1064 689 1104 in
726 1063 923 1118 gratiam.
990 1062 1113 1111 Quod
1152 1065 1284 1115 certe,
1323 1062 1360 1103 si
1398 1066 1463 1103 est
1481 1068 1543 1099 131

118 1124 253 1178 aliqui
296 1137 446 1164 sensus
490 1123 536 1163 in
578 1124 717 1163 morte
759 1122 1077 1176 praeclarorum
1114 1121 1323 1174 virorum,
1368 1135 1465 1161 cum

119 1183 318 1224 omnibus
355 1181 565 1234 Metellis,
608 1184 702 1221 tum
744 1195 845 1221 vero
889 1180 963 1220 uni
1006 1180 1099 1221 viro
1143 1179 1382 1220 fortissimo
1422 1182 1465 1219 et

117 1240 491 1296 praestantissimo
543 1240 625 1281 civi
669 1239 984 1294 gratissimum,
1033 1238 1162 1279 fratri
1205 1252 1301 1291 suo,
1350 1238 1465 1291 fecit,

65 1316 100 1340 20
119 1300 236 1341 socio
268 1299 485 1352 laborum,
516 1298 825 1353 periculorum,
858 1297 1136 1338 consiliorum
1167 1311 1373 1337 meorum.

207 1358 390 1399 Reditus
421 1371 521 1398 vero
554 1371 674 1397 meus
705 1356 778 1410 qui
803 1356 946 1409 fuerit,
979 1355 1074 1409 quis
1100 1355 1304 1410 ignorat?
1339 1369 1466 1409 quem
1480 1355 1536 1396 63

120 1417 173 1458 ad
216 1417 389 1458 modum
434 1415 540 1457 mihi
585 1415 827 1456 advenienti
872 1417 1095 1468 tamquam
1136 1414 1273 1455 totius
1309 1413 1464 1454 Italiae

121 1479 250 1529 atque
287 1475 424 1529 ipsius
460 1474 627 1528 patriae
666 1474 861 1514 dextram
897 1472 1169 1527 porwexeiint
1203 1472 1467 1525 Brundisini,

122 1549 219 1575 cum
258 1534 365 1587 ipsis
403 1532 542 1574 Nonis
583 1531 818 1573 Sextilibus
856 1532 969 1573 idem
1007 1532 1096 1572 dies
1135 1531 1342 1572 adventus
1381 1531 1466 1572 mei

67 1608 102 1634 25
121 1593 276 1633 fuisset
300 1592 548 1645 reditusque
576 1591 747 1644 natalis,
773 1591 886 1631 idem
913 1590 1157 1631 carissimae
1184 1589 1310 1643 filiae,
1338 1603 1467 1643 quam

123 1666 174 1692 ex
217 1650 472 1703 gravissimo
517 1652 610 1690 tum
654 1650 840 1703 primum
878 1648 1087 1689 desiderio
1125 1649 1331 1701 luctuque
1372 1662 1468 1689 con-

123 1709 261 1763 spexi,
297 1708 410 1748 idem
449 1708 579 1748 etiam
616 1707 752 1761 ipsius
789 1707 981 1748 coloniae
1013 1706 1317 1759 Brundisinae,
1355 1706 1468 1747 idem

125 1767 306 1819 Salutis,
356 1780 535 1819 cumque
585 1780 653 1806 me
703 1766 854 1806 domus
904 1765 1052 1805 eadem
1103 1767 1381 1818 optumorum
1425 1767 1469 1804 et

124 1800 474 1867 doctissimorum
504 1824 712 1877 virorum,
743 1825 805 1865 M.
839 1822 972 1863 Laeni
1003 1822 1149 1864 Flacci
1182 1825 1224 1863 et
1256 1823 1393 1876 patris
1425 1825 1469 1863 et

70 1901 105 1926 30
123 1884 272 1925 fratris
305 1884 407 1936 eius,
437 1882 677 1923 laetissima
708 1882 954 1935 accepisset,
987 1895 1094 1934 quae
1126 1881 1323 1934 proximo
1357 1895 1468 1921 anno

124 1956 319 1984 maerens
352 1943 571 1995 receperat
603 1943 646 1981 et
672 1954 748 1981 suo
775 1939 988 1994 piaesidio
1015 1939 1291 1993 periculoque
1330 1938 1469 1980 desen-

125 2002 258 2042 derat.
321 1999 510 2043 Cunctae
548 1998 700 2039 itineie
740 2001 834 2039 toto
866 1998 994 2038 urbes
1026 1997 1179 2038 Italiae
1211 1997 1347 2038 festos
1379 1997 1469 2038 dies

125 2074 252 2115 agere
284 2059 492 2100 adventus
524 2057 607 2098 mei
639 2057 905 2111 videbantur,
936 2057 1028 2097 viae
1054 2056 1331 2097 multitudine
1356 2055 1470 2110 lega-

125 2121 270 2160 torum
318 2117 505 2170 undique
549 2115 780 2156 missorum
824 2115 1168 2167 celebiabantur,
1218 2114 1270 2155 ad
1319 2115 1470 2155 urbem

18 2198 30 2211 =
71 2192 106 2218 35
127 2190 320 2218 accessus
364 2174 610 2216 incredibili
652 2174 876 2215 hominum
918 2148 1194 2214 multitudine
1240 2175 1283 2213 et
1327 2175 1470 2227 gratu-

125 2235 287 2276 latione
319 2234 515 2287 fiorebat,
547 2233 631 2273 iter
666 2247 690 2273 a
720 2234 858 2286 porta,
890 2232 937 2272 in
963 2230 1226 2285 Capitolium
1258 2245 1471 2284 ascensus,

126 2294 302 2334 domum
336 2293 501 2333 reditus
534 2293 627 2332 erat
659 2291 748 2332 eius
780 2290 913 2343 modi,
950 2293 999 2330 ut
1031 2304 1197 2330 summa
1228 2289 1273 2330 in
1303 2289 1471 2330 laetitia
