1671 2543
192 92 279 134 566
354 92 401 127 IN
431 92 477 127 M.
506 90 767 127 ANTONIUM
793 90 969 126 ORATIO
995 89 1262 126 PHILIPPICA
1287 90 1381 126 XIV.

194 200 341 241 secuti.
403 200 555 241 Brevis
594 215 618 241 a
657 202 815 240 natura
844 199 935 240 vita
965 198 1088 240 vobis
1121 198 1222 239 data
1253 200 1336 252 est,
1375 201 1420 239 at
1450 212 1534 240 me-

195 259 330 300 moria
366 259 473 300 bene
512 259 701 299 redditae
739 258 852 299 vitae
891 257 1162 312 sempiterna.
1225 256 1342 306 Quae
1380 257 1416 298 si
1446 272 1535 299 non

194 320 309 359 esset
341 317 513 372 longior
546 331 673 371 quam
705 317 811 358 haec
843 317 949 371 vita,
981 316 1076 371 quis
1108 317 1222 357 esset
1253 318 1342 357 tam
1375 330 1535 371 amens,

195 376 268 430 qui
325 376 524 417 maximis
581 375 802 417 laboribus
857 378 901 417 et
954 374 1156 429 periculis
1213 374 1266 415 ad
1322 389 1534 416 summam

136 442 180 473 33
193 435 364 476 laudem
396 434 665 489 gloriamque
698 433 1003 475 contenderet?
1058 433 1219 474 Actum
1250 433 1386 488 igitur
1415 448 1534 489 prae·
1570 448 1587 474 5

195 493 308 535 clare
346 494 586 543 vobiscum,
630 492 877 547 fortissimi,
921 493 1022 534 dum
1060 492 1246 545 vixistis,
1283 506 1396 534 nunc
1433 507 1533 534 vero

194 552 326 593 etiam
370 552 632 593 sanctissimi
670 552 849 606 milites,
893 551 1007 605 quod
1042 554 1187 592 vestra
1225 550 1360 592 virtus
1397 566 1534 606 neque

196 610 410 652 oblivione
443 625 608 664 eorum,
640 610 714 664 qui
745 625 857 652 nunc
889 613 1000 663 sunt,
1030 624 1107 651 nec
1139 609 1365 651 reticentia
1395 613 1535 665 poste-

196 683 341 710 rorum
373 670 546 723 sepulta'
574 683 667 710 esse
698 669 872 724 poterit,
904 684 1001 710 cum
1032 668 1154 710 vobis
1187 668 1416 710 inmortale
1448 684 1534 711 mo-

193 730 447 769 numentum
497 728 584 769 suis
628 742 762 782 paene
806 728 1004 769 manibus
1049 729 1221 768 senatus
1265 728 1534 782 populusque
1554 743 1588 769 ιο

194 786 417 828 Romanus
456 787 727 829 exstruxerit.
788 786 918 829 Multi
950 801 1075 840 saepe
1107 786 1317 828 exercitus
1349 786 1535 842 Punicis,

196 843 393 898 Gallicis,
433 844 599 887 Italicis
644 845 769 887 bellis
814 845 918 887 clari
957 848 1001 886 et
1045 845 1189 899 magni
1227 844 1418 899 fuerunt,
1456 860 1536 888 nec

194 906 341 944 tamen
377 904 478 945 ullis
511 904 597 945 tale
630 918 765 960 genus
795 904 972 946 honoris
1005 904 1216 944 tributum
1249 907 1326 945 est.
1392 904 1535 960 Atque

193 962 362 1003 utinam
393 963 558 1004 maiora
588 977 829 1016 possemus,
867 962 1210 1017 quandoquidem
1242 977 1266 1003 a
1296 962 1420 1004 vobis
1450 978 1536 1006 ma·
1586 989 1595 998 ·

194 1021 311 1061 xima
355 1022 614 1075 accepimus!
682 1021 773 1063 Vos
813 1021 884 1062 ab>
904 1022 1009 1062 urbe
1045 1020 1259 1062 furentem
1295 1021 1535 1064 Antonium
1555 1035 1588 1062 15

196 1079 434 1132 avertistis,
483 1094 559 1121 vos
609 1081 746 1121 redire
796 1079 1046 1121 molientem
1093 1079 1358 1133 reppulistis.
1435 1080 1534 1122 Erit

194 1137 330 1192 igitur
385 1141 605 1180 exstructa
652 1139 787 1180 moles
838 1153 964 1193 opere
1013 1138 1242 1192 magnifico
1291 1138 1534 1194 incisaeque

195 1196 367 1238 litterae
400 1197 567 1238 divinae
593 1198 776 1238 virtutis·
794 1199 929 1238 testes
956 1196 1254 1250 sempiternae,
1283 1212 1535 1253 numquam-

195 1269 276 1308 que
314 1255 364 1296 de
402 1256 526 1296 vobis
565 1270 730 1310 eorum,
772 1256 845 1310 qui
883 1258 957 1296 aut
988 1255 1196 1296 videbunt
1226 1259 1417 1298 vestrum
1448 1271 1535 1299 mo-

193 1316 448 1354 numentum
476 1317 551 1354 aut
577 1314 762 1368 audient,
794 1314 1069 1369 gratissimus
1096 1327 1236 1355 sermo
1264 1314 1532 1357 conticescet.
1552 1329 1587 1355 20

193 1370 263 1411 Ita
295 1385 373 1424 pro
407 1372 582 1413 mortali
613 1372 860 1418 condicione
891 1372 1005 1413 vitae
1037 1371 1396 1413 inmortalitatem
1428 1373 1532 1414 estis

194 1430 423 1471 consecuti.

283 1486 364 1529 Sed
416 1488 636 1542 quoniam,
685 1491 830 1542 patres
874 1488 1122 1542 conscripti,
1172 1489 1334 1544 gloriae
1379 1504 1533 1531 munus

194 1547 370 1600 optimis
404 1550 447 1587 et
478 1546 728 1588 fortissimis
761 1546 924 1588 civibus
957 1548 1224 1588 monumenti
1254 1547 1416 1589 honore
1441 1563 1534 1602 per-

194 1605 394 1659 solvitur,
426 1605 697 1647 consolemur
729 1619 876 1646 corum
908 1605 1145 1659 proximos,
1181 1606 1336 1660 quibus
1369 1607 1534 1660 optima
1552 1621 1585 1647 25

193 1666 260 1704 est
296 1663 401 1705 haec
440 1664 612 1718 quidem
651 1663 908 1716 consolatio,
953 1664 1222 1719 parentibus,
1259 1665 1372 1719 quod
1410 1667 1534 1706 tanta

191 1722 253 1762 rei
290 1722 488 1776 publicae
520 1722 734 1776 praesidia
766 1724 1022 1777 genuerunt,
1059 1722 1226 1777 liberis,
1264 1723 1376 1777 quod
1406 1723 1533 1765 habe-

190 1781 301 1821 bunt
333 1780 569 1822 domestica
597 1781 790 1834 exempla
822 1780 1008 1833 virtutis,
1041 1781 1309 1836 coniugibus,
1340 1782 1454 1836 quod
1478 1782 1532 1824 iis

190 1839 295 1880 viris
335 1839 560 1891 carebunt,
598 1854 705 1893 quos
738 1839 909 1880 laudare
942 1853 1070 1893 quam
1102 1839 1248 1894 lugere
1279 1840 1532 1894 praestabit,

189 1896 416 1951 fratribus,
456 1897 569 1951 quod
605 1898 651 1938 in
683 1912 726 1938 se
758 1901 808 1938 ut
840 1912 1085 1951 corporum,
1118 1898 1178 1939 sic
1211 1899 1384 1940 virtutis
1416 1899 1584 1940 simi-zo

190 1955 418 1997 litudinem
451 1970 543 1997 esse
576 1956 802 1998 confident.
857 1955 1002 2010 Atque
1032 1956 1198 1997 utinam
1231 1957 1298 1998 his
1331 1957 1529 1999 omnibus

191 2014 440 2069 abstergere
466 2014 616 2056 fletum
642 2014 867 2056 sententiis
892 2014 1054 2056 nostris
1076 2016 1368 2070 consultisque
1387 2029 1531 2070 posse-

191 2087 287 2113 mus
319 2073 386 2114 vel
413 2073 557 2127 aliqua
583 2073 684 2114 talis
710 2073 763 2114 iis
791 2073 984 2114 adhiberi
1010 2073 1178 2130 publice
1204 2077 1353 2128 posset
1378 2074 1530 2127 oratio,

191 2145 276 2184 qua
307 2131 568 2185 deponerent
599 2146 837 2173 maerorem
868 2134 996 2186 atque
1022 2131 1186 2173 luctum
1211 2132 1529 2188 gauderentque

190 2189 352 2242 potius,
396 2204 493 2231 cum
537 2191 674 2231 multa
715 2193 759 2231 et
796 2190 914 2231 varia
950 2190 1245 2244 impenderent
1281 2190 1526 2232 hominibus
1547 2206 1581 2232 85

190 2260 349 2300 genera
386 2248 557 2302 mortis,
601 2249 644 2290 id
681 2263 836 2304 genuS,
882 2249 995 2303 quod
1032 2251 1145 2290 esset
1181 2249 1527 2304 pulcherrimum,

189 2305 279 2345 suis
319 2306 528 2361 obtigisse
566 2321 723 2361 eosque
761 2321 838 2348 nec
875 2307 1122 2348 inhumatos
1161 2321 1252 2349 esse
1282 2321 1360 2348 nec
1391 2306 1527 2347 deser-

128 1465 178 1506 13

134 1524 179 1554 34
