1671 2543
106 883 161 924 37

109 943 174 974 101

181 95 267 138 318
467 95 559 130 PRO
586 95 626 132 T.
652 95 806 130 ANNIO
833 95 1018 131 MILONE
1046 95 1233 131 ORATIO.

179 207 223 246 te
262 203 476 269 appetivi,
509 217 588 258 ego
621 218 764 245 meum
796 218 922 259 saepe
954 218 1109 259 corpus
1142 207 1186 245 et
1216 204 1353 245 vitam
1384 202 1524 245 obieci

181 262 312 304 armis
357 262 631 304 inimicorum
669 265 861 317 tuorum,
904 276 984 318 ego
1022 277 1090 304 me
1127 263 1324 317 plurimis
1362 276 1441 316 pro
1478 264 1523 303 te

181 320 420 386 supplicem
459 320 614 375 abieci,
650 321 782 375 bona,
820 320 1014 363 fortunas
1052 335 1168 363 meas
1208 335 1257 363 ac
1287 321 1523 362 liberorum

180 393 375 420 meorum
406 380 452 420 in
484 380 829 421 communionem
861 383 1036 422 tuorum
1068 383 1312 434 temporum
1341 378 1524 434 contuli3

177 438 260 479 hoc
296 438 477 492 denique
508 438 603 492 ipso
636 438 703 480 die
735 439 772 480 si
804 453 912 493 quae
943 439 1007 480 vis
1040 441 1106 480 est
1137 441 1306 493 parata,
1344 437 1381 480 si
1412 451 1521 492 quae
1558 447 1576 473 ὁ

179 496 398 538 dimicatio
438 496 593 551 capitis
633 497 795 551 futura,
834 497 1029 552 deposco.
1093 496 1204 546 Quid
1239 497 1325 538 iam
1357 495 1522 538 restat?

180 555 281 609 quid
313 555 612 610 habeo,'quod
643 555 799 597 faciam
829 570 907 610 pro
940 556 1027 597 tuis
1059 555 1105 596 in
1134 570 1201 596 me
1228 555 1406 609 meritis,
1437 554 1522 596 nisi

178 616 228 654 ut
255 628 348 654 eam
374 613 605 668 fortunam,
636 629 927 669 quaecumque
954 614 1036 655 erit
1061 616 1149 669 tua,
1174 614 1327 656 ducam
1352 613 1522 655 meam?

178 670 280 713 Non
317 686 485 726 recuso,
520 687 608 714 non
646 673 787 714 abnuo
825 687 986 727 vosque
1019 673 1217 728 obsecro,
1256 672 1436 727 iudices,
1472 674 1522 713 ut

178 733 322 772 vestra
352 731 571 785 beneficia,
605 746 712 785 quae
744 732 790 772 in
821 746 888 773 me
921 732 1180 786 contulistis,
1212 734 1287 772 aut
1317 731 1363 772 in
1392 730 1519 772 huius
1541 739 1575 764 10

179 789 318 830 salute
363 790 559 845 augeatis
599 793 674 831 aut
711 790 757 831 in
794 790 983 832 eiusdem
1014 790 1145 832 exitio
1186 804 1391 831 occasura
1428 803 1521 831 esse

178 847 372 889 videatis.

265 905 347 947 His
384 906 575 948 lacrimis
612 921 700 948 non
735 910 933 948 movetur
970 906 1095 962 Milo3
1133 910 1200 949 est
1238 906 1424 961 quodam
1460 905 1522 947 in·

178 964 374 1006 credibili
418 965 572 1006 robore
617 965 767 1020 animi3
811 966 986 1007 exilium
1029 966 1090 1006 ibi
1129 980 1221 1007 esse
1258 967 1403 1020 putat,
1445 964 1521 1006 ubi

177 1023 332 1064 virtuti
362 1038 450 1064 non
476 1023 534 1064 sit
559 1023 698 1078 locus3
729 1026 913 1065 mortem
937 1027 1117 1066 naturae
1143 1024 1273 1065 finem
1299 1037 1403 1077 esse,
1433 1037 1522 1064 non
1540 1029 1574 1056 1⁶

176 1095 371 1135 poenam.
429 1080 511 1123 Sed
536 1082 606 1123 hie
633 1097 682 1123 ea
708 1086 863 1137 mente,
890 1097 975 1137 qua
998 1086 1126 1125 natus
1153 1086 1237 1137 est3
1270 1082 1401 1136 quid?
1432 1095 1522 1136 vos,

176 1140 351 1193 iudices,
380 1154 464 1194 quo
491 1140 664 1182 tandem
691 1141 832 1183 animo
860 1141 1011 1183 eritis?
1066 1141 1320 1183 Memoriam
1345 1139 1521 1181 Milonis

177 1198 439 1253 retinebitis,
476 1199 619 1253 ipsum
659 1200 852 1241 eicietis‘?
914 1199 974 1241 Et
1008 1200 1091 1241 erit
1122 1200 1292 1255 dignior
1323 1199 1443 1240 locus
1475 1198 1522 1239 in

177 1256 304 1297 terris
331 1257 457 1310 ullus,
490 1258 563 1310 qui
588 1257 698 1299 hanc
723 1258 929 1299 virtutem
955 1258 1152 1312 excipiat,
1185 1272 1313 1311 quam
1338 1257 1421 1310 hic,
1447 1256 1516 1310 qui

175 1315 448 1368 procreavit?
501 1314 606 1368 Vos,
631 1330 706 1356 vos
734 1316 916 1370 appello,
942 1316 1170 1357 fortissimi
1195 1316 1288 1368 viri,
1315 1315 1388 1368 qui
1414 1314 1519 1355 mul·
1539 1321 1575 1347 2⁰

177 1375 270 1413 tum
307 1387 385 1426 pro
420 1386 465 1413 re
496 1373 671 1426 publica
703 1374 956 1428 sanguinem
988 1373 1216 1428 effudistis3
1252 1387 1329 1415 vos
1361 1373 1406 1414 in
1437 1373 1520 1414 viri

177 1433 221 1471 et
245 1430 290 1470 in
316 1430 420 1471 civis
447 1430 595 1472 invicti
615 1432 806 1485 periculo
827 1432 1010 1486 appello,
1036 1432 1320 1484 centuriones,
1345 1445 1520 1486 vosque,

176 1487 356 1542 milites;
399 1489 522 1530 vobis
566 1504 653 1530 non
696 1490 822 1531 modo
868 1491 1228 1545 inspectantibus,
1273 1490 1346 1531 sed
1387 1489 1519 1531 etiam

177 1547 355 1588 armatis
382 1549 425 1588 et
450 1546 550 1588 huic
570 1547 726 1589 iudicio
747 1549 1091 1602 praesidentibus
1111 1549 1217 1590 haec
1238 1551 1361 1590 tanta
1380 1548 1518 1589 virtus

177 1619 228 1646 ex
270 1605 351 1646 hac
394 1605 499 1646 urbe
539 1606 792 1660 expelletur,
836 1607 1212 1661 exterminabitur,
1254 1606 1572 1662 proicieturP2⁵

109 1662 213 1704 1020
248 1677 315 1704 me
347 1664 564 1717 miserum,
597 1679 621 1705 o
654 1679 720 1706 me
753 1665 984 1707 infelicem!
1044 1665 1262 1708 Revocare
1295 1668 1343 1706 tu
1375 1679 1442 1706 me
1473 1664 1520 1706 in

175 1722 380 1776 patriam,
413 1721 530 1776 Milo,
564 1724 748 1777 potuisti
779 1739 855 1778 per
885 1724 978 1778 hos,
1009 1738 1088 1780 ego
1121 1727 1164 1766 te
1195 1724 1240 1765 in
1270 1724 1413 1778 patria
1442 1737 1520 1777 per

176 1780 347 1821 eosdem
376 1780 561 1822 retinere
587 1795 674 1823 non
698 1782 880 1836 potero‘?
938 1782 1048 1832 Quid
1075 1782 1343 1836 respondebo
1369 1781 1518 1822 liberis

176 1838 301 1892 meis,
352 1839 426 1892 qui
469 1842 512 1880 te
555 1843 777 1894 parentem
821 1841 1006 1882 alterum
1049 1841 1235 1895 putant?
1279 1839 1379 1894 quid
1424 1840 1518 1893 tibi,

177 1896 335 1945 Quinte
373 1896 524 1951 frater,
563 1898 637 1952 qui
672 1913 785 1940 nunc
824 1900 942 1953 abes,
981 1899 1170 1941 consorti
1208 1912 1374 1940 mecum
1412 1900 1571 1939 tem-³⁰

174 1968 329 2008 porum
365 1955 568 1997 illorum?
607 1970 728 1998 mene
765 1971 852 1998 non
888 1958 1081 2012 potuisse
1119 1956 1294 1998 Milonis
1333 1956 1517 1998 salutem

175 2013 287 2054 tueri
325 2027 401 2067 per
439 2014 628 2068 eosdem,
672 2030 747 2069 per
786 2030 892 2069 quos
929 2019 1124 2058 nostram
1162 2015 1234 2056 ille
1272 2015 1516 2056 servasset?

175 2070 236 2111 At
267 2071 312 2112 in
344 2085 428 2125 qua
460 2086 589 2114 causa
619 2087 706 2114 non
736 2074 960 2139 potuisse?
993 2073 1110 2122 Quae
1136 2076 1202 2115 est
1228 2075 1353 2128 grata
1378 2072 1515 2127 genti-

174 2128 254 2170 bus
281 2127 368 2155 ***
393 2144 480 2172 non
505 2131 728 2184 potuisse?
755 2131 827 2186 Iis,
854 2132 926 2186 qui
953 2133 1137 2173 maxime
1157 2131 1203 2173 P.
1225 2130 1348 2173 Clodi
1375 2133 1514 2172 morte

110 2187 448 2240 103adquierunt.
475 2188 569 2238 Quo
585 2189 869 2256 deprecante?
897 2190 978 2232 Me.
1007 2190 1232 2240 Quodnam
1245 2202 1325 2243 ego
1337 2189 1513 2243 concepi
1533 2195 1568 2222 ³⁵

175 2246 345 2286 tantum
378 2247 516 2288 scelus
550 2251 625 2289 aut
657 2249 770 2302 quod
798 2249 843 2290 in
869 2263 935 2290 me
963 2251 1131 2290 tantum
1157 2247 1321 2288 facinus
1349 2247 1515 2302 admisi,

174 2301 352 2357 iudices,
397 2319 494 2345 cum
537 2305 613 2346 illa
656 2306 813 2348 indicia
859 2307 1096 2348 communis
1141 2305 1261 2347 exitii
1301 2305 1515 2360 indagavi,
