1671 2543
224 98 316 142 ‘174
622 99 674 133 IN
700 99 738 133 L.
765 97 977 133 PISONEM
1003 97 1193 134 ORATIO.

229 224 296 250 me
322 208 630 250 rettulissetis‘?
664 221 759 248 cum
784 220 872 261 vos,
898 221 1159 260 quamquam
1183 205 1352 247 foedere
1372 205 1569 247 obstricti

231 268 504 320 tenebamini,
535 269 680 307 tamen
706 279 857 318 cupere
884 275 959 306 vos
985 264 1196 318 diceretis,
1222 265 1295 305 sed
1320 264 1415 319 lege
1440 264 1571 318 impe-

170 334 214 365 30
230 327 321 368 diri.
385 326 502 375 Quae
533 326 602 366 lex
632 324 812 378 privatis
843 323 1090 364 hominibus
1120 338 1211 364 esse
1244 323 1313 364 lex
1342 322 1570 364 non'vide-

229 386 359 427 batur
390 385 508 425 iussa
538 398 614 437 per
646 397 810 436 servos,
846 382 983 423 incisa
1012 397 1088 436 per
1120 382 1224 435 vim,
1263 381 1469 436 imposita
1495 396 1572 435 per

228 443 516 495 latrocinium,
548 441 720 483 sublato
754 444 916 495 senatu,
947 441 1082 495 pulsis
1116 455 1136 481 e
1166 440 1260 481 foro
1286 440 1410 481 bonis
1438 440 1570 481 omni-
1607 452 1625 478 5

229 503 322 556 bus,
349 504 474 555 capta
500 515 544 542 re
570 499 754 554 publica,
780 502 931 541 contra
957 513 1104 540 omnes
1130 499 1248 554 leges
1268 499 1387 540 nullo
1409 498 1572 552 scripta

229 575 359 613 more,
390 561 500 601 hanc
532 559 605 612 qui
637 573 681 600 se
708 560 897 599 metuere
924 558 1125 611 dicerent,
1156 558 1236 599 hos
1263 557 1459 599 consules
1484 571 1572 598 non

229 619 369 660 dicam
407 618 538 659 animi
576 617 816 670 hominum,
855 616 928 658 sed
965 616 1069 657 fasti
1109 616 1186 657 ulli
1216 615 1327 657 ferre
1359 615 1571 670 possunt?

229 677 355 731 Nam,
387 678 423 718 si
454 677 574 717 illam
606 676 746 730 legem
775 689 863 716 non
893 675 1126 729 putabatis,
1163 689 1269 729 quae
1303 677 1395 715 erat
1422 676 1572 715 contra

230 750 377 793 omnes
428 736 544 790 leges
594 734 831 775 indemnati
881 733 984 775 civis
1036 736 1164 787 atque
1213 733 1374 788 integri
1417 732 1570 787 capitis
1592 747 1627 772 10

229 795 526 848 bonorumque
558 792 790 834 tribunicia
820 792 1092 847 proscriptio,
1124 806 1173 833 ac
1199 794 1346 832 tamen
1371 791 1572 832 obstricti

228 853 428 907 pactione
474 851 755 904 tenebamini,
803 851 897 904 quis
942 865 1018 892 vos
1060 865 1148 892 non
1191 851 1317 892 modo
1363 850 1589 905 consules,a

230 912 303 953 sed
335 912 494 952 liberos
526 910 658 951 fuisse
687 912 823 964 putet,
856 924 1039 964 quorum
1064 924 1183 950 mens
1209 909 1342 950 fuerit
1368 922 1573 963 oppressa

229 970 433 1024 praemio,
465 970 615 1022 lingua
646 969 825 1010 astricta
856 968 1077 1009 mercede?
1129 967 1205 1009 Sin
1235 968 1356 1008 illam
1386 981 1463 1008 vos
1490 967 1572 1008 soli

229 1029 370 1084 legem
406 1028 647 1083 putabatis,
687 1028 913 1082 quisquam
950 1041 1026 1068 vos
1066 1026 1261 1067 consules
1300 1028 1404 1067 tunc
1438 1025 1570 1067 fuisse
1592 1040 1627 1065 15

231 1090 305 1129 aut
336 1102 448 1128 nunc
480 1101 571 1128 esse
605 1086 842 1127 consularis
874 1088 1016 1139 putet,
1055 1085 1127 1140 qui
1160 1085 1250 1126 eius
1284 1084 1491 1138 civitatis,
1528 1084 1574 1125 in

232 1161 315 1200 qua
346 1146 392 1187 in
422 1146 666 1200 principum
696 1159 874 1185 numero
906 1144 1038 1185 vultis
1071 1158 1175 1197 esse,
1209 1158 1295 1185 non
1325 1143 1456 1198 legeS,
1486 1157 1575 1184 non

172 1205 445 1258 31instituta,
475 1218 564 1245 non
592 1217 744 1256 mores,
774 1207 861 1244 non
888 1203 982 1243 iura
1006 1202 1193 1243 noritis?
1243 1201 1324 1256 An,
1357 1216 1454 1243 cum
1478 1216 1574 1256 pro-

229 1262 539 1305 ficiscebamini
582 1261 774 1316 paludati
817 1261 862 1301 in
904 1261 1146 1315 provincias
1190 1260 1257 1301 vel
1301 1262 1467 1314 emptas
1504 1259 1573 1300 vel

232 1324 413 1376 ereptas,
440 1320 636 1362 consules
661 1334 738 1361 vos
760 1319 988 1373 quisquam
1006 1319 1205 1373 putavit?
1244 1318 1408 1372 Itaque,
1435 1317 1573 1371 credo,
1593 1334 1626 1359 20

231 1380 268 1421 si
289 1379 429 1421 minus
449 1379 489 1419 fi
492 1378 692 1432 equentia
706 1392 783 1419 sua
796 1381 988 1419 vestrum
1003 1392 1222 1432 egressum
1238 1376 1428 1418 ornando
1444 1379 1573 1430 atque

232 1438 501 1491 celebrando,
528 1439 573 1478 at
601 1436 815 1478 ominibus
843 1437 998 1477 saltem
1026 1436 1150 1477 bonis
1177 1438 1226 1476 ut
1253 1435 1460 1489 consules,
1485 1449 1574 1476 non

231 1471 501 1538 tristissimis
533 1498 583 1536 ut
618 1495 766 1536 hostes
805 1498 879 1535 aut
915 1495 1156 1549 proditores
1189 1494 1572 1548 prosequebantur.

164 1556 218 1597 14
319 1555 439 1596 Tune
472 1554 622 1607 etiam,
656 1553 1017 1594 immanissimum
1049 1568 1096 1594 ac
1127 1553 1424 1594 foedissimum
1456 1566 1573 1593 mon-

231 1616 382 1667 strum,
414 1627 542 1654 ausus
569 1627 612 1653 es
639 1627 782 1653 meum
807 1612 1041 1653 discessum
1069 1612 1192 1652 illum
1219 1613 1375 1652 testem
1401 1610 1572 1652 sceleris
1593 1626 1627 1652 25

232 1675 276 1714 et
314 1671 581 1714 crudelitatis
620 1673 719 1712 tuae
757 1672 802 1711 ‘m
837 1671 1054 1712 maledicti
1087 1672 1130 1711 et
1162 1669 1446 1711 contumeliae
1476 1669 1572 1710 loco

230 1731 418 1786 ponere?
469 1729 562 1778 Quo
596 1730 767 1783 quidem
799 1732 992 1783 tempore
1020 1729 1125 1783 cepi,
1156 1731 1301 1783 patres
1328 1727 1574 1782 conscripti,

232 1789 421 1830 fructum
446 1788 734 1829 immortalem
762 1788 895 1829 vestri
921 1788 966 1828 in
991 1802 1059 1829 me
1085 1790 1128 1828 et
1155 1787 1313 1828 amoris
1340 1789 1384 1827 et
1409 1786 1571 1839 iudicii3

233 1848 307 1902 qui
336 1862 425 1889 non
456 1846 860 1900 admurmuratione,
892 1847 966 1887 sed
997 1861 1098 1888 voce
1131 1848 1174 1887 et
1206 1846 1390 1887 clamore
1416 1844 1573 1885 abiecti

231 1906 418 1947 hominis
452 1920 500 1947 ac
533 1905 722 1947 semiviri
753 1905 941 1946 furorem
973 1904 1341 1959 petulantiamque
1366 1903 1573 1958 fregistis.
1593 1919 1627 1944 30

174 1973 216 2002 32
232 1965 296 2006 Tu
334 1965 500 2006 luctum
538 1966 729 2018 senatus,
770 1966 818 2005 tu
856 1963 1113 2005 desiderium
1150 1962 1361 2016 equestris
1401 1961 1573 2015 ordinis,

232 2026 281 2064 tu
307 2023 550 2076 squalorem
576 2022 741 2076 Italiae,
767 2025 816 2063 tu
842 2023 983 2064 curiae
1009 2021 1351 2063 taciturnitatem
1377 2033 1573 2072 annuam,

234 2084 282 2122 tu
314 2081 534 2122 silentium
565 2083 820 2135 perpetuum
851 2081 1106 2122 iudiciorum
1138 2094 1187 2121 ac
1217 2079 1317 2132 fori,
1351 2080 1400 2119 tu
1431 2080 1574 2119 cetera

233 2139 309 2180 illa
339 2140 385 2180 in
416 2140 632 2180 maledicti
664 2140 759 2180 loco
791 2154 942 2194 pones,
978 2153 1084 2193 quae
1117 2152 1235 2179 meus
1267 2137 1479 2177 discessus
1511 2135 1573 2176 rei

233 2197 429 2250 publicae
479 2198 656 2239 vulnera
703 2197 890 2238 inflixit?
965 2196 1047 2246 Qui
1090 2197 1128 2237 si
1171 2194 1570 2237 calamitosissimus
1591 2209 1625 2236 35

234 2255 405 2310 fuisset,
441 2258 587 2297 tamen
624 2255 917 2297 misericordia
953 2255 1123 2310 dignior
1155 2268 1281 2308 quam
1313 2252 1573 2293 contumelia

235 2316 278 2353 et
304 2328 400 2354 cum
426 2314 565 2368 gloria
590 2314 734 2368 potius
761 2328 852 2356 esse
876 2314 1127 2355 coniunctus
1150 2326 1277 2366 quam
1298 2325 1394 2353 cum
1412 2311 1571 2365 probro
