1671 2543
533 53 633 90 CAP.
661 57 799 88 23—25
827 58 845 96 g
873 57 1023 89 55—60.
1360 55 1444 96 185

109 163 221 204 ditas
246 164 337 203 tam
363 176 488 204 caeca
512 161 738 216 rapiebat?
782 160 882 202 Non
904 164 970 203 est
988 161 1207 217 integrum
1227 161 1302 204 Cn.
1322 161 1444 203 Pom-
1459 169 1503 201 58

109 222 205 276 peio
238 220 416 262 consilio
448 220 535 261 iam
565 220 630 261 uti
661 222 755 274 tuo3
787 221 944 261 erravit
975 220 1105 275 enim3
1136 235 1222 262 non
1248 224 1447 276 gustarat

109 281 239 321 istam
263 282 383 321 tuam
407 279 744 333 philosophiam3
769 281 835 319 ter
860 279 946 320 iam
967 279 1097 320 homo
1119 280 1278 321 stultus
1298 280 1446 322 trium-

109 339 271 393 phavit.
315 337 480 391 Crasse,
505 337 638 392 pudet
663 352 729 378 me
756 338 831 378 tui.
877 337 988 387 Quid
1014 340 1090 391 est,
1117 339 1230 392 quod
1250 338 1445 381 confecto

74 409 90 435 5
109 412 186 451 per
215 400 258 438 te
289 396 692 438 formidolosissimo
725 396 838 437 bello
872 411 1074 438 coronam
1104 397 1224 438 illam
1255 397 1446 438 lauream

109 456 190 497 tibi
216 458 338 497 tanto
366 470 492 510 opere
519 455 687 496 decerni
713 455 899 496 volueris
927 470 952 496 a
977 456 1155 497 senatu?
1205 455 1250 496 P.
1279 455 1444 510 Servili,

112 514 159 564 Q.
185 514 370 567 Metelle,
403 513 447 556 C.
475 512 616 567 Curio,
647 512 694 555 L.
720 513 885 567 Afrani,
916 529 989 555 cur
1014 514 1127 556 hunc
1150 529 1238 556 non
1264 515 1444 556 audistis

110 577 200 615 tam
237 573 411 614 doctum
447 572 682 626 hominem,
719 575 809 613 tam
848 573 1078 626 eruditum,
1115 573 1366 627 priusquam
1400 574 1446 615 in

109 633 243 673 istum
268 646 457 673 errorem
481 631 818 673 induceremini?
869 630 913 673 C.
934 631 1017 685 ipsi
1037 631 1279 686 Pomptino,
1303 647 1445 673 neces-

57 704 91 729 10
111 691 224 732 83110
260 705 374 744 meo,
412 691 499 731 iam
529 705 617 732 non
647 693 713 731 est
744 690 980 745 integrum3
1018 690 1299 746 religionibus
1332 691 1445 733 enim

110 750 320 804 susceptis
340 749 584 803 impeditur.
636 748 669 790 O
691 749 847 790 stultos
869 748 1087 803 Camillos,
1114 748 1278 803 Curios,
1297 749 1446 791 Fabri-

110 808 211 862 cios,
231 807 463 861 Calatinos,
486 807 719 862 Scipiones,
739 807 980 861 Marcellos,
1000 807 1230 849 Maximos!
1259 822 1283 849 0
1305 823 1445 849 amen-

110 870 198 908 tem
224 866 418 920 Paulum,
450 867 659 908 rusticum
685 865 882 920 Marium,
912 866 1072 907 nullius
1107 867 1275 908 consilii
1299 869 1444 921 patres

109 926 264 967 horum
296 926 521 966 amborum
553 925 794 978 consulum,
827 925 900 979 qui
932 925 1258 979 triumpharint!
1460 967 1484 997 9

57 997 90 1024 15
200 983 282 1026 Sed
333 984 535 1038 quoniam
582 984 816 1038 praeterita
865 986 1031 1025 mutare
1073 999 1162 1025 non
1203 966 1516 1039 possumusff5

111 1043 211 1097 quid
256 1045 395 1084 cessat
436 1042 506 1084 hic
547 1042 764 1083 homullus
809 1057 860 1083 ex
904 1042 1058 1098 argilla
1101 1046 1145 1083 et
1188 1043 1280 1084 luto
1317 1043 1444 1085 fictus

112 1101 385 1156 [Epicureus]
426 1101 525 1142 dare
562 1101 667 1142 11300
698 1101 918 1155 praeclara
948 1103 1178 1155 praecepta
1210 1102 1445 1156 sapientiae

110 1160 348 1202 clarissimo
382 1162 424 1201 et
456 1174 623 1201 summo
654 1159 906 1213 imperatori
937 1173 1094 1214 genero
1128 1160 1235 1201 suo‘?
1290 1159 1324 1202 F
1330 1163 1447 1201 ertur

109 1219 181 1260 ille
212 1219 295 1272 vir,
330 1218 436 1259 mihi
469 1219 608 1271 crede,
640 1218 797 1272 gloria3
833 1218 990 1273 flagrat
1024 1219 1178 1271 [ardet]
1213 1219 1446 1273 cupiditate

56 1292 89 1317 20
108 1277 212 1319 iusti
244 1280 286 1318 et
311 1277 458 1332 magni
483 1276 703 1331 triumphi.
753 1276 855 1318 Non
879 1277 1028 1318 didicit
1055 1277 1202 1318 eadem
1226 1278 1312 1318 ista
1339 1292 1446 1331 quae

109 1339 168 1377 tu.
223 1335 350 1377 Mitte
380 1336 432 1377 ad
459 1350 556 1377 eum
581 1335 776 1376 libellum
802 1337 856 1390 et,
888 1336 925 1377 si
950 1336 1037 1377 iam
1062 1336 1153 1390 ipse
1181 1350 1325 1377 coram
1351 1351 1447 1378 con-

109 1394 228 1450 gredi
258 1395 432 1448 poteris,
467 1394 684 1448 meditare,
717 1394 873 1448 quibus
905 1395 1047 1436 verbis
1079 1395 1298 1436 incensam
1329 1395 1447 1436 illius

111 1453 388 1507 cupiditatem
411 1453 667 1507 comprimas
689 1455 816 1506 atque
836 1453 1092 1507 restinguas.
1136 1452 1313 1495 Valebis
1335 1454 1447 1507 apud

108 1511 327 1552 hominem
358 1512 613 1553 volitantem
645 1511 808 1566 gloriae
841 1512 1074 1566 cupiditate
1106 1512 1172 1553 vir
1200 1513 1447 1553 moderatus

57 1584 90 1609 25
111 1573 154 1611 et
189 1572 407 1623 constans,
446 1570 557 1624 apud
594 1570 816 1611 indoctum
846 1570 1055 1624 eruditus,
1099 1571 1210 1624 apud
1242 1584 1448 1626 generum

111 1642 241 1669 socer.
307 1627 436 1669 Dices
475 1628 604 1682 enim,
644 1631 694 1669 ut
731 1643 776 1669 es
814 1628 943 1670 homo
982 1628 1148 1670 facetus
1187 1629 1237 1670 ad
1276 1644 1447 1683 persua-

111 1687 306 1739 dendum,
333 1686 576 1740 concinnus,
601 1686 829 1740 perfectus,
854 1687 1016 1740 politus
1044 1701 1094 1727 ex
1120 1687 1285 1728 schola:
1318 1686 1447 1736 ‘Quid

111 1747 186 1798 est,
214 1744 382 1798 Caesar,
409 1745 521 1798 quod
542 1747 584 1785 te
605 1745 940 1799 supplicationes
960 1745 1123 1786 totiens
1143 1746 1230 1786 iam
1250 1745 1447 1786 decretae

111 1806 178 1845 tot
209 1803 373 1844 dierum
405 1805 526 1844 tanto
561 1817 686 1856 opere
718 1803 958 1844 delectent?
990 1803 1036 1844 in
1068 1803 1223 1857 quibus
1249 1803 1446 1844 homines

58 1877 92 1902 30
111 1876 252 1902 errore
292 1861 520 1913 ducuntur,
565 1875 670 1914 quas
709 1861 750 1901 di
786 1861 1040 1916 neglegunt3
1084 1861 1174 1915 qui,
1214 1864 1263 1902 ut
1298 1864 1448 1903 noster

112 1920 279 1961 divinus
322 1920 395 1961 ille
439 1920 546 1960 dixit
582 1919 813 1973 Epicurus,
854 1934 991 1973 neque
1031 1920 1209 1974 propitii
1248 1920 1447 1973 cuiquam

111 1993 203 2020 esse
247 1978 388 2020 solent
430 1992 567 2032 neque
605 1977 732 2018 irati?
799 1976 900 2019 Non
935 1978 1067 2019 facies
1105 1978 1232 2019 fidem
1270 1978 1446 2033 scilicet,

113 2051 208 2079 cum
257 2037 362 2078 11300
413 2036 670 2090 disputabis,
719 2036 801 2077 tibi
848 2036 961 2077 enim
1005 2039 1048 2077 et
1091 2051 1183 2078 esse
1228 2039 1271 2077 et
1313 2036 1446 2078 fuisse

110 2096 273 2137 videbit
314 2096 460 2136 iratos.
528 2094 682 2135 Vertes
719 2097 762 2135 te
800 2095 853 2135 ad
890 2095 1072 2136 alteram
1110 2095 1320 2149 scholam3
1363 2095 1445 2137 dis·
1461 2103 1506 2134 60

58 2169 92 2196 35
113 2168 226 2196 seres
265 2154 315 2195 de
352 2153 590 2207 triumpho:
629 2151 754 2201 ‘Quid
791 2153 964 2195 tandem
999 2154 1132 2194 habet
1168 2153 1250 2195 iste
1286 2168 1446 2208 currus,

114 2213 215 2266 quid
251 2213 385 2254 vincti
421 2215 518 2253 ante
552 2226 722 2253 currum
754 2212 898 2266 duces,
937 2212 1038 2266 quid
1069 2211 1298 2253 simulacra
1330 2213 1446 2267 oppi-

113 2271 280 2325 dorum,
325 2271 427 2325 quid
465 2285 632 2324 aurum,
671 2270 772 2324 quid
811 2273 1055 2325 argentum,
1094 2271 1194 2324 quid
1231 2270 1365 2325 legati
1402 2271 1446 2312 in
