1671 2543
222 93 308 134 154
450 93 544 129 PRO
569 94 610 128 L.
637 91 878 127 CORNELIO
903 92 1060 127 BALBO
1087 92 1277 129 ORATIO.

279 200 492 242 Hostem
524 200 609 255 qui
639 199 811 254 feriet,
844 199 963 255 erit,
993 200 1153 255 inquit,
1185 200 1251 241 mi
1283 198 1555 255 Carthagi-

1340 273 1555 312 niensm,

281 317 525 372 Quisquis
558 317 674 371 erit,
706 316 897 358 cuiatis
930 316 1038 358 siet.

309 434 340 489 †
365 433 414 476 Id
434 434 595 475 habent
619 432 702 475 hoc
727 433 819 474 leve
839 436 882 475 et
901 448 1068 488 semper
1086 433 1330 475 habuerunt
1348 433 1493 488 itaque
1513 435 1557 475 et

223 492 327 535 civis
353 493 539 546 undique
565 492 691 533 fortis
711 492 826 533 viros
847 492 1119 534 adsciverunt
1138 495 1181 534 et
1199 492 1423 534 hominum
1438 493 1557 547 igno-
1593 504 1610 530 5

221 552 375 593 bilium
388 552 594 592 virtutem
601 565 804 605 persaepe
812 550 1055 592 nobilitatis
1064 551 1243 593 inertiae
1251 550 1558 606 praetulerunt.

311 609 494 651 Habetis
545 610 855 663 imperatorum
902 623 1167 651 summorum
1211 612 1254 651 et
1297 608 1559 664 sapientissi—

224 683 392 710 morum
413 668 648 721 hominum,
668 667 1005 709 clarissimorum
1023 668 1224 722 virorum,
1242 667 1561 723 interpretatio-

221 742 321 769 nem
346 727 450 768 iuris
478 741 526 768 ac
550 726 781 767 foederum.
831 726 954 768 Dabo
981 727 1113 768 etiam
1137 727 1336 780 iudicum,
1368 727 1441 780 qui
1459 726 1560 768 huic

225 785 467 840 quaestioni
498 784 790 840 praefuerunt,
827 785 936 826 dabo
967 785 1155 826 universi
1185 785 1335 840 populi
1365 784 1560 838 Romani,
1580 797 1614 823 ιο

225 845 334 885 dabo
373 844 693 885 sanctissimum
725 846 768 885 et
801 844 1165 898 sapientissimum
1196 844 1400 885 iudicium
1430 843 1562 884 etiam

225 905 409 944 senatus.
467 901 635 944 Iudices
662 917 758 944 cum
783 917 884 956 prae
911 917 956 944 se
981 902 1142 944 ferrent
1166 902 1394 956 palamque
1418 901 1563 955 loque-

223 964 389 1015 rentur,
428 961 529 1015 quid
566 963 709 1002 essent
740 961 835 1016 lege
865 960 1000 1015 Papia
1030 961 1081 1002 de
1112 960 1169 1002 M.
1201 960 1350 1002 Cassio
1382 959 1563 1001 Mamer-

225 1020 328 1060 tinis
365 1020 658 1073 repetentibus
695 1019 941 1073 iudicaturi,
984 1019 1232 1060 Mamertini
1267 1019 1437 1074 publice
1475 1032 1563 1060 sus-

225 1081 350 1133 cepta
393 1093 520 1120 causa
560 1078 830 1120 destiterunt.
898 1077 1029 1119 Multi
1064 1078 1110 1119 in
1146 1078 1366 1120 civitatem
1403 1077 1564 1131 recepti
1583 1089 1615 1115 15

225 1152 276 1178 ex
309 1137 457 1178 liberis
488 1137 805 1190 foederatisque
836 1137 1007 1192 populis
1043 1136 1249 1189 [liberati]
1284 1139 1402 1190 sunt3
1438 1149 1563 1177 nemo

224 1210 430 1250 umquam
464 1198 530 1236 est
562 1195 612 1236 de
645 1195 818 1236 civitate
851 1198 1093 1249 accusatus,
1131 1195 1245 1249 quod
1277 1197 1351 1235 aut
1381 1194 1564 1248 populus

226 1254 383 1295 fundus
426 1253 566 1295 factus
609 1268 697 1294 non
734 1256 865 1308 esset,
908 1257 982 1294 aut
1021 1253 1133 1307 quod
1169 1253 1338 1294 foedere
1377 1252 1564 1294 civitatis

167 1319 212 1350 53
226 1312 455 1354 mutandae
486 1312 552 1352 ius
578 1311 868 1366 impediretur.
928 1312 1106 1353 Audebo
1133 1312 1263 1352 etiam
1287 1311 1370 1352 hoe
1396 1313 1565 1352 conten-

228 1371 337 1424 dere,
367 1384 603 1424 numquam
629 1384 721 1411 esse
748 1370 1089 1424 condemnatum,
1115 1384 1241 1424 quem
1268 1371 1485 1411 constaret
1510 1369 1564 1409 ab
1585 1382 1619 1407 20

139 1429 214 1474 (53)
229 1430 488 1483 imperatore
513 1431 663 1470 nostro
693 1428 867 1470 civitate
893 1429 1109 1469 donatum.
1171 1427 1429 1483 Cognoscite
1453 1441 1566 1468 nunc

227 1487 377 1542 populi
421 1486 606 1528 Romani
652 1487 857 1528 iudicium
899 1487 1048 1528 multis
1092 1487 1219 1528 rebus
1261 1486 1567 1540 interpositum

230 1549 359 1599 atque
395 1545 441 1586 in
478 1545 674 1586 maximis
713 1546 853 1587 causis
891 1560 935 1586 re
973 1546 1068 1600 ipsa
1105 1548 1233 1599 atque
1264 1559 1345 1585 usu
1377 1558 1568 1598 compro-

228 1605 390 1645 batum.
453 1603 562 1646 Cum
593 1603 760 1645 Latinis
797 1604 993 1645 omnibus
1025 1603 1173 1645 foedus
1206 1617 1298 1644 esse
1329 1603 1464 1645 ictum
1497 1601 1566 1656 Sp.

229 1662 378 1706 Cassio
399 1662 606 1704 Postumo
628 1661 824 1704 Cominio
845 1662 1091 1704 consulibus
1113 1662 1208 1716 quis
1229 1662 1430 1717 ignorat?
1454 1660 1568 1716 quod
1587 1673 1620 1699 25

231 1722 402 1776 quidem
444 1735 580 1775 nuper
621 1721 667 1762 in
710 1721 907 1763 columna
951 1720 1112 1762 ahenea
1154 1720 1425 1761 meminimus
1468 1721 1569 1774 post

230 1783 373 1821 rostra
397 1780 580 1821 incisum
607 1782 650 1820 et
674 1780 962 1834 perscriptum
986 1779 1130 1821 fuisse.
1170 1779 1262 1828 Quo
1288 1778 1414 1819 modo
1435 1778 1569 1833 igitur

231 1838 278 1880 L.
299 1838 520 1881 Cossinius
540 1839 707 1892 Tiburs,
726 1841 850 1893 pater
868 1838 994 1879 huius
1018 1838 1175 1892 equitis
1195 1837 1390 1890 Romani,
1417 1836 1569 1890 optimi

233 1900 361 1952 atque
388 1896 654 1938 ornatissimi
673 1897 765 1951 viri,
792 1897 992 1938 damnato
1012 1897 1058 1938 T.
1086 1896 1242 1948 Caelio,
1269 1910 1352 1949 quo
1373 1895 1498 1936 modo
1519 1909 1570 1936 ex

233 1956 380 1997 eadem
406 1956 579 1997 civitate
609 1955 654 1996 T.
687 1954 916 2010 Coponius,
948 1955 1052 1997 civis
1084 1955 1189 1996 item
1220 1968 1385 1996 summa
1410 1953 1570 1994 virtute
1588 1965 1623 1991 ³0

234 2017 277 2055 et
297 2014 520 2068 dignitate,
545 2012 740 2068 (nepotes
760 2014 806 2055 T.
827 2016 870 2055 et
890 2013 934 2056 C.
956 2013 1171 2068 Coponios
1190 2010 1346 2067 nostis)
1368 2012 1569 2052 damnato

176 2062 219 2093 54
236 2072 279 2115 C.
311 2072 488 2114 Masone
527 2072 630 2114 civis
663 2071 883 2114 Romanus
922 2075 988 2114 est
1017 2071 1188 2113 factus?
1242 2070 1313 2112 An
1349 2070 1498 2124 lingua
1527 2071 1572 2111 et

234 2131 406 2185 ingenio
444 2131 639 2185 patefieri
677 2131 817 2172 aditus
850 2130 903 2172 ad
934 2130 1153 2172 civitatem
1182 2128 1337 2183 potuit,
1368 2142 1497 2168 manu
1529 2130 1572 2168 et

234 2189 393 2229 virtute
436 2204 524 2230 non
565 2189 738 2244 potuit?
783 2190 928 2241 an[ne]
974 2189 1024 2230 de
1066 2188 1190 2230 nobis
1227 2186 1397 2227 trahere
1434 2185 1573 2240 spolia

234 2247 466 2289 foederatis
496 2247 671 2301 licebat,
710 2247 760 2288 de
789 2247 990 2289 hostibus
1021 2261 1109 2288 non
1137 2245 1324 2287 licebat?
1357 2258 1427 2298 an,
1460 2244 1573 2298 quod
1591 2255 1624 2281 35

238 2304 416 2358 adipisci
440 2308 643 2359 poterant
668 2305 857 2360 dicendo,
881 2305 925 2346 id
950 2305 1010 2347 eis
1036 2303 1264 2360 pugnando
1291 2302 1467 2357 adsequi
1488 2317 1576 2344 non

151 587 208 629 23

164 647 208 679 52
