1671 2543
214 82 302 124 250
587 77 682 113 PRO
708 78 757 112 M.
784 76 970 113 SCAURO
997 75 1185 112 ORATIO.

157 198 199 230 15
214 190 342 232 iudex
385 188 478 243 ipse
521 201 598 241 per
636 201 693 228 se.
759 184 910 240 Neque
948 200 1067 240 vero,
1109 185 1290 240 iudices,
1333 185 1563 240 quicquam

215 248 331 290 aliud
371 247 416 289 in
453 247 605 301 ignoto
642 247 752 286 teste
789 244 929 286 facere
967 245 1188 299 debemus,
1230 244 1316 286 nisi
1352 247 1403 285 ut
1439 258 1562 299 argu-

215 309 373 360 mento,
400 305 658 358 coniectura,
685 303 927 358 suspicione
953 318 1095 344 rerum
1121 303 1314 358 ipsarum
1336 302 1423 344 vim
1441 306 1563 344 natu-

214 379 392 420 ramque
437 364 705 418 quaeramus.
773 362 947 403 Etenim
990 362 1116 403 testis
1158 377 1246 404 non
1289 361 1415 403 modo
1456 360 1562 403 Afer

215 427 290 466 aut
326 423 485 465 Sardus
519 436 639 476 sane,
677 421 713 463 si
745 421 808 462 ita
839 435 883 463 se
914 421 990 462 isti
1021 421 1189 462 malunt
1218 420 1451 474 nominari,
1488 420 1562 462 sed

216 483 355 538 quivis
388 482 521 524 etiam
547 479 787 536 elegantior
814 494 862 521 ae
886 479 1133 534 religiosior
1156 479 1317 534 inpelli,
1343 479 1562 534 deterreri,

214 542 338 597 fingi,
376 540 493 582 flecti
524 542 690 594 potest3
727 539 925 580 dominus
957 542 1024 579 est
1055 539 1147 593 ipse
1178 538 1415 580 voluntatis
1449 552 1562 592 suae,

159 602 260 642 lssin
302 615 384 655 quo
419 601 484 640 est
516 598 714 653 inpunita
739 597 974 639 mentiendi
998 597 1185 639 licentia.
1241 597 1561 653 Argumentum

213 674 326 712 vero,
354 658 468 713 quod
494 658 667 712 quidem
692 659 758 698 est
782 656 1005 711 proprium
1032 656 1095 697 rei
1116 655 1271 711 (neque
1291 656 1405 697 enim
1424 655 1561 697 ullum

214 718 331 760 aliud
363 718 667 772 argumentum
697 730 795 756 vere
827 715 972 756 vocari
997 714 1173 771 potest),
1205 730 1348 756 rerum
1373 729 1455 756 vox
1481 717 1560 767 est,

212 780 393 820 naturae
425 775 672 830 vestigium,
703 773 900 816 veritatis
926 776 1048 828 nota,
1080 774 1122 815 id
1149 774 1457 829 qualecumque
1483 776 1562 828 est,

214 837 388 877 maneat
419 834 675 875 inmutabile
707 847 882 875 necesse
916 835 1000 887 est,
1030 847 1118 874 non
1150 833 1264 874 enim
1296 832 1475 889 fingitur
1506 831 1559 873 ab

215 896 398 947 oratore,
425 893 498 934 sed
525 892 721 934 sumitur.
767 891 920 946 Quare,
944 892 991 933 in
1016 906 1065 933 eo
1091 905 1247 947 genere
1274 891 1560 933 accusationis

214 954 251 994 si
282 953 492 1006 vincerer,
532 951 856 993 succumberem
893 953 937 992 et
975 950 1186 1005 cederem3
1222 950 1415 992 vincerer
1446 949 1561 991 enim

157 1026 198 1056 17
215 1027 272 1066 re,
304 1011 498 1053 vincerer
531 1024 670 1064 causa,
702 1010 896 1051 vincerer
926 1009 1120 1051 veritate.
1173 1010 1342 1065 Agmen
1373 1012 1422 1050 tu
1453 1008 1561 1050 mihi

214 1070 391 1112 inducas
427 1068 661 1110 Sardorum
698 1071 741 1110 et
780 1071 974 1110 catervas
1013 1071 1056 1109 et
1091 1083 1158 1110 me
1188 1083 1277 1109 non
1308 1067 1561 1109 criminibus

212 1142 386 1184 urgere,
431 1128 505 1169 sed
548 1127 756 1169 Afrorum
798 1126 975 1168 fremitu
1013 1129 1172 1168 terrere
1211 1127 1392 1168 conere‘?
1460 1125 1562 1168 Non

212 1191 366 1242 potero
412 1186 610 1240 equidem
655 1186 893 1240 disputare,
937 1185 1010 1227 sed
1055 1186 1106 1227 ad
1146 1186 1302 1227 horum
1345 1185 1474 1227 fidem
1517 1187 1561 1226 et

213 1245 587 1287 mansuetudinem
626 1245 873 1299 confugere,
911 1244 963 1285 ad
1000 1245 1066 1285 ius
1103 1244 1329 1285 iurandum
1367 1245 1560 1295 iudicum,

212 1306 269 1346 acl
303 1303 453 1358 populi
485 1303 671 1344 Romani
711 1302 991 1356 aequitatem,
1030 1302 1103 1356 qui
1133 1303 1243 1344 hanc
1275 1302 1485 1343 familiam
1515 1302 1561 1343 in

212 1363 294 1404 hac
325 1363 431 1403 urbe
462 1361 702 1416 principem
733 1361 872 1402 voluit
903 1375 1007 1414 esse,
1039 1361 1215 1402 deorum
1247 1361 1561 1403 immortalium

212 1435 373 1462 numen
408 1420 625 1474 inplorare
662 1422 832 1473 potero,
875 1420 948 1473 qui
985 1433 1154 1474 semper
1192 1420 1429 1461 extiterunt
1460 1419 1560 1461 huic

214 1479 361 1521 O'eneri
391 1478 640 1532 nominique
672 1477 875 1520 fautores.

171 1514 240 1555 90

156 1574 199 1605 18
303 1537 543 1591 ePoposcit,
583 1537 830 1591 imperavit,
875 1537 1051 1591 eripuit,
1096 1536 1267 1592 coegit?
1344 1536 1390 1579 Si
1434 1536 1561 1578 docet

213 1596 393 1650 tabulis,
432 1595 635 1650 quoniam
672 1595 805 1636 habet
844 1596 997 1636 seriem
1037 1597 1252 1650 quandam
1289 1599 1333 1637 et
1368 1595 1561 1637 ordinein

214 1654 427 1697 contracti
464 1654 630 1709 negotii
665 1654 876 1696 confectio
909 1654 1003 1708 ipsa
1035 1655 1303 1709 tabularum,
1341 1654 1562 1696 attendam

214 1713 372 1755 acriter
393 1716 447 1767 et,
474 1713 576 1767 quid
596 1713 641 1753 in
660 1712 922 1754 defendendo
944 1713 1051 1754 mihi
1073 1713 1285 1769 agendum
1306 1713 1375 1767 sit,
1395 1713 1572 1766 videbo.-

215 1771 261 1814 Si
313 1771 495 1827 denique
539 1771 676 1813 nitere
720 1772 906 1813 testibus
949 1787 1037 1813 non
1074 1772 1168 1826 dico
1206 1772 1332 1813 bonis
1369 1771 1473 1813 viris
1511 1785 1561 1812 ae

213 1830 423 1885 probatis,
457 1830 552 1872 noti
585 1830 672 1871 sint
703 1830 842 1884 modo,
875 1845 1003 1885 quem
1035 1831 1087 1871 ad
1119 1831 1293 1872 modum
1325 1830 1432 1871 mihi
1463 1844 1560 1872 cum

1581 732 1616 756 10

1581 1024 1615 1050 15

1581 1320 1615 1344 20

1580 1612 1614 1638 25

159 1903 199 1933 19
216 1903 386 1943 quoque
413 1889 470 1930 sit
498 1889 824 1944 confligendum,
851 1889 1141 1931 considerabo.
1194 1888 1270 1930 Sin
1294 1903 1404 1930 unus
1430 1889 1560 1942 color,
1577 1904 1613 1930 so

213 1962 299 1988 una
329 1962 429 2001 vox,
466 1962 552 1988 una
582 1948 700 1989 natio
734 1951 800 1988 est
833 1948 1025 1989 omnium
1057 1948 1253 2002 testium,
1291 1948 1345 2001 si,
1384 1946 1497 2001 quod
1527 1946 1559 1986 ii

213 2006 373 2059 dicunt,
403 2020 492 2047 non
517 2006 644 2047 modo
670 2006 800 2047 nullis
828 2006 1106 2061 argumentis,
1138 2006 1211 2048 sed
1236 2021 1289 2047 ne
1315 2006 1557 2047 litterarum

214 2064 386 2118 quidem
419 2064 564 2118 aliquo
597 2078 751 2120 genere
784 2067 859 2106 aut
886 2065 1155 2119 publicarum
1182 2067 1257 2106 aut
1280 2064 1558 2119 privatarum,

214 2122 328 2176 quod
364 2125 510 2164 tamen
540 2122 683 2177 ipsum
714 2123 821 2178 fingi
852 2126 1016 2178 potest,
1054 2124 1307 2165 confirmare
1338 2122 1557 2174 conantur,

214 2194 297 2233 quo
336 2195 403 2222 me
438 2183 623 2235 vertam,
659 2181 838 2236 iudices,
877 2184 952 2222 aut
984 2182 1086 2236 quid
1118 2181 1274 2236 agam?
1334 2178 1443 2220 Cum
1475 2179 1557 2220 sin-
1576 2195 1611 2222 35

213 2238 326 2291 gulis
371 2239 617 2293 disputem?
662 2239 793 2294 quid?
866 2239 968 2281 Non
1010 2239 1220 2291 habuisti,
1270 2237 1383 2291 quod
1422 2237 1556 2279 dares.

211 2295 428 2338 Habuisse
455 2312 499 2338 se
526 2298 649 2339 dicet.
701 2297 806 2346 Quis
838 2298 881 2339 id
906 2298 1025 2352 sciet,
1052 2298 1147 2352 quis
1172 2295 1408 2337 iudicabit?
1457 2295 1499 2338 N
1503 2311 1560 2338 on
