1671 2543
545 61 644 96 CAP.
674 65 811 97 18-20
837 66 855 104 g
882 66 1032 97 45—50.
1376 64 1461 105 221

120 173 166 214 in
210 186 293 226 qua
337 170 580 212 desinamus
619 169 866 225 aliquando,
910 171 947 212 si
984 171 1170 226 videtur,
1212 171 1381 226 vulgari
1420 175 1464 213 et

119 232 356 286 pervagata
393 229 703 271 declamatione
741 229 1008 271 contendere.
1072 228 1143 272 Sic
1175 230 1289 271 enim
1320 233 1462 272 tecum

121 303 214 345 ago.
273 288 411 338 Quam
441 287 524 329 tibi
549 287 822 330 commodum
851 291 929 343 est,
960 288 1123 330 tribum
1148 303 1279 330 unam
1305 289 1521 344 delige348

121 351 170 389 tu
207 347 327 403 doce,
365 347 409 388 id
447 345 560 402 quod
597 346 742 400 debeS,
779 361 856 401 per
894 361 1021 401 quem
1058 350 1339 403 sequestrem,
1379 362 1463 402 quo

85 425 101 450 5
121 407 306 448 divisore
344 408 548 460 corrupta
579 405 654 459 811·,;
692 419 790 461 ego,
828 406 865 446 si
895 406 939 447 id
969 405 1108 448 facere
1139 421 1227 448 non
1256 407 1463 461 potueris,

122 465 251 520 quod,
295 466 344 506 ut
382 464 527 518 opinio
565 478 661 505 mea
697 463 800 517 fert,
842 479 895 506 ne
933 464 1113 520 incipies
1152 465 1342 520 quidem,
1386 480 1464 520 per

121 538 248 579 quem
290 523 459 577 tulerit,
502 522 676 564 docebo.
742 522 879 564 Estne
922 523 1028 566 haec
1070 538 1172 565 vera
1211 524 1463 566 contentio?

118 582 315 636 placetne
348 581 409 623 sic
441 581 541 637 agi?
572 595 677 622 num
707 595 885 636 possum
915 583 1054 638 magis
1081 582 1233 637 pedem
1258 582 1463 636 conferre,

119 643 169 683 ut
211 641 350 694 aiunt,
394 643 469 681 aut
511 640 690 695 propius
735 641 962 682 accedere?
1032 641 1144 690 Quid
1182 644 1316 696 taces,
1361 641 1463 695 quid

70 718 100 743 ιο
120 699 384 754 dissimulas,
429 699 530 753 quid
574 699 903 754 tergiversaris?
970 699 1119 741 Etiam
1162 702 1292 754 atque
1330 701 1463 741 etiam

118 759 234 800 insto
267 761 396 812 atque
427 772 580 813 urgeo,
611 757 817 812 insector,
848 772 979 812 posco
1012 761 1142 813 atque
1174 759 1279 800 adeo
1311 759 1462 814 flagito

120 817 292 858 crimen.
376 816 699 871 Quamcumque
754 792 934 871 tri'bum,
990 817 1184 883 inquam,
1240 817 1463 873 delegeris,

121 890 249 931 quam
274 875 425 916 tulerit
449 874 663 928 Plancius,
695 877 744 917 tu
771 851 1000 930 ostendito,
1027 876 1063 917 si
1088 876 1264 930 poteris,
1290 876 1462 930 vitium3

120 948 217 990 ego,
264 949 347 989 qua
388 933 555 975 ratione
598 933 765 988 tulerit,
809 934 982 976 docebo.
1050 933 1200 988 Neque
1239 934 1322 976 erit
1357 934 1463 976 haec

68 1011 100 1036 15
122 994 206 1034 alia
237 993 348 1034 ratio
381 991 557 1034 Plancio
590 1007 639 1034 ac
671 992 765 1047 tibi,
796 991 1055 1035 Laterensis
1117 992 1232 1035 Nam
1262 996 1322 1047 ut,
1356 1007 1462 1047 quas

120 1052 261 1094 tribus
293 1054 342 1093 tu
373 1051 533 1105 tulisti,
566 1051 603 1092 si
634 1051 722 1092 iam
754 1066 805 1093 ex
836 1055 879 1093 te
910 1052 1144 1107 requiram,
1176 1051 1330 1106 possis,
1363 1066 1463 1107 quo-

119 1125 215 1152 rum
252 1110 395 1151 studio
434 1110 604 1163 tuleris,
643 1110 872 1175 explicare,
912 1110 973 1152 sic
1012 1124 1092 1166 ego
1124 1110 1207 1152 1100
1239 1110 1463 1164 contendo,

119 1184 186 1210 me
218 1169 300 1210 tibi
330 1168 415 1234 ipsi
447 1169 708 1222 adversaiio,
741 1169 1044 1223 cuiuscumque
1076 1169 1217 1210 tribus
1249 1169 1463 1210 rationem

118 1228 385 1283 poposceris,
417 1227 695 1268 redditurum.
1479 1265 1489 1282 ί

69 1304 102 1328 20
210 1285 294 1328 Sed
332 1300 406 1328 cur
443 1286 505 1327 sic
543 1287 656 1341 ago?
720 1285 853 1335 Quasi
882 1301 971 1327 non
1002 1286 1190 1328 comitiis
1222 1287 1310 1328 iam
1342 1301 1462 1340 supe·
1477 1264 1535 1355 ἐξ)

119 1345 306 1387 rioribus
339 1345 398 1385 sit
427 1343 628 1386 Plancius
661 1344 912 1400 designatus
944 1345 1113 1400 aedilis,
1146 1359 1254 1400 quae
1286 1345 1463 1386 comitia

119 1404 306 1458 primum
341 1403 499 1444 habere
538 1403 680 1458 coepit
718 1403 867 1445 consul
899 1418 996 1445 cum
1028 1404 1227 1446 omnibus
1259 1404 1304 1445 in
1334 1404 1463 1445 rebus

121 1476 287 1504 summa
328 1462 604 1516 auctoritate,
648 1464 742 1503 tum
778 1462 931 1504 harum
968 1462 1159 1517 ipsarum
1195 1463 1341 1518 legum
1379 1477 1464 1504 am-

120 1520 238 1562 bitus
270 1523 438 1575 auctor,
468 1520 618 1562 deinde
648 1520 808 1562 habere
840 1521 982 1575 coepit
1008 1521 1152 1563 subito
1178 1524 1350 1575 praeter
1376 1521 1464 1575 opi-

68 1597 101 1622 25
120 1579 294 1620 nionem
332 1579 540 1633 omnium,
577 1582 644 1633 ut,
680 1593 733 1620 ne
773 1580 809 1621 si
842 1580 1078 1634 cogitasset
1109 1580 1280 1634 quidem
1312 1580 1464 1635 largiri

122 1637 348 1692 quispiam,
374 1637 547 1678 daretur
572 1637 761 1691 spatium
781 1638 1053 1692 conparandi.
1097 1637 1288 1680 Vocatae
1309 1638 1462 1692 tribus,

120 1697 259 1737 latum
280 1695 544 1750 suffragium,
569 1695 770 1737 diribitae
791 1697 968 1750 tabellae,
988 1696 1270 1738 renuntiatae.
1314 1696 1461 1751 Longe

121 1755 356 1809 plurimum
392 1754 529 1794 valuit
566 1753 787 1809 Plancius,
823 1755 943 1796 nulla
979 1754 1226 1810 largitionis
1263 1769 1341 1796 nec
1378 1754 1463 1795 fuit

121 1827 199 1855 nec
232 1827 324 1854 esse
355 1812 500 1866 potuit
533 1813 732 1866 suspicio.
792 1813 880 1854 Ain
911 1813 1114 1854 tandem?
1151 1827 1238 1854 una
1269 1813 1464 1854 centuria

69 1890 102 1914 30
121 1872 424 1936 praerogativa
454 1873 625 1912 tantum
654 1870 788 1912 habet
820 1871 1104 1925 auctoritatis,
1135 1874 1184 1912 ut
1214 1885 1340 1913 nemo
1373 1886 1462 1913 um-

123 1945 251 1996 quam
288 1930 406 1984 prior
444 1944 537 1970 eam
569 1929 735 1983 tulerit,
774 1930 878 1983 quin
908 1930 1180 1971 ienuntiatus
1213 1929 1271 1971 sit
1303 1932 1378 1971 aut
1408 1930 1461 1971 iis

120 1989 227 2043 ipsis
284 1988 471 2030 comitiis
528 1988 675 2029 consul
732 1991 806 2028 aut
856 1991 970 2029 certe
1020 1989 1065 2029 in
1113 1988 1237 2029 illum
1287 2002 1462 2042 annum,

123 2047 303 2089 aedilem
334 2050 382 2088 tu
408 2046 632 2088 Plancium
662 2045 826 2088 factum
858 2061 949 2088 esse
981 2047 1164 2101 mur-aiis,
1195 2046 1241 2087 in
1267 2061 1349 2101 quo
1375 2062 1462 2088 non

125 2106 280 2161 exigua
309 2119 410 2160 pars
441 2105 603 2170 populi,
636 2105 708 2146 sed
734 2105 957 2146 universus
982 2105 1167 2171 populus
1193 2105 1462 2147 voluntatem

71 2180 104 2206 35
124 2178 245 2205 suam
271 2164 510 2217 declararit,
537 2163 656 2205 cuius
682 2163 728 2204 in
751 2163 912 2205 honore
938 2179 1025 2205 non
1044 2164 1169 2205 unius
1189 2163 1330 2205 tribus
1349 2179 1462 2219 pars,

124 2222 198 2264 sed
229 2223 405 2264 comitia
436 2225 531 2264 tota
564 2222 750 2263 comitiis
782 2221 943 2263 fuerint
974 2222 1304 2278 praerogativa?
1367 2222 1461 2272 Quo
1476 2238 1520 2268 50

125 2281 297 2334 quidem
338 2283 551 2336 tempore,
594 2280 858 2335 Laterensis,
903 2281 939 2322 si
982 2281 1025 2322 id
1062 2281 1201 2323 facere
1238 2280 1461 2330 voluisses,
