1671 2543
555 52 658 89 CAP.
686 57 824 90 35—37
852 59 871 98 g
897 58 1048 91 86—91.
1384 58 1466 99 197

117 162 282 203 tribuni
320 162 528 203 militares
563 177 651 204 non
682 163 861 217 recepti,
898 162 955 204 M.
987 163 1193 219 Baebius,
1231 164 1297 206 vir
1328 164 1466 220 fortis,

116 221 371 262 interfectus
405 221 520 262 iussu
554 221 661 262 tuo?
704 220 833 276 Quid,
866 223 979 276 quod
1004 225 1052 264 tu
1077 223 1239 264 totiens
1264 223 1464 265 diffidens
1480 233 1523 265 89

117 294 167 321 ac
204 280 432 334 desperans
470 280 598 321 rebus
635 280 723 321 tuis
764 280 809 321 111
841 281 1058 335 sordibus,
1095 282 1298 324 lamentis
1330 283 1466 324 luctu-

118 353 199 393 que
230 339 413 392 iacuisti,
446 339 559 392 quod
589 339 789 392 populari
821 339 886 380 illi
918 341 1132 382 sacerdoti
1163 343 1383 382 sescentos
1412 342 1465 382 ad

82 411 97 436 5
120 398 281 439 bestias
296 398 436 439 socios
452 398 842 452 stipendiariosque
857 398 1029 453 misisti,
1045 400 1170 454 quod,
1188 414 1286 441 cum
1301 403 1465 441 susten-

116 459 209 498 tare
253 457 323 498 vix
365 470 514 510 posses
560 471 800 498 maerorem
843 459 966 499 tuum
1009 459 1287 513 doloremque
1325 459 1464 500 deces-

117 515 268 569 sionis,
308 514 653 556 Samothraciam
692 518 734 556 te
767 516 973 570 primum,
1009 519 1111 571 post
1142 517 1239 558 inde
1271 517 1463 558 Thasum

116 589 213 621 cum
245 574 332 614 tuis
365 574 524 615 teneris
557 574 840 616 saltatoribus
868 579 911 615 et
938 590 1035 616 cum
1060 576 1297 630 Autobulo,
1329 576 1463 617 Atha-

115 635 273 686 mante,
301 634 379 685 [et]
402 633 604 687 Timocle,
624 632 827 674 formosis
848 633 1070 689 fratribus,
1092 635 1328 689 contulisti,
1349 636 1463 689 quod

62 705 96 730 10
114 692 212 733 inde
251 695 293 732 te
332 691 543 746 recipiens
581 692 626 733 in
662 692 766 733 villa
796 692 1061 747 Euchadiae,
1100 708 1209 748 quae
1240 694 1324 735 fuit
1355 709 1463 736 uxor

113 750 328 803 Execesti,
353 751 526 792 iacuisti
553 765 747 792 maerens
772 751 939 806 aliquot
959 752 1049 792 dies
1071 755 1200 807 atque
1220 753 1318 794 inde
1340 753 1463 795 obso-

114 810 226 850 letus
276 809 629 851 Thessalonicam
674 810 872 851 omnibus
917 811 1201 852 inscientibus
1244 814 1461 866 noctuque

114 868 290 922 venisti,
332 869 464 923 quod,
502 882 599 909 cum
637 883 891 909 concursum
922 869 1188 923 plorantium
1221 885 1270 911 ac
1301 874 1462 924 tempe-

115 930 274 968 statem
308 927 596 981 querellarum
628 926 738 968 ferre
770 942 858 968 non
887 941 1051 982 posses,
1083 929 1129 969 in
1161 929 1368 984 oppidum
1397 929 1462 970 de-

61 999 94 1024 15
115 986 233 1027 vium
258 985 468 1027 Beroeam
493 986 757 1041 profugisti'?
789 1000 872 1040 quo
898 987 944 1028 in
970 987 1127 1041 oppido
1155 1002 1252 1028 cum
1278 988 1360 1028 tibi
1387 1002 1461 1042 spe

114 1045 242 1098 falsa,
281 1045 395 1098 quod
434 1044 481 1093 Q.
514 1045 780 1086 Ancharium
810 1059 898 1086 non
930 1060 1022 1086 esse
1057 1061 1357 1087 successurum
1388 1061 1461 1100 pu-

115 1107 247 1157 tares,
283 1104 448 1144 animos
481 1118 629 1144 rumor
659 1104 871 1158 inflasset,
903 1118 987 1158 quo
1020 1107 1063 1145 te
1096 1105 1223 1146 modo
1257 1106 1310 1146 ad
1340 1107 1460 1146 tuam

113 1162 509 1216 intemperantiam,
557 1162 780 1216 scelerate,
824 1162 1058 1203 innovasti!
1132 1163 1264 1205 Mitto
1308 1178 1461 1204 aurum
1475 1150 1528 1191 37

114 1221 399 1274 coronarium,
432 1221 545 1274 quod
577 1223 620 1262 te
653 1221 894 1262 diutissime
920 1221 1062 1274 torsit,
1095 1237 1193 1263 cum
1224 1222 1351 1264 modo
1378 1211 1520 1264 vel-9O

60 1294 94 1318 20
113 1280 195 1334 les,
239 1280 365 1321 modo
409 1279 560 1320 nolles.
621 1278 711 1320 Lex
755 1280 868 1320 enim
912 1281 1060 1335 generi
1104 1281 1169 1321 tui
1210 1284 1253 1322 et
1290 1281 1460 1322 decerni

113 1342 158 1380 et
203 1339 281 1391 [te]
329 1338 518 1392 accipere
562 1339 738 1379 vetabat
780 1338 866 1379 nisi
904 1339 1074 1380 decreto
1114 1340 1347 1393 triumpho.
1409 1340 1461 1380 In

114 1411 198 1451 quo
239 1393 548 1451 tu'acceptam
585 1397 672 1437 iam
711 1399 754 1438 et
792 1398 1041 1438 devoratam
1077 1398 1304 1452 pecuniam
1336 1401 1385 1440 ut
1415 1399 1460 1439 in

112 1455 386 1497 Achaeorum
419 1459 590 1497 centum
622 1456 798 1496 talentis
831 1471 1026 1497 evomere
1057 1471 1141 1498 non
1172 1460 1359 1511 poteras,
1390 1472 1460 1499 vo-

115 1514 268 1555 cabula
299 1517 470 1555 tantum
500 1515 780 1568 pecuniarum
813 1518 856 1556 et
882 1529 1040 1570 genera
1065 1516 1277 1557 mutabas.
1327 1515 1459 1557 Mitto

60 1587 94 1611 25
116 1572 354 1626 diplomata
385 1575 478 1614 tota
508 1573 555 1613 in
581 1573 804 1626 provincia
828 1574 991 1628 passim
1018 1574 1130 1628 data,
1162 1575 1289 1616 mitto
1315 1589 1459 1615 nume-

113 1646 210 1672 rum
257 1631 433 1672 navium
483 1645 778 1685 summamque
821 1633 1023 1686 praedae,
1073 1633 1202 1674 mitto
1246 1633 1459 1674 rationem

114 1689 254 1731 exacti
279 1689 564 1743 imperatique
590 1689 808 1743 frumenti,
836 1691 964 1731 mitto
992 1694 1184 1745 ereptam
1210 1691 1459 1732 libertatem

112 1747 286 1803 populis
325 1762 374 1788 ac
413 1747 614 1803 singulis,
656 1748 729 1802 qui
761 1752 884 1789 erant
916 1748 1058 1789 affecti
1090 1750 1293 1803 praemiis
1323 1750 1459 1790 nomi-

112 1807 270 1859 natim,
309 1820 492 1860 quorum
522 1806 630 1847 nihil
663 1809 745 1859 est,
784 1807 897 1860 quod
927 1822 1016 1848 non
1048 1807 1106 1848 sit
1137 1808 1231 1863 lege
1263 1807 1376 1849 Iulia
1404 1822 1458 1849 ne

60 1878 95 1903 30
113 1865 208 1906 fieri
239 1865 367 1906 liceat
399 1867 595 1906 sanctum
620 1865 862 1919 diligenter.
910 1865 1142 1919 Aetoliam,
1174 1881 1282 1920 quae
1307 1867 1513 1921 procul91

115 1939 141 1965 a
164 1923 361 1964 barbaris
389 1923 603 1964 disiuncta
630 1925 728 1975 [est]
758 1923 960 1978 gentibus
987 1924 1032 1964 in
1060 1924 1154 1965 sinu
1179 1925 1294 1978 pacis
1315 1925 1459 1979 posita

116 1982 256 2024 medio
293 1981 382 2023 fere
422 1981 626 2023 Graeciae
665 1982 830 2036 gremio
869 1983 1132 2037 continetur,
1171 1997 1195 2024 0
1233 1983 1378 2024 Poena
1415 1987 1459 2025 et

113 2040 247 2082 Furia
285 2041 516 2082 sociorum!
559 2041 765 2081 decedens
803 2040 1005 2082 miseram
1043 2041 1280 2096 perdidisti.
1340 2042 1459 2083 Arsi—

112 2103 242 2153 noen,
281 2098 494 2153 Stratum,
532 2098 826 2153 Naupactum,
862 2102 912 2140 ut
949 2100 1076 2142 modo
1114 2102 1208 2142 tute
1244 2101 1459 2151 indicasti,

61 2169 95 2194 35
113 2158 281 2200 nobiles
319 2159 447 2199 urbes
487 2160 628 2211 atquev
653 2158 821 2212 plenas,
858 2157 1009 2199 fateris
1047 2159 1100 2199 ab
1132 2159 1333 2201 hostibus
1366 2174 1459 2201 esse

116 2219 276 2271 captas.
327 2216 493 2266 Quibus
526 2220 671 2257 autem
701 2216 931 2258 hostibus?
975 2216 1141 2272 Nempe
1172 2218 1239 2272 iis,
1271 2233 1378 2273 quos
1409 2221 1459 2259 tu

114 2274 373 2316 Ambraciae
399 2275 550 2317 sedens
575 2275 715 2330 primo
742 2277 818 2316 tuo
843 2275 1027 2317 adventu
1047 2290 1098 2317 ex
1119 2276 1286 2331 oppidis
1306 2277 1459 2333 Agria-
