1671 2543
201 86 288 128 286
497 85 590 121 PRO
616 85 655 120 T.
682 84 839 120 ANNIO
865 84 1050 120 MILONE
1077 85 1265 122 ORATIO.

203 194 445 249 contiones,
489 194 644 248 quibus
687 193 844 235 cotidie
882 208 1022 235 meam
1060 194 1302 248 potentiam
1338 194 1548 237 invidiose

203 253 526 307 criminabatur,
559 267 656 294 cum
681 251 842 294 diceret
867 255 1064 294 senatum
1089 267 1187 307 non,
1218 253 1331 307 quod
1357 253 1538 295 sentiret

204 312 296 367 sed,
340 311 453 367 quod
497 324 576 366 ego
620 310 794 366 vellem,
837 310 1072 353 decernere.
1143 310 1260 360 Quae
1302 311 1474 366 quidem
1511 313 1548 354 si

201 371 399 437 potentia
425 372 492 412 est
512 369 767 424 appellanda
784 370 930 424 potius
952 384 1081 424 quam
1101 373 1176 412 aut
1194 373 1372 425 propter
1391 384 1549 427 magna

201 430 248 471 in
290 443 381 470 rem
424 428 642 484 publicam
687 429 843 470 merita
885 429 1112 471 mediocris
1155 428 1200 470 in
1242 428 1367 471 bonis
1407 429 1546 472 causis

203 488 440 530 auctoritas
468 490 543 529 aut
568 489 746 542 propter
770 487 850 529 hos
878 487 1094 530 officiosos
1120 487 1290 529 labores
1316 502 1435 530 meos
1460 502 1549 530 non

201 547 322 588 nulla
365 547 477 601 apud
521 546 658 588 bonos
702 546 862 602 gratia,
905 546 1145 601 appelletur
1185 546 1248 588 ita
1285 560 1403 601 sane,
1446 546 1548 589 dum

203 606 330 647 modo
381 619 430 646 ea
477 619 556 647 nos
606 607 779 646 utamur
827 619 905 659 pro
956 605 1095 647 salute
1143 605 1352 647 bonorum
1397 608 1547 647 contra

147 667 188 698 13
204 664 437 706 amentiam
474 663 754 718 perditorum.
814 662 938 706 Hanc
975 677 1076 705 vero
1111 664 1426 719 quaestionem,
1464 665 1543 706 etsi

202 737 290 765 non
317 725 384 764 est
403 722 562 777 iniqua,
587 737 822 777 numquam
841 725 986 764 tamen
1006 725 1180 764 senatus
1201 722 1546 764 constituendam

202 782 385 836 putavit.
447 781 585 823 Erant
623 781 736 823 enim
767 781 901 837 leges,
939 784 1062 823 erant
1094 781 1365 836 quaestiones
1397 781 1464 823 vel
1496 781 1546 823 de

203 840 329 882 caede
374 840 442 882 vel
486 840 535 882 de
579 840 640 895 vi,
682 855 760 882 nec
805 843 975 881 tantum
1013 854 1251 882 maerorem
1288 854 1337 882 ac
1381 840 1546 882 luctum

204 899 372 940 senatui
416 913 531 941 mors
575 898 631 940 P:
668 898 792 941 Clodi
837 898 1058 953 afferebat,
1104 902 1153 940 ut
1194 913 1307 940 nova
1350 899 1545 954 quaestio

204 957 551 1000 constitueretur.
625 955 757 1000 Cuius
808 957 922 999 em'm
972 957 1021 999 de
1064 957 1140 999 illo
1185 957 1349 999 incesto
1394 960 1545 1012 stupro

1567 736 1601 761 10

202 1016 407 1058 iudicium
439 1016 690 1058 decernendi
723 1016 891 1058 senatui
922 1019 1117 1070 potestas
1150 1019 1264 1058 esset
1295 1019 1460 1071 erepta,
1493 1016 1543 1058 de
1565 1027 1598 1054 15

202 1075 293 1117 eius
338 1075 518 1117 interitu
562 1075 658 1129 quis
702 1078 849 1129 potest
893 1075 1061 1117 credere
1107 1078 1303 1117 senatum
1340 1074 1546 1117 iudicium

200 1149 361 1175 novum
393 1134 741 1176 constituendum
772 1133 978 1188 putasse?
1028 1132 1114 1176 Cur
1142 1133 1278 1189 igitur
1302 1133 1546 1175 incendium

203 1193 362 1246 curiae,
413 1192 780 1248 oppugnationem
830 1192 997 1233 aedium
1047 1191 1105 1233 M.
1154 1192 1324 1247 Lepidi,
1374 1191 1545 1234 caedem

203 1251 312 1292 hanc
345 1251 483 1304 ipsam
515 1253 664 1293 contra
696 1265 786 1292 rem
816 1251 1033 1305 publicam
1067 1253 1239 1292 senatus
1266 1250 1425 1292 factam
1451 1264 1543 1292 esse

203 1309 419 1351 decrevit?
483 1308 592 1358 Quia
626 1309 743 1350 nulla
775 1308 839 1350 vis
871 1323 1074 1363 umquam
1107 1312 1172 1350 est
1203 1309 1248 1350 in
1279 1309 1415 1350 libera
1446 1309 1543 1350 civi-
1563 1321 1598 1346 20

203 1370 295 1409 tate
341 1370 541 1422 suscepta
584 1368 698 1408 inter
739 1367 841 1408 civis
880 1381 967 1408 non
1006 1369 1155 1409 contra
1192 1381 1282 1408 rem
1313 1367 1542 1421 publicam.

147 1430 188 1462 14
202 1425 304 1467 Non
342 1426 455 1467 enim
496 1428 562 1467 est
599 1425 676 1466 illa
713 1424 903 1467 defensio
937 1428 1087 1467 contra
1118 1426 1205 1467 vim
1235 1440 1440 1480 umquam
1473 1440 1543 1480 op-

202 1484 343 1536 tanda,
376 1484 450 1526 sed
480 1499 567 1526 non
591 1498 826 1538 numquam
852 1486 918 1525 est
942 1484 1201 1539 necessaria3
1230 1484 1315 1526 nisi
1341 1498 1441 1526 vero
1468 1487 1544 1526 aut

201 1543 273 1584 ille
313 1542 421 1597 dies,
460 1557 543 1596 quo
575 1542 637 1584 Ti.
672 1541 890 1584 Gracchus
923 1545 988 1584 est
1020 1557 1185 1597 caesus,
1223 1545 1298 1584 aut
1329 1543 1420 1597 ille,
1458 1557 1541 1597 quo

203 1600 347 1655 Gaius,
367 1603 441 1642 aut
462 1615 545 1655 quo
566 1616 685 1642 arma
700 1600 921 1643 Saturnini
937 1602 1072 1656 [non],
1092 1601 1262 1643 etiamsi
1276 1616 1297 1642 e
1312 1615 1356 1643 re
1369 1601 1544 1656 publica
1562 1612 1596 1639 2⁵

202 1673 407 1714 oppressa
439 1663 556 1710 sunt,
592 1675 682 1702 rem
713 1660 930 1714 publicam
962 1663 1107 1701 tamen
1137 1675 1224 1702 non
1253 1660 1542 1701 vulnerarunt.

161 1717 354 1773 SItaque
387 1733 466 1774 ego
495 1719 585 1773 ipse
613 1719 791 1773 decrevi,
823 1733 919 1761 cum
945 1719 1117 1760 caedem
1145 1719 1187 1759 in
1215 1718 1358 1773 Appia
1382 1717 1542 1760 factam

202 1791 293 1819 esse
333 1780 568 1832 constaret,
605 1792 692 1819 non
732 1792 846 1831 eum,
885 1777 956 1831 qui
996 1791 1039 1818 se
1078 1776 1354 1831 defendisset,
1392 1779 1545 1819 contra

201 1851 293 1877 rem
329 1836 545 1890 publicam
583 1836 752 1890 fecisse,
790 1836 881 1889 sed,
919 1850 1015 1877 cum
1053 1835 1214 1877 inesset
1249 1835 1294 1876 in
1325 1849 1369 1876 re
1401 1835 1465 1876 vis
1498 1839 1542 1877 et

202 1895 393 1948 insidiae,
426 1895 587 1936 crimen
612 1894 768 1936 iudicio
795 1894 1019 1948 reservavi,
1050 1908 1141 1935 rem
1165 1893 1323 1935 notavi.
1375 1892 1540 1942 Quodsi
1561 1905 1595 1931 ³⁰

202 1967 277 2007 per
307 1952 518 1994 furiosum
549 1953 671 1994 illum
703 1953 925 1994 tribunum
956 1953 1136 2007 senatui,
1171 1952 1283 2006 quod
1315 1953 1541 2006 sentiebat,

201 2011 404 2065 perficere
436 2011 641 2066 licuisset,
671 2026 825 2053 novam
859 2011 1154 2065 quaestionem
1179 2010 1343 2052 nullam
1370 2011 1542 2052 habere«

203 2084 308 2111 mus.
370 2069 639 2112 Decernebat
673 2070 803 2123 enim,
842 2072 892 2110 ut
922 2069 1138 2111 veteribus
1171 2068 1339 2124 legibus
1371 2071 1541 2109 tantum

203 2128 328 2169 modo
374 2131 494 2169 extra
541 2129 731 2170 ordinem
779 2130 1065 2182 quaereretur.
1130 2126 1281 2168 Divisa
1325 2126 1539 2168 sententia

204 2189 269 2226 est
316 2187 564 2240 postulante
612 2187 756 2228 nescio
805 2200 908 2240 quo;
955 2186 1063 2227 nihil
1107 2185 1220 2226 enim
1257 2198 1428 2226 necesse
1472 2187 1591 2226 estas

204 2244 394 2285 omnium
432 2259 502 2286 me
541 2245 707 2300 flagitia
743 2244 945 2298 proferre.
1008 2242 1078 2285 Sic
1110 2242 1273 2296 reliqua
1305 2242 1541 2285 auctoritas

204 2304 376 2343 senatus
410 2306 555 2356 empta
586 2303 891 2344 intercessione
923 2301 1094 2343 sublata
1125 2302 1201 2341 est.
