1671 2543
207 75 292 118 528
375 76 426 110 IN
451 75 498 110 M.
526 74 785 111 ANTONIUM
811 73 989 109 ORATIO
1015 73 1286 110 PHILIPPICA
1310 74 1390 110 XII.

208 186 278 225 tus
315 184 500 239 populus
532 183 753 225 Romanus
790 197 877 224 non
915 182 1054 224 solum
1092 182 1272 237 audivit,
1310 181 1383 224 sed
1417 182 1548 224 etiam

207 242 357 284 didicit
393 243 501 284 nihil
541 256 632 283 esse
670 241 836 283 homini
873 240 1069 283 Romano
1108 241 1274 282 foedius
1313 241 1549 283 servitute?

151 310 192 341 16
207 301 426 343 Idcircone
460 315 565 356 saga
597 300 870 355 sumpsimus,
902 314 1021 341 arma
1049 300 1251 354 cepimus,
1281 299 1550 342 iuventutem

207 375 378 402 omnem
410 375 460 401 ex
492 362 587 401 tota
618 359 748 400 Italia
780 359 1064 412 excussimus,
1101 361 1150 400 ut
1181 358 1370 400 exercitu
1400 358 1550 400 floren—

206 419 375 461 tissimo
415 421 458 460 et
496 418 683 460 maximo
721 418 855 473 legati
894 418 947 459 ad
983 432 1133 472 pacem
1170 417 1475 459 mitterentur?
1513 417 1550 459 si
1586 427 1601 455 ε

207 478 511 532 accipiendam,
543 492 617 520 cur
647 492 735 519 non
766 477 998 532 rogamur?
1035 477 1070 518 si
1102 476 1417 531 postulandam,
1450 476 1552 530 quid

206 537 438 578 timemus?
499 536 552 577 In
588 536 669 578 hac
707 549 787 591 ego
826 535 1040 591 legatione
1077 535 1159 576 sim
1190 538 1266 576 aut
1297 535 1350 576 ad
1380 535 1424 576 id
1456 549 1552 577 con-

207 596 352 636 silium
390 595 645 649 admiscear,
681 594 727 636 in
765 609 848 649 quo
886 609 937 636 ne
976 594 1013 636 si
1050 594 1290 636 dissensero
1325 593 1495 648 quidem
1527 608 1552 635 a

207 654 379 708 ceteris,
418 654 605 696 sciturus
643 654 827 708 populus
858 652 1080 695 Romanus
1113 652 1200 694 sit?
1261 652 1332 694 Ita
1362 653 1455 707 fiet,
1490 655 1552 706 ut,

208 713 244 754 si
272 713 372 767 quid
398 713 627 755 remissum
653 715 728 754 aut
754 726 1004 754 concessum
1029 712 1099 766 sit,
1131 726 1226 753 meo
1253 725 1420 765 semper
1445 711 1552 766 peri·
1575 722 1607 747 ιο

208 772 303 813 01110
336 775 484 826 peccet
515 771 746 826 Antonius,
778 786 875 813 cum
906 771 945 812 ei
976 771 1179 825 peccandi
1210 773 1406 825 potestas
1435 785 1461 812 a.
1485 784 1553 812 me

208 845 412 872 concessa
442 830 650 872 videatur.

152 905 191 935 17
299 889 462 939 Quodsi
505 889 702 930 habenda
738 903 835 935 cum
872 888 930 929 M.
968 887 1134 930 Antoni
1170 887 1397 930 latrocinio
1434 887 1554 942 pacis

209 949 321 990 ratio
359 949 462 1003 fuit,
498 963 594 990 mea
631 950 778 989 tamen
814 962 999 1002 persona
1033 947 1086 988 ad
1116 947 1247 988 istam
1277 960 1427 1001 pacem
1458 960 1554 988 con—

209 1008 439 1049 ciliandam
464 1007 640 1049 minime
666 1006 749 1048 fuit
775 1006 1010 1062 deligenda.
1059 1005 1156 1061 Ego
1182 1019 1416 1060 numquam
1442 1005 1555 1061 lega·
1575 1014 1609 1041 15

209 1070 278 1108 tos
323 1067 559 1108 mittendos
604 1065 768 1120 censui,
812 1079 892 1121 ego
937 1068 1037 1106 ante
1080 1065 1267 1106 reditum
1309 1064 1551 1120 legatorum

210 1140 338 1167 ausus
372 1140 467 1167 sum
499 1125 652 1179 dicere,
683 1138 833 1179 pacem
864 1124 1003 1179 ipsam
1030 1124 1067 1165 si
1093 1123 1320 1178 adferrent,
1353 1123 1555 1177 quoniam

210 1185 289 1226 sub
326 1185 500 1226 nomine
537 1184 655 1238 pacis
694 1183 855 1229 bellum
892 1183 1065 1237 lateret,
1109 1182 1433 1237 repudiandam,
1475 1195 1554 1238 ego

209 1243 410 1297 princeps
437 1256 652 1298 sagorum,
685 1256 764 1297 ego
792 1256 960 1296 semper
984 1242 1109 1283 illum
1135 1241 1348 1296 appellavi
1371 1241 1554 1293 hostem,

211 1316 307 1343 cum
346 1301 420 1342 alii
459 1301 769 1355 adversarium,
808 1315 975 1355 semper
1011 1301 1094 1342 hoc
1130 1300 1309 1353 bellum,
1347 1313 1443 1340 cum
1481 1299 1555 1340 alii
1576 1310 1609 1335 20

210 1360 458 1401 tumultum.
531 1358 623 1401 Nec
671 1359 777 1401 haec
820 1360 865 1400 in
908 1362 1060 1400 senatu
1104 1358 1262 1412 solum,
1311 1357 1459 1399 eadem
1503 1357 1556 1399 ad

209 1419 418 1473 populum
457 1432 625 1472 semper
663 1418 749 1473 egi,
786 1416 923 1472 neque
962 1418 1101 1458 solum
1132 1417 1179 1457 in
1209 1417 1368 1471 ipsum,
1406 1416 1480 1457 sed
1511 1417 1558 1458 in

211 1478 302 1519 eius
347 1477 486 1518 socios
523 1477 765 1518 facinorum
809 1479 852 1517 et
889 1476 1111 1517 ministros
1157 1478 1201 1516 et
1237 1475 1476 1529 praesentis
1514 1477 1557 1516 et

212 1551 296 1590 eos,
324 1536 396 1590 qui
421 1550 508 1577 una
533 1538 644 1589 sunt,
670 1535 716 1576 in
741 1538 881 1576 totam
908 1534 1088 1589 denique
1114 1533 1171 1575 M.
1192 1533 1356 1575 Antoni
1382 1533 1557 1576 domum

155 1609 197 1640 18
213 1610 307 1636 sum
340 1609 508 1649 semper
539 1594 745 1636 invectus.
801 1593 966 1648 Itaque,
997 1596 1047 1635 ut
1078 1593 1240 1634 alacres
1273 1595 1316 1634 et
1346 1592 1451 1634 laeti
1482 1606 1557 1647 spe
1577 1598 1612 1630 2⁵

211 1654 329 1708 pacis
357 1654 505 1695 oblata
530 1653 644 1694 inter
667 1667 710 1694 se
730 1652 853 1707 impii
874 1653 999 1707 cives,
1025 1652 1149 1707 quasi
1168 1651 1385 1705 vicissent,
1411 1654 1556 1707 gratu-

211 1713 427 1766 labantur,
453 1712 514 1754 sic
537 1726 604 1753 me
624 1711 820 1766 iniquum
841 1711 1073 1764 eierabant,
1099 1711 1149 1752 de
1169 1725 1235 1752 me
1257 1710 1558 1765 querebantur,

213 1771 466 1813 diffidebant
498 1771 630 1812 etiam
657 1769 858 1825 Servilio3
890 1770 1175 1812 meminerant
1206 1769 1297 1810 eius
1330 1768 1557 1810 sententiis

213 1830 427 1872 confixum
450 1829 709 1884 Antonium,
734 1828 781 1870 L.
802 1828 1029 1871 Caesarem
1054 1828 1212 1870 fortem
1238 1827 1410 1882 quidem
1433 1827 1558 1869 illum

213 1891 256 1930 et
288 1891 560 1931 constantem
592 1891 847 1941 senatorem,
880 1887 1137 1929 avunculum
1162 1889 1318 1940 tamen,
1351 1885 1557 1929 Calenum
1576 1896 1611 1923 ³⁰

212 1950 554 2002 procuratorem,
592 1946 794 1988 Pisonem
826 1946 1102 2000 familiarem,
1139 1948 1182 1987 te
1213 1945 1374 2000 ipsum,
1405 1944 1558 1999 Pansa,

212 2006 641 2048 vehementissimum
664 2008 707 2047 et
732 2005 1019 2047 fortissimum
1044 2004 1264 2046 consulem
1289 2003 1452 2046 factum
1471 2003 1558 2045 iam

212 2068 370 2120 putant
401 2065 626 2118 leniorem,
656 2079 743 2106 non
775 2079 859 2118 quo
891 2065 955 2106 ita
987 2064 1044 2105 sit
1075 2066 1150 2105 aut
1181 2076 1274 2104 esse
1302 2062 1453 2117 possit,
1484 2061 1556 2103 sed

213 2124 375 2165 mentio
421 2138 447 2165 a
489 2126 532 2165 te
575 2123 693 2165 facta
734 2123 852 2178 pacis
897 2122 1184 2178 suspicionem
1221 2121 1370 2163 multis
1408 2120 1556 2162 attulit

213 2182 452 2224 inmutatae
493 2182 743 2224 voluntatis.
810 2181 931 2224 Inter
966 2182 1045 2223 has
1081 2194 1287 2236 personas
1325 2193 1391 2221 me
1428 2178 1610 2219 inter-³⁵

214 2240 373 2282 iectum
405 2241 531 2283 amici
558 2240 722 2282 Antoni
755 2241 935 2282 moleste
967 2240 1130 2294 ferunt3
1162 2238 1316 2293 quibus
1345 2236 1555 2292 gerendus

159 2287 199 2376 1}
215 2313 307 2340 mos
335 2303 413 2354 est,
445 2299 648 2354 quoniam
675 2299 805 2341 semel
832 2299 1032 2341 liberales
1058 2312 1151 2340 esse
1177 2296 1406 2351 coepimus.
1455 2294 1557 2338 Pro-
