1671 2543
161 80 248 122 408
351 80 400 115 IN
429 80 478 115 M.
505 79 766 115 ANTONIUM
793 79 972 115 ORATIO
998 79 1264 116 PHILIPPICA
1291 81 1334 116 11.

162 189 325 230 reditus
358 191 632 243 exaequatos,
665 203 848 243 quorum
875 203 1048 230 causam
1075 187 1234 231 Caesar
1259 189 1512 232 dissimilem

162 247 382 302 iudicarit3
409 248 558 289 deinde
583 248 743 302 nescio,
769 262 844 289 cur
868 262 955 289 non
981 248 1162 302 reliquis
1189 248 1300 290 idem
1326 249 1512 302 tribua83

161 321 298 361 neque
332 307 446 348 enim
479 307 575 361 plus
610 321 740 361 quam
769 310 856 348 tres
884 309 959 348 aut
984 309 1192 361 quattuor
1217 307 1373 362 reliqui
1398 311 1511 350 sunt.

162 364 246 414 Qui
287 365 421 407 simili
459 366 503 406 in
539 365 790 407 calamitate
829 368 947 421 sunt,
992 380 1066 408 cur
1105 369 1180 407 tua
1217 367 1512 409 misericordia

159 438 248 466 non
291 424 424 465 simili
462 423 680 479 fruuntur,
725 439 799 466 cur
836 439 908 466 eos
946 424 1080 466 habes
1118 425 1163 466 in
1199 425 1295 467 loco
1332 425 1507 480 patrui?
1544 437 1560 462 ⁵

161 483 212 524 de
251 497 335 537 quo
374 482 505 538 ferre,
543 498 640 525 cum
673 483 722 525 de
756 484 932 538 reliquis
964 483 1116 538 ferres,
1152 484 1352 539 noluisti3
1383 499 1510 540 quem

161 543 291 583 etiam
332 542 384 583 ad
422 556 647 584 censuram
684 543 913 597 petendam
949 543 1162 597 impulisti
1195 557 1373 598 eamque
1405 544 1511 598 peti-

160 601 324 642 tionem
352 603 626 656 comparasti,
654 616 761 655 quae
788 604 832 651 et
856 603 968 643 risus
989 601 1214 643 hominum
1234 605 1278 644 et
1298 603 1510 657 querellas

103 667 145 698 99
162 663 365 701 moveret.
442 659 531 702 Cur
575 664 720 702 autem
766 675 815 701 ea
858 660 1034 702 comitia
1071 674 1158 702 non
1194 661 1417 703 habuisti?
1455 676 1511 703 an

161 719 262 772 quia
298 719 500 761 tribunus
538 720 595 774 pl.
628 720 853 761 sinistrum
876 719 1048 763 ,fulmen
1078 719 1339 761 nuntiabat?
1400 718 1509 762 Cum
1531 732 1565 757 ιο

160 782 235 818 tua
274 778 377 832 quid
416 778 616 833 interest,
653 779 772 820 nulla
809 779 1001 833 auspicia
1039 782 1158 833 sunt,
1195 793 1292 820 cum
1323 782 1511 834 tuorum,

161 840 252 877 tum
297 837 348 878 fis
394 837 636 892 religiosus.
711 836 852 886 Quid?
896 837 1077 879 eundem
1114 838 1160 878 in
1198 838 1510 892 septemviratu

158 909 300 938 nonne
329 895 599 937 destituisti?
628 896 860 952 intervenit
885 897 1011 950 enim,
1043 896 1111 938 cui
1137 897 1345 951 metuisti,
1371 897 1510 950 credo,

158 969 210 995 ne
256 955 375 996 salvo
421 956 562 1010 capite
606 969 764 1011 negare
807 970 895 997 non
932 969 1093 1009 posses.
1162 954 1374 997 Omnibus
1412 970 1510 997 eum

158 1013 432 1055 contumeliis
472 1014 686 1068 onerasti,
723 1029 850 1068 quem
884 1015 1022 1069 patris
1054 1014 1168 1068 loco,
1200 1014 1237 1056 si
1269 1014 1358 1056 ulla
1389 1015 1433 1056 in
1464 1018 1507 1056 te
1528 1034 1562 1058 1³

157 1072 297 1126 pietas
343 1075 476 1127 esset,
527 1073 667 1114 colere
708 1073 905 1115 debebas.
979 1072 1137 1114 Filiam
1181 1073 1272 1115 eius
1317 1087 1510 1115 sororem

158 1135 279 1173 tuam
305 1132 471 1173 eiecisti
492 1132 577 1173 alia
598 1132 846 1174 condicione
867 1132 1066 1186 quaesita
1085 1135 1130 1173 et
1150 1135 1250 1174 ante
1270 1135 1508 1187 perspecta.

159 1189 259 1231 Non
278 1193 344 1232 est
365 1191 490 1245 satis3
509 1191 659 1245 probri
674 1191 938 1232 insimulasti
953 1191 1278 1245 pudicissimam
1292 1190 1508 1233 feminam.

159 1247 272 1297 Quid
304 1252 383 1303 est,
415 1250 529 1303 quod
562 1250 660 1291 addi
686 1249 856 1304 possit?
912 1248 1152 1292 Contentus
1180 1264 1229 1291 eo
1254 1264 1341 1291 non
1367 1249 1507 1303 fuisti,

156 1306 509 1361 frequentissimo
531 1311 683 1349 senatu
699 1308 904 1349 Kalendis
924 1307 1136 1349 Ianuariis
1158 1308 1330 1349 sedente
1351 1311 1504 1362 patruo
1528 1326 1560 1350 20

156 1365 268 1407 hanc
294 1366 375 1407 tibi
402 1380 494 1407 esse
521 1381 617 1408 cum
644 1366 873 1407 Dolabella
899 1381 1072 1407 causam
1099 1366 1185 1408 odii
1212 1366 1351 1407 dicere
1376 1380 1505 1408 ausus

158 1438 215 1476 es,
247 1424 360 1478 quod
393 1425 446 1465 ab
480 1439 529 1465 eo
563 1426 701 1466 sorori
734 1428 777 1466 et
808 1425 931 1466 uxori
958 1428 1057 1465 tuae
1085 1428 1284 1479 stuprum
1310 1425 1506 1466 oblatum

157 1497 249 1524 esse
289 1483 585 1537 comperisses.
649 1483 754 1532 Quis
794 1483 1068 1537 interpretari
1102 1487 1265 1538 potest,
1304 1483 1506 1538 inpuden-

156 1542 309 1595 tiorne,
336 1542 409 1596 qui
436 1543 479 1583 in
506 1545 670 1595 senatu,
697 1557 752 1583 an
779 1542 1019 1596 inprobior,
1051 1543 1123 1596 qui
1150 1543 1195 1583 in
1220 1541 1505 1592 Dolabellam,

157 1615 211 1642 an
244 1601 450 1655 inpurior,
483 1601 555 1655 qui
589 1604 743 1655 patruo
776 1601 987 1654 audiente,
1020 1615 1074 1642 an
1104 1601 1329 1654 crudelior,
1360 1601 1435 1656 qui
1460 1602 1505 1643 in
1524 1618 1557 1644 2⁵

85 1649 140 1691 39
156 1659 276 1700 illam
315 1660 518 1701 miseram
557 1663 647 1701 tam
680 1674 848 1714 spurce,
887 1663 976 1700 tam
1009 1660 1139 1714 impie
1171 1659 1359 1701 dixeris?
1421 1657 1505 1702 Sed

88 1709 214 1759 ¹⁰⁰ad
258 1718 547 1774 chirographa
587 1719 822 1760 redeamus.
892 1718 1010 1767 Quae
1048 1723 1124 1760 tua
1159 1717 1244 1759 fuit
1282 1718 1504 1774 cognitio?

156 1777 268 1818 Acta
300 1778 414 1819 enim
448 1776 644 1820 Caesaris
676 1778 793 1832 pacis
828 1792 956 1819 causa
985 1777 1240 1819 confirmata
1266 1781 1366 1818 sunt
1391 1791 1417 1818 a
1441 1791 1503 1819 se·

156 1839 280 1888 natu3
310 1851 418 1890 quae
446 1836 618 1890 quidem
645 1835 803 1879 Caesar
829 1836 1004 1892 egisset,
1027 1843 1119 1878 non·
1141 1850 1202 1887 ea,
1229 1849 1336 1889 quae
1362 1835 1502 1891 egisse

156 1894 384 1937 Caesarem
412 1895 593 1936 dixisset
618 1895 848 1936 Antonius.
899 1894 1021 1936 Unde
1040 1895 1127 1936 ista
1147 1898 1390 1948 erumpunt,
1417 1909 1500 1948 quo
1521 1911 1556 1937 30

156 1956 329 1995 auctore
367 1954 676 2008 proferuntur?
740 1952 785 1995 Si
825 1955 925 1995 sunt
961 1953 1089 2007 falsa,
1127 1967 1201 1995 cur
1232 1953 1501 2007 probantur?

156 2012 191 2053 si
225 2027 343 2066 vera,
381 2027 456 2054 cur
487 2012 701 2054 veneunt?
763 2012 824 2053 At
857 2012 916 2053 sic
947 2012 1183 2066 placuerat,
1213 2015 1263 2052 ut
1294 2010 1500 2053 Kalendis

156 2070 291 2112 Iuniis
336 2071 386 2112 de
425 2070 623 2113 Caesaris
667 2071 775 2112 actis
815 2085 911 2112 cum
951 2070 1130 2112 consilio
1169 2070 1499 2125 cognosceretis.
1558 2110 1560 2112 ,

156 2129 278 2177 Quod
313 2129 395 2171 fuit
427 2130 673 2183 consilium,
706 2143 832 2184 quem
863 2143 1069 2183 umquam
1100 2129 1360 2180 convocasti,
1392 2141 1498 2181 quas

155 2187 370 2230 Kalendas
409 2188 556 2230 Iunias
595 2187 864 2243 expectasti?
902 2202 955 2229 an
988 2202 1078 2241 eaS,
1115 2187 1167 2229 ad
1201 2200 1306 2241 quas
1339 2190 1381 2226 te
1407 2200 1497 2239 per·
1516 2203 1550 2229 ³5

156 2247 319 2300 agratis
340 2250 641 2288 veteranorum
669 2247 849 2288 coloniis
877 2246 1086 2300 stipatum
1106 2245 1238 2288 armis
1257 2244 1497 2285 rettulisti?

245 2304 280 2345 O
323 2306 589 2358 praeclaram
628 2305 748 2346 illam
786 2305 1156 2358 percursationem
1193 2307 1314 2344 tuam
1352 2317 1496 2344 mense
