1671 2543
210 106 296 148 460
381 106 433 141 IN
458 105 506 140 M.
534 104 792 140 ANTONlUM
818 103 996 139 ORATIO
1022 103 1289 138 PHILIPPICA
1316 103 1376 139 VI.

211 230 307 257 cum
337 214 420 256 hoc
453 214 692 269 gladiatore
726 211 1007 266 condicionis,
1041 212 1290 266 aequitatis,
1322 212 1552 268 legationis

176 287 303 317 4esse
338 271 654 315 communitas?
718 270 1000 325 Quamquam,
1033 270 1236 325 Quirites,
1266 285 1353 313 non
1384 273 1451 312 est
1478 271 1553 312 illa

209 332 390 387 legatio,
423 332 495 373 sed
528 330 796 372 denuntiatio
829 330 949 384 belli,
983 330 1067 370 nisi
1100 330 1309 384 paruerit3
1346 329 1410 371 ita
1440 329 1553 371 enim

211 395 276 433 est
309 391 539 443 decretum,
570 392 620 430 ut
649 389 685 430 si
711 389 845 443 legati
872 389 923 430 ad
950 387 1239 430 Hannibalem
1264 389 1552 430 mitterentur.

210 449 448 491 Mittuntur
480 448 610 498 enim,
643 448 716 501 qui
747 447 964 501 nuntient,
995 462 1048 488 ne
1081 450 1303 503 oppugnet
1334 447 1554 490 consulem
1589 457 1605 484 ⁵

210 509 503 563 designatum,
534 521 586 548 ne
619 505 835 547 Mutinam
868 506 1075 560 obsideat,
1106 521 1158 547 ne
1190 506 1456 560 provinciam
1487 506 1555 548 de-

209 567 452 621 populetur,
477 580 530 607 ne
557 565 739 607 dilectus
765 565 936 619 habeat,
969 565 1025 606 sit
1051 565 1095 606 in
1122 567 1295 606 senatus
1321 565 1554 620 populique

210 626 395 667 Romani
444 626 672 679 potestate.
746 623 891 666 Facile
941 639 1041 665 vero
1093 624 1193 665 huic
1239 623 1554 666 denuntiationi

209 684 398 739 parebit,
434 687 484 724 ut
515 683 560 724 in
591 686 765 737 patrum
798 683 1141 737 conscriptorum
1173 685 1302 737 atque
1334 683 1379 724 111
1410 685 1556 724 vestra

210 746 426 797 potestate
460 742 528 796 sit,
562 742 635 796 qui
664 742 709 783 in
736 756 813 783 sua
836 756 1072 795 numquam
1098 742 1246 782 fuerit!
1304 740 1416 791 Quid
1442 741 1556 782 enim
1576 753 1609 778 ιο

211 802 281 843 1119
320 816 526 855 umquam
565 801 746 842 arbitrio
785 815 862 842 suo
900 800 1034 842 fecit?
1099 799 1275 854 Semper
1308 814 1357 842 eo
1390 803 1555 842 tractus

210 864 296 915 est,
335 875 418 915 quo
457 860 591 901 libido
630 860 791 914 rapuit,
840 873 923 914 quo
962 859 1133 909 levitas,
1173 873 1257 913 quo
1295 858 1433 912 furor,
1472 873 1556 913 quo

208 919 465 974 vinulentia,
504 933 672 973 semper
710 927 807 960 eum
845 918 928 960 duo
966 918 1193 959 dissimilia
1225 931 1383 973 genera
1414 920 1558 959 tenue-

209 981 329 1032 runt,
373 978 576 1020 lenonum
621 980 664 1019 et
706 978 944 1031 latronum3
986 977 1050 1018 ita
1090 977 1337 1018 domesticis
1382 976 1557 1031 stupris,

210 1037 455 1079 forensibus
485 1036 728 1091 parricidiis
755 1036 1005 1090 delectatur,
1035 1038 1085 1077 ut
1111 1035 1281 1077 mulieri
1307 1035 1436 1078 citius
1462 1049 1556 1076 ava·
1577 1045 1608 1072 ιε

169 1096 406 1166 3rissimae
452 1095 644 1149 paruerit
688 1109 816 1149 quam
861 1095 1028 1136 senatui
1065 1095 1311 1149 populoque
1348 1093 1557 1136 Romano.

210 1154 382 1209 Itaque,
421 1154 535 1209 quod
566 1154 694 1208 paulo
728 1156 827 1195 ante
857 1153 940 1195 feci
971 1154 1017 1195 in
1049 1156 1218 1203 senatu,
1256 1152 1413 1194 faciam
1445 1152 1558 1207 apud.

209 1227 298 1255 vos.
360 1213 599 1263 Testificor,
632 1212 849 1266 denuntio,
881 1215 980 1253 ante
1012 1212 1212 1266 praedico
1243 1211 1353 1253 nihil
1384 1210 1441 1252 M.
1471 1210 1557 1252 An-

210 1272 379 1313 tonium
411 1286 578 1325 eorum,
614 1286 722 1325 quae
756 1274 856 1312 sunt
887 1271 1044 1326 legatis
1077 1271 1298 1322 mandata,
1329 1269 1557 1323 facturum,

210 1333 482 1371 vastaturum
512 1343 651 1385 agros,
683 1329 898 1370 Mutinam
925 1330 1213 1382 obsessurum,
1245 1328 1439 1382 dilectus,
1472 1341 1556 1382 qua
1577 1339 1610 1365 20

210 1389 362 1443 possit,
392 1388 656 1429 habiturum.
709 1387 753 1429 Is
786 1390 852 1428 est
885 1387 998 1428 enim
1030 1387 1115 1442 ille,
1147 1387 1219 1441 qui
1246 1401 1414 1441 semper
1440 1400 1557 1428 sena-

211 1450 281 1489 tus
347 1447 552 1488 iudicium
602 1450 645 1487 et
695 1446 1017 1500 auctoritatem,
1073 1459 1240 1499 semper
1287 1445 1557 1487 voluntatem

210 1508 401 1548 vestram
426 1508 772 1560 potestatemque
799 1504 1117 1558 contempserit.
1163 1504 1233 1545 An
1258 1504 1330 1545 ille
1351 1503 1394 1544 id
1413 1503 1558 1558 faciat,

212 1564 326 1619 quod
369 1564 498 1618 paulo
543 1566 642 1605 ante
687 1563 904 1604 decretum
948 1566 1031 1617 est,
1074 1566 1124 1604 ut
1168 1563 1404 1604 exercitum
1448 1562 1558 1604 citra

212 1624 370 1664 flumen
395 1622 674 1676 Rubiconem,
701 1622 774 1676 qui
800 1622 897 1663 finis
926 1624 991 1663 est
1015 1620 1194 1674 Galliae,
1220 1621 1430 1675 educeret,
1455 1620 1556 1662 dum
1577 1631 1610 1658 25

210 1697 262 1723 ne
301 1682 478 1736 propius
516 1681 668 1723 urbem
699 1680 883 1722 Romam
915 1681 1098 1722 ducenta
1129 1680 1248 1721 milia
1280 1679 1556 1721 admoveret?

211 1740 324 1782 Huic
357 1740 674 1781 denuntiationi
705 1740 778 1780 ille
810 1742 971 1794 pareat,
1003 1739 1076 1780 ille
1109 1753 1153 1780 se
1180 1739 1309 1780 fluvio
1336 1737 1557 1780 Rubicone

211 1803 248 1840 et
302 1799 496 1840 ducentis
546 1799 720 1840 milibus
772 1798 1145 1852 circumscriptum
1193 1811 1286 1838 esse
1335 1796 1557 1851 patiatur?

177 1857 312 1899 ssNon
344 1858 380 1898 is
415 1860 481 1899 est
505 1857 741 1911 Antonius,
770 1871 884 1909 nam,
916 1857 953 1898 si
983 1859 1107 1910 esset,
1138 1870 1225 1897 non
1257 1855 1557 1906 commisisset,

210 1920 259 1958 ut
298 1916 335 1958 ei
374 1919 548 1957 senatus
587 1919 809 1970 tamquam
839 1914 1075 1956 Hannibali
1114 1915 1239 1956 initio
1272 1914 1375 1955 belli
1406 1912 1556 1955 Punic-i
1576 1925 1612 1951 ³⁰

212 1975 501 2025 denuntiaret,
544 1990 596 2016 ne
635 1976 914 2030 ‘oppugnaret
959 1973 1211 2029 Saguntum.
1289 1971 1413 2022 Quod
1456 1986 1556 2014 vero

212 2034 274 2075 ita
306 2036 512 2076 avocatur
543 2048 568 2074 a
593 2032 775 2086 Mutina,
806 2035 856 2074 ut
889 2033 942 2074 ab
973 2033 1078 2074 urbe
1105 2035 1327 2086 tamquam
1351 2029 1557 2085 pestifera

212 2093 386 2134 flamma
417 2095 626 2145 arceatur,
659 2106 787 2145 quam
819 2091 952 2132 habet
984 2091 1281 2146 ignominiam,
1314 2089 1427 2144 quod
1452 2088 1556 2129 iudi-

213 2152 326 2192 cium
358 2151 550 2192 senatus!
615 2149 756 2199 Quid?
789 2150 903 2204 quod
935 2164 960 2190 a
985 2152 1137 2191 senatu
1169 2149 1325 2190 dantur
1355 2146 1556 2188 mandata

212 2210 387 2264 legatis,
425 2211 474 2251 ut
504 2208 556 2250 D.
592 2208 776 2250 Brutum
814 2208 1059 2262 militesque
1098 2208 1188 2248 eius
1227 2207 1381 2248 adeant
1417 2205 1554 2258 iisque
1574 2216 1611 2242 ⁸⁵

213 2267 510 2309 demonstrent
538 2282 705 2309 summa
730 2267 775 2308 in
801 2281 891 2308 rem
917 2266 1135 2321 publicam
1161 2264 1316 2306 merita
1334 2262 1555 2304 beneficia-

213 2339 293 2376 que
321 2341 469 2367 eorum
492 2329 618 2379 grata
639 2340 730 2367 esse
753 2325 918 2366 senatui
940 2325 1183 2378 populoque
1204 2322 1398 2364 Romano
1418 2321 1572 2379 iisque>

176 1186 195 1215 0!
