1671 2543
60 755 92 779 10

61 1047 93 1073 15

61 1341 95 1367 20

65 1928 98 1952 30

66 2219 100 2245 35

559 103 661 140 CAP.
688 108 779 140 6——8
806 108 825 146 ς
856 109 1003 140 15—20.
1369 104 1450 145 141

111 213 320 256 constitui
357 213 427 254 lex
460 212 574 254 vitae
606 214 651 254 et
683 212 876 254 condicio
908 212 1136 254 videretur.
1199 210 1277 254 Sin
1307 214 1452 253 autem

111 273 349 314 multorum
367 272 518 326 virtus,
537 271 771 326 ingenium,
789 271 1036 313 humanitas
1057 285 1108 313 ex
1126 271 1276 313 infimo
1297 284 1452 326 genere

111 334 155 373 et
180 331 379 373 fortunae
406 330 543 386 gradu
567 344 655 371 non
680 329 807 372 modo
835 330 1048 372 amicitias
1075 332 1119 371 et
1143 329 1207 371 rei
1226 329 1453 371 familiaris

111 390 258 444 copias
295 391 525 431 consecuta
557 391 640 444 est,
679 389 753 430 sed
785 403 998 430 summam
1028 388 1217 443 laudem,
1253 389 1453 442 honores,

111 448 310 504 gloriam,
342 448 613 503 dignitatem,
644 461 732 489 non
762 447 982 503 intellego,
1013 462 1089 489 cur
1119 447 1265 502 potius
1291 447 1454 489 invidia

111 507 327 549 violatura
369 508 576 548 virtutem
612 505 659 547 L.
698 505 871 548 Corneli
909 521 1038 561 quam
1075 506 1271 561 aequitas
1309 509 1454 548 vestra

110 566 319 621 pudorem
345 566 435 607 eius
463 565 663 607 adiutura
687 565 894 606 videatur.
943 564 1110 620 Itaque,
1136 565 1249 619 quod
1268 565 1454 607 maxime
1470 568 1513 599 19

111 625 345 679 petendum
371 627 448 679 est,
480 639 506 665 a
531 624 653 666 vobis
679 623 839 665 idcirco
864 638 952 665 non
976 627 1091 678 peto,
1121 623 1294 679 iudices,
1324 639 1378 666 ne
1403 624 1454 665 de

111 686 256 725 vestra
289 682 501 738 sapientia
534 685 662 737 atque
695 682 745 724 de
777 685 921 724 vestra
950 682 1221 724 humanitate
1256 682 1454 725 dubitare

112 742 268 784 videar.
329 742 412 783 Est
450 744 595 783 autem
631 741 881 796 petendum,
917 756 971 783 ne
1009 741 1186 783 oderitis
1221 741 1455 797 ingenium,

110 815 164 843 ne
207 800 371 842 inimici
417 800 514 842 sitis
558 800 813 854 industriae,
859 814 912 841 ne
955 800 1270 841 humanitatem
1315 801 1455 855 oppri-

112 860 322 914 mendam,
347 874 401 901 ne
427 859 634 900 virtutem
660 859 944 913 poeniendam
969 859 1145 913 putetis.
1201 858 1314 900 Illud
1340 861 1455 913 peto,

112 921 179 973 ut,
215 918 251 960 si
285 932 459 960 causam
490 918 631 972 ipsam
661 919 738 972 per
771 932 815 959 se
847 917 1018 958 firmam
1051 931 1144 959 esse
1177 920 1221 959 et
1253 918 1456 959 stabilem

111 977 321 1032 videritis,
351 976 540 1018 hominis
572 976 709 1030 ipsius
742 979 995 1018 ornamenta
1026 976 1272 1018 adiumento
1303 991 1455 1018 causae

113 1036 260 1090 potius
294 1050 422 1090 quam
453 1035 762 1090 impedimento
796 1049 888 1076 esse
920 1035 1095 1076 malitis.

201 1094 421 1149 Nascitur,
452 1094 627 1148 iudices,
659 1108 787 1135 causa
819 1093 991 1136 Corneli
1023 1108 1074 1135 ex
1105 1108 1155 1135 ea
1185 1094 1293 1149 lege,
1327 1097 1496 1148 quam8

112 1153 160 1195 L.
183 1152 348 1195 Gellius
375 1151 450 1195 Cn.
472 1151 696 1195 Cornelius
724 1167 775 1194 ex
801 1155 975 1194 senatus
1002 1152 1219 1194 sententia
1244 1152 1457 1207 tulerunt3

115 1227 199 1267 qua
227 1212 322 1267 lege
348 1212 540 1253 videmus
566 1211 596 1266 †
623 1211 728 1252 satis
756 1225 847 1262 esse
875 1211 1026 1265 sancti,
1057 1213 1106 1252 ut
1133 1211 1245 1253 cives
1271 1211 1458 1252 Romani

114 1271 202 1313 sint
232 1271 275 1325 ii,
308 1284 415 1325 quos
442 1269 516 1312 Cn.
542 1269 773 1324 Pompeius
799 1270 850 1311 de
877 1270 1045 1311 consilii
1072 1270 1286 1311 sententia
1311 1270 1458 1325 singil-

114 1329 239 1370 latim
271 1329 446 1371 civitate
479 1329 713 1370 donaverit.
774 1328 996 1370 Donatum
1025 1343 1116 1370 esse
1142 1328 1189 1369 L.
1209 1327 1458 1371 Cornelium

113 1402 316 1443 praesens
354 1387 585 1442 Pompeius
630 1387 752 1441 dicit,
797 1387 990 1429 indicant
1032 1387 1230 1442 publicae
1271 1388 1458 1442 tabulae,

115 1449 340 1489 accusator
363 1446 538 1500 fatetur,
564 1446 638 1488 sed
662 1448 794 1501 negat
819 1460 870 1487 ex
893 1446 1112 1488 foederato
1132 1446 1293 1500 populo
1315 1461 1458 1500 quem-

116 1520 244 1559 quam
275 1505 481 1559 potuisse,
511 1505 596 1547 nisi
627 1505 664 1547 is
695 1505 881 1560 populus
906 1504 1063 1546 fundus
1089 1504 1230 1546 factus
1257 1508 1382 1559 esset,
1413 1505 1460 1546 in

114 1564 226 1605 hanc
253 1564 473 1605 civitatem
493 1564 649 1605 venire.
694 1563 728 1605 O
749 1564 1018 1618 praeclarum
1037 1564 1319 1618 interpretem
1339 1564 1457 1618 iuris,
1472 1574 1516 1605 20

117 1624 339 1664 auctorem
365 1622 651 1676 antiquitatis,
677 1625 965 1664 correctorem
990 1625 1118 1676 atque
1140 1623 1460 1664 emendatorem

115 1684 290 1723 nostrae
312 1681 513 1735 civitatis,
538 1681 610 1734 qui
629 1681 740 1722 hanc
759 1695 943 1735 poenam
962 1680 1206 1722 foederibus
1228 1682 1458 1735 adscribat,

115 1742 166 1781 ut
210 1739 402 1781 omnium
443 1739 735 1794 praemiorum
777 1739 1166 1793 beneficiorumque
1209 1742 1460 1781 nostrorum

118 1798 306 1853 expertis
355 1797 487 1839 faciat
535 1797 796 1839 foederatos!
872 1797 984 1846 Quid
1030 1797 1144 1838 enim
1186 1798 1332 1851 potuit
1375 1798 1461 1839 dici

116 1856 359 1911 imperitius
393 1870 522 1910 quam
552 1855 795 1897 foederatos
826 1856 1010 1910 populos
1035 1856 1129 1896 fieri
1154 1855 1309 1897 fundos
1337 1870 1460 1910 opor-

118 1915 238 1957 tere?
288 1914 404 1956 Nam
433 1915 477 1955 id
507 1929 595 1955 non
625 1915 764 1969 magis
797 1917 864 1955 est
890 1914 1114 1968 proprium
1138 1913 1460 1956 foederatorum

119 1988 249 2028 quam
280 1974 471 2015 omnium
501 1973 748 2014 liberorum.
800 1971 883 2013 Sed
913 1975 1057 2014 totum
1084 1972 1179 2026 hoc,
1209 1973 1382 2027 iudices,
1414 1973 1461 2014 in

119 2048 169 2075 ea
204 2032 289 2074 fuit
325 2033 518 2087 positum
555 2045 722 2086 semper
759 2031 925 2072 ratione
964 2034 1094 2085 atque
1130 2031 1361 2086 sententia,
1399 2034 1459 2086 ut,

119 2106 216 2133 cum
252 2091 452 2132 iussisset
488 2090 673 2144 populus
705 2089 925 2131 Romanus
964 2089 1142 2143 aliquid,
1181 2090 1217 2131 si
1251 2089 1295 2131 id
1327 2090 1460 2132 adsci-

118 2149 282 2191 vissent
314 2150 420 2191 socii
450 2148 600 2203 populi
632 2163 681 2190 ac
711 2147 869 2202 Latini,
901 2151 943 2189 et
976 2148 1012 2189 si
1041 2162 1090 2189 ea
1114 2148 1194 2201 lex,
1227 2162 1356 2202 quam
1380 2163 1459 2190 nos

118 2209 386 2263 haberemus,
412 2208 559 2249 eadem
584 2207 630 2248 in
653 2206 813 2261 populo
840 2207 984 2261 aliquo
1011 2209 1232 2261 tamquam
1258 2207 1303 2248 in
1327 2207 1458 2249 fundo

119 2267 364 2319 resedisset,
401 2269 450 2307 ut
488 2269 583 2307 tum
620 2266 715 2321 lege
753 2265 900 2307 eadem
936 2266 974 2306 is
1010 2265 1194 2319 populus
1229 2268 1459 2320 teneretur,

118 2339 207 2367 non
241 2328 292 2367 ut
329 2325 380 2366 de
416 2327 567 2366 nostro
606 2324 697 2365 iure
736 2324 899 2377 aliquid
933 2324 1267 2372 deminueretur‚
1306 2325 1379 2366 sed
1410 2328 1460 2366 ut
