1671 2543
195 112 284 153 428
377 112 428 147 IN
453 112 501 146 M.
529 111 789 147 ANTONIUM
816 111 994 147 ORATIO
1022 112 1293 148 PHILIPPICA
1318 113 1381 149 111.

195 220 359 262 Fundit
400 221 625 274 apothecas,
670 220 809 262 caedit
853 235 1007 276 greges
1045 224 1339 263 armentorum
1377 221 1546 277 reliqui-

197 293 278 334 que
304 280 485 334 pecoris,
512 280 809 334 quodcumque
833 282 987 322 nactus
1008 282 1092 334 est3
1118 280 1347 334 epulantur
1367 280 1546 334 milites3

195 338 288 392 ipse
336 341 480 379 autem
531 353 594 393 se,
649 342 699 380 ut
742 338 922 380 fratrem
971 338 1184 393 imitetur,
1234 339 1380 380 obruit
1427 339 1546 394 vino3

195 399 425 438 vastantur
451 398 558 452 agri,
590 397 854 451 diripiuntur
884 397 1023 452 villae,
1050 401 1211 439 matres
1237 397 1439 452 familiae,
1463 399 1544 440 vir-

197 455 337 510 gines,
369 457 491 509 pueri
522 456 699 511 ingenui
731 456 1024 511 abripiuntur,
1056 457 1269 498 militibus
1301 457 1543 499 traduntur.
1580 469 1598 495 5

196 513 315 555 Haec
360 515 525 567 eadem,
570 530 837 569 quacumque
882 516 1117 557 exercitum
1158 516 1298 570 duxit,
1339 515 1444 557 fecit
1486 515 1544 558 M.

128 560 180 630 {3
196 572 426 614 Antonius.
476 573 558 615 His
584 588 661 616 vos
688 574 950 616 taeterrimis
976 573 1185 616 fratribus
1211 577 1361 629 portas
1388 575 1545 629 aperie-

137 620 180 650 32
197 632 274 686 tis,
311 632 390 673 hos
428 647 634 688 umquam
671 632 717 674 in
753 633 904 675 urbem
941 633 1190 688 recipietis?
1228 649 1316 675 non
1350 637 1544 689 tempore

195 691 362 744 oblato,
394 691 574 733 ducibus
606 691 790 746 paratis,
822 691 976 733 animis
1009 692 1198 734 militum
1229 692 1441 746 incitatis,
1471 707 1544 747 po-

194 749 296 804 pulo
335 749 531 792 Romano
573 751 881 804 conspirante,
907 750 1037 792 Italia
1073 754 1168 792 tota
1206 752 1259 792 ad
1295 751 1544 793 libertatem
1566 769 1598 794 ιο

196 809 520 863 reciperandam
558 810 746 851 excitata
784 810 961 851 deorum
992 810 1307 852 immortalium
1335 810 1544 852 beneficio

195 868 407 909 utemini?
468 867 651 910 Nullum
683 869 765 909 erit
797 871 967 923 tempus
1000 869 1082 911 hoc
1113 869 1284 910 amisso.
1341 869 1381 910 A
1407 871 1546 925 tergo,

194 926 356 979 fronte,
406 927 617 969 lateribus
668 928 904 982 tenebitur,
954 927 990 969 si
1040 928 1086 969 in
1130 927 1317 969 Galliam
1367 929 1544 969 venerit.

195 984 286 1027 Nec
324 985 398 1026 ille
437 986 568 1027 armis
602 986 760 1040 solum,
799 987 874 1028 sed
905 987 1038 1027 etiam
1069 986 1251 1028 decretis
1282 987 1446 1028 nostris
1478 1002 1544 1028 ur-

194 1044 389 1099 guendus
428 1048 507 1086 est.
569 1044 730 1100 Magna
764 1045 829 1086 vis
863 1048 946 1098 est,
985 1059 1191 1100 magnum
1221 1060 1382 1087 numen
1411 1060 1543 1087 unum
1565 1064 1597 1089 ιε.

195 1106 239 1143 et
267 1102 382 1144 idem
414 1104 642 1145 sentientis
676 1106 862 1145 senatus.
917 1103 1142 1146 Videtisne
1169 1103 1377 1146 refertum
1401 1104 1544 1146 forum

193 1162 487 1216 populumque
520 1162 763 1204 Romanum
803 1163 855 1204 ad
887 1177 1008 1217 spem
1039 1163 1338 1218 reciperandae
1370 1163 1544 1204 liberta-

193 1220 250 1261 tis
284 1221 504 1262 erectum‘?
543 1221 616 1275 qui
648 1222 779 1276 longo
812 1222 1041 1263 intervallo
1076 1237 1172 1263 cum
1204 1221 1441 1276 frequentis
1473 1222 1543 1264 hic

136 1291 179 1321 33
195 1278 312 1319 videt
337 1294 428 1333 nos,
461 1283 554 1320 tum
580 1283 726 1333 sperat
753 1280 885 1321 etiam
910 1280 1070 1322 liberos
1099 1281 1358 1322 convenisse.
1415 1279 1543 1322 Hunc

195 1350 274 1391 ego
308 1337 421 1378 diem
454 1340 683 1391 expectans
716 1337 772 1378 M.
806 1339 971 1379 Antoni
1004 1338 1214 1380 scelerata
1245 1353 1365 1379 arma
1396 1339 1542 1393 vitavi,
1562 1357 1598 1382 20

194 1398 289 1436 tum
327 1410 424 1436 cum
462 1396 535 1436 ille
573 1396 619 1437 in
656 1411 723 1437 me
763 1397 986 1438 absentem
1023 1397 1228 1438 invehens
1260 1411 1348 1438 non
1379 1397 1544 1439 intelle-

194 1453 339 1507 gebat,
371 1454 423 1494 ad
457 1454 569 1508 quod
603 1457 772 1509 tempus
806 1470 873 1496 me
905 1458 949 1496 et
980 1470 1096 1496 meas
1129 1455 1240 1496 vires
1267 1470 1542 1498 reservarem.

195 1511 242 1554 Si
281 1512 395 1553 enim
433 1515 527 1554 tum
565 1513 630 1553 illi
669 1514 808 1554 caedis
848 1528 873 1555 a
910 1529 976 1554 me
1014 1514 1189 1555 initium
1228 1514 1449 1569 quaerenti
1482 1529 1544 1556 re-

194 1571 403 1625 spondere
441 1571 692 1625 voluissem,
729 1587 842 1614 nunc
880 1573 941 1613 rei
974 1573 1170 1626 publicae
1204 1574 1425 1615 consulere
1456 1588 1542 1616 non

192 1643 378 1684 possem.
429 1629 553 1672 Hanc
579 1645 679 1672 vero
706 1634 859 1672 nactus
886 1631 1139 1673 facultatem
1164 1632 1332 1673 nullum
1358 1635 1543 1688 tempus,
1562 1649 1596 1675 25

193 1691 337 1742 patres
395 1689 646 1744 conscripti,
702 1690 918 1732 dimittam
967 1705 1105 1744 neque
1156 1690 1356 1732 diurnum
1404 1705 1542 1745 neque

192 1750 464 1801 nocturnum,
497 1748 601 1802 quin
632 1748 683 1790 de
714 1748 915 1790 libertate
946 1749 1095 1803 populi
1121 1748 1306 1790 Romani
1339 1752 1382 1790 et
1407 1749 1543 1805 digni-

194 1809 284 1847 tate
311 1809 466 1860 vestra,
500 1807 612 1861 quod
639 1807 918 1863 cogitandum
944 1808 1013 1861 sit,
1046 1807 1245 1863 cogitem,
1278 1808 1391 1862 quod
1417 1822 1542 1863 agen-

193 1865 294 1905 dum
326 1868 455 1919 atque
487 1865 743 1920 faciendum,
775 1867 817 1907 id
847 1881 935 1907 non
966 1867 1092 1907 modo
1118 1881 1206 1907 non
1231 1881 1435 1920 recusem,
1467 1867 1541 1908 sed

193 1924 326 1964 etiam
353 1927 555 1979 appetam
582 1927 710 1978 atque
738 1925 977 1979 deposcam.
1031 1924 1126 1966 Hoc
1153 1924 1248 1978 feci,
1274 1925 1374 1966 dum
1401 1925 1541 1979 licuit3
1560 1943 1596 1968 30

192 1982 419 2036 intermisi,
451 1983 590 2037 quoad
622 1998 709 2024 non
736 1983 870 2024 licuit.
925 1983 1018 2024 Iam
1044 1998 1131 2025 non
1157 1984 1295 2025 solum
1322 1984 1436 2038 licet,
1467 1984 1541 2026 sed

191 2041 324 2081 etiam
367 2056 540 2083 necesse
585 2044 669 2095 est,
712 2041 797 2083 nisi
842 2042 1001 2083 servire
1043 2042 1257 2083 malumus
1298 2057 1444 2097 quam,
1487 2056 1540 2084 ne
1576 2096 1579 2097 ⁷

133 2111 177 2141 34
193 2099 442 2153 serviamus,
472 2100 603 2141 armis
631 2100 870 2154 animisque
897 2101 1134 2142 decernere.
1191 2099 1246 2142 Di
1273 2101 1540 2142 immortales

191 2158 316 2198 nobis
343 2158 448 2199 haec
473 2158 689 2213 praesidia
715 2159 934 2213 dederunt,
966 2159 1063 2200 urbi
1091 2158 1332 2213 Caesarem,
1355 2158 1540 2200 Brutum

193 2213 369 2257 Galliae.
446 2215 492 2258 Si
542 2218 656 2258 enim
706 2217 779 2259 ille
831 2217 1072 2272 opprimere
1117 2218 1268 2260 urbem
1311 2217 1538 2271 potuisset,
1558 2233 1591 2260 35

191 2274 360 2326 statim,
401 2275 436 2315 si
472 2274 662 2317 Galliam
696 2279 857 2328 tenere,
894 2276 1023 2330 paulo
1058 2279 1157 2330 post
1189 2275 1353 2330 optimo
1388 2275 1539 2330 cuique

125 2343 174 2382 14
190 2332 455 2384 pereundum
502 2337 608 2386 crat,
659 2334 837 2388 reliquis
881 2335 1163 2375 serviendum.
1236 2332 1359 2374 Hanc
1402 2334 1540 2389 igitur
1654 2356 1669 2418 ¹5,
