1671 2543
545 93 645 130 CAP.
674 99 703 138 1,
731 99 750 129 2
778 98 796 137 <5
827 98 926 129 1—4.
1377 95 1464 136 523

124 206 251 244 tator.
314 202 374 245 At
407 202 479 257 qui
505 202 672 244 consul!
731 200 777 243 Si
801 201 1074 267 prudentiam
1101 201 1358 256 quaerimus,
1391 202 1464 257 qui

123 262 297 303 minime
334 261 428 303 falli
464 263 630 316 posset,
671 260 707 302 si
743 260 966 314 virtutem,
1004 260 1077 315 qui
1113 260 1278 302 nullam
1314 274 1463 314 pacem

122 321 328 386 probaret
346 319 431 362 nisi
451 335 548 361 cum
567 318 741 361 cedente
763 322 891 373 atque
911 319 1039 372 victo,
1065 319 1101 360 si
1122 318 1464 374 magnitudinem

123 378 272 433 31111111,
311 378 383 433 qui
420 377 656 433 praeferret
694 381 878 419 mortem
911 352 1122 419 servituti.
1183 377 1274 419 Vos
1307 379 1464 430 autem,

87 450 103 475 ⁵
123 441 268 492 patres
300 436 545 491 conscripti,
575 451 662 478 non
687 438 777 477 tam
802 436 1076 478 immemores
1102 438 1344 477 vestrorum
1370 449 1465 491 gra-

122 496 396 538 vissimorum
434 496 702 537 decretorum
742 494 1019 549 videbamini,
1058 509 1186 549 quam
1224 509 1298 548 spe
1331 494 1465 536 allata

122 554 373 608 deditionis,
412 569 540 609 quam
578 554 704 595 amici
741 568 891 608 pacem
930 553 1146 608 appellare
1179 553 1375 608 mallent,
1412 553 1464 594 de

121 613 404 668 imponendis,
428 628 515 655 non
541 612 797 667 accipiendis
824 612 991 667 legibus
1020 612 1222 667 cogitare.
1272 611 1465 653 Auxerat

124 675 268 714 autem
300 686 439 714 meam
472 672 642 726 quidem
675 686 806 725 spem,
838 671 962 712 credo
989 671 1094 712 item
1119 673 1318 723 vestram,
1350 671 1465 724 quod

70 744 104 768 10
123 732 298 772 domum
330 731 494 773 Antoni
532 730 738 772 afflictam
776 729 995 770 maestitia
1026 729 1269 783 audiebam,
1307 729 1465 770 lamen-

123 790 207 831 tari
238 804 426 831 uxorem.
486 788 568 831 Hic
601 790 732 830 etiam
763 788 953 829 fautores
985 787 1168 842 Antoni,
1207 802 1388 842 quorum
1419 787 1465 828 in

123 849 246 890 vultu
282 848 484 890 habitant
522 848 635 889 oculi
673 846 774 901 mei,
812 847 1026 888 tristiores
1065 847 1273 888 videbam.
1343 845 1500 894 Quod3

123 908 160 949 si
196 922 284 949 non
319 907 384 948 ita
421 909 504 961 est,
542 921 617 948 cur
654 921 678 947 a
709 906 865 947 Pisone
903 908 946 947 et
978 905 1136 948 Caleno
1175 904 1465 959 potissimum,

123 980 197 1008 cur
227 966 309 1007 hoc
341 969 545 1020 tempore,
578 980 651 1006 cur
683 968 774 1006 tam
804 964 1036 1018 inproviso,
1069 979 1143 1005 cur
1174 966 1265 1005 tam
1289 966 1465 1018 repente

70 1037 102 1063 15
123 1024 241 1079 pacis
279 1027 346 1066 est
383 1024 497 1066 facta
533 1024 725 1065 mentio?
785 1022 931 1078 Negat
962 1022 1063 1064 Piso
1099 1022 1206 1064 scire
1239 1037 1302 1077 se,
1332 1025 1466 1077 negat

123 1082 291 1125 audisse
331 1083 577 1137 quicquam,
620 1085 753 1138 negat
791 1081 974 1123 Calenus
1012 1096 1103 1123 rem
1139 1081 1273 1122 ullam
1308 1095 1465 1122 novam

123 1142 300 1183 allatam
333 1156 443 1196 esse3
481 1144 607 1196 atque
639 1141 682 1182 id
713 1155 825 1182 nunc
855 1143 1033 1195 negant,
1070 1143 1355 1194 posteaquam
1385 1154 1465 1180 nos

122 1201 416 1255 pacificatoria
452 1199 668 1256 legatione
706 1198 954 1265 implicatos
990 1201 1157 1253 putant.
1219 1197 1330 1263 Quid
1362 1212 1462 1263 ergo

124 1274 229 1314 opus
269 1262 334 1300 est
371 1273 483 1301 novo
522 1257 720 1312 consilio,
767 1257 803 1299 si
839 1257 885 1298 in
921 1272 966 1299 re
1003 1257 1112 1298 nihil
1152 1257 1325 1298 omnino
1363 1256 1463 1297 novi

68 1330 102 1356 20
122 1318 216 1360 est?
283 1317 483 1372 Decepti,
528 1316 712 1371 decepti,
748 1316 943 1371 inquam,
981 1329 1146 1369 sumus,
1182 1319 1329 1370 patres
1369 1330 1463 1357 con-
1479 1314 1506 1355 2

123 1376 292 1431 scripti,
335 1376 500 1417 Antoni
544 1378 609 1417 est
647 1378 744 1417 acta
782 1389 909 1416 causa
947 1375 1000 1416 ab
1039 1374 1188 1415 amicis
1227 1374 1335 1429 eius,
1377 1388 1466 1416 non

121 1435 305 1489 publica.
362 1434 484 1484 Quod
516 1434 713 1476 videbam
740 1433 946 1488 equidem,
973 1433 1046 1474 sed
1072 1433 1193 1487 quasi
1218 1447 1295 1487 per
1321 1432 1466 1487 caligi-

121 1508 239 1547 1101ος
258 1493 598 1547 praestrinxerat
618 1492 753 1534 aciem
774 1492 905 1533 animi
924 1491 975 1533 D.
995 1491 1120 1533 Bruti
1135 1491 1262 1532 salus.
1302 1491 1465 1539 Quodsi

123 1552 168 1593 in
193 1551 308 1593 bello
336 1551 426 1592 dari
451 1551 600 1593 vicarii
628 1552 826 1603 solerent,
852 1550 1037 1591 libenter
1057 1564 1136 1603 me,
1162 1552 1211 1590 ut
1230 1549 1281 1590 D.
1301 1549 1464 1591 Brutus

69 1622 103 1648 25
125 1610 406 1662 emitteretur,
437 1624 515 1663 pro
546 1609 622 1650 illo
654 1609 813 1651 includi
842 1612 1024 1662 paterer.
1085 1608 1229 1662 Atque
1255 1608 1336 1649 hac
1361 1616 1501 1650 voce4

126 1670 173 1719 Q.
211 1668 309 1710 Fufi
347 1668 462 1722 capti
508 1682 673 1708 sumus:
718 1667 798 1708 ‘Ne
845 1667 881 1707 si
925 1681 950 1707 a
986 1666 1156 1707 Mutina
1195 1666 1366 1720 quidem
1404 1680 1466 1707 re—

123 1727 312 1780 cesserit,
346 1726 566 1767 audiemus
598 1725 847 1778 Antonium,
878 1739 931 1766 ne
961 1725 997 1765 si
1022 1725 1067 1765 in
1094 1727 1265 1766 senatus
1293 1724 1466 1778 quidem

122 1788 339 1841 potestate
371 1785 565 1825 futurum
595 1798 638 1825 se
666 1782 863 1824 dixerit‘?'
919 1782 1087 1824 Durum
1112 1783 1356 1837 videbatur3
1387 1783 1466 1824 ita-

124 1860 205 1899 que
235 1844 364 1885 fracti
391 1857 550 1896 sumus,
583 1842 798 1883 cessimus.
853 1841 1031 1883 Recedit
1057 1841 1192 1896 igitur
1217 1856 1242 1882 a
1267 1841 1466 1882 Mutina?

69 1916 104 1940 30
124 1903 293 1945 Nescio.
355 1902 484 1943 Paret
511 1901 707 1942 senatui?
763 1899 944 1955 ‘Credo',
975 1899 1116 1954 inquit
1142 1899 1344 1954 Calenus,
1376 1899 1466 1940 ‘sed

123 1963 197 2016 ita,
227 1964 277 2002 ut
308 1963 454 2002 teneat
480 1958 761 2014 dignitatem.’
818 1957 955 2000 Valde
981 1958 1175 2000 hercules
1200 1959 1324 2000 vobis
1350 1958 1466 2000 labo-

123 2020 304 2062 randum
336 2022 419 2073 est,
451 2020 594 2072 patres
628 2017 877 2071 conscripti,
909 2020 957 2058 ut
988 2019 1178 2058 vestram
1210 2016 1466 2072 dignitatem

124 2078 355 2131 amittatis,
394 2091 500 2131 quae
533 2076 720 2117 maxima
751 2079 833 2127 est,
871 2075 1052 2129 Antoni,
1092 2090 1199 2129 quae
1230 2090 1367 2130 neque
1399 2078 1466 2117 est

122 2138 212 2179 ulla
242 2150 380 2190 neque
413 2150 504 2176 esse
536 2137 694 2189 potest,
725 2133 958 2188 retineatis,
990 2137 1039 2175 ut
1071 2149 1165 2175 eam
1195 2149 1271 2188 per
1302 2148 1378 2175 vos
1404 2149 1466 2175 re-

71 2207 105 2232 85
126 2197 304 2250 ciperet,
350 2209 478 2248 quam
522 2208 598 2248 per
635 2207 679 2234 se
716 2192 913 2247 perdidit.
977 2191 1022 2234 Si
1061 2193 1204 2234 iacens
1242 2192 1464 2234 vobiscum

125 2254 287 2309 aliquid
325 2255 489 2308 ageret,
528 2252 718 2293 audirem
755 2251 958 2305 fortasse;
999 2265 1261 2305 quamquam
1301 2275 1354 2280 —
1392 2251 1464 2293 sed

123 2313 206 2354 hoc
255 2312 368 2353 malo
413 2311 551 2352 dicere
597 2308 840 2351 audirem’·
831 2342 842 2358 ,
890 2309 1024 2350 stanti
1068 2301 1356 2352 resistendum
1399 2312 1466 2351 est
