1671 2543
193 63 280 104 284
482 62 576 98 PRO
602 62 642 99 T.
667 62 819 98 ANNIO
845 61 1027 98 MILONE
1053 62 1246 98 ORATIO.

194 171 350 212 saltem
392 171 520 213 nobis
564 175 612 212 ut
655 170 940 224 relinquatur,
984 171 1118 212 vitam
1163 170 1216 211 ab
1261 170 1533 214 inimicorum

199 229 378 271 audacia
409 230 593 283 telisque
626 232 675 270 ut
706 229 864 284 inpune
896 229 1025 271 liceat
1056 228 1292 271 defendere.

151 275 178 316 3
284 287 365 330 Sed
405 291 638 342 antequam
677 287 730 329 ad
762 302 856 329 eam
888 288 1127 329 orationem
1158 288 1295 338 venio,
1328 302 1435 342 (11136
1467 296 1534 330 est

159 335 368 401 ⁷propria
393 350 562 389 vestrae
589 346 865 401 quaestionis,
891 347 1090 388 videntur
1115 361 1165 388 ea
1185 361 1276 388 esse
1296 347 1533 402 refutanda,

194 420 301 460 quae
339 409 382 447 et
418 406 464 447 in
502 408 654 446 senatu
692 405 746 446 ab
783 405 969 447 inimicis
1008 420 1132 460 saepe
1163 406 1326 447 iactata
1357 408 1459 447 sunt
1490 409 1533 448 et
1570 417 1586 443 ⁵

192 464 237 506 in
270 465 468 506 contione
502 464 554 505 ab
590 464 800 518 improbis
833 466 876 506 et
908 465 1037 519 paulo
1071 467 1170 506 ante
1197 464 1249 505 ab
1278 465 1533 506 accusatori-

193 523 290 573 bus,
328 526 378 564 ut
416 523 533 564 omni
568 537 710 564 errore
744 523 914 564 sublato
947 538 1036 564 rem
1068 523 1212 577 plane,
1250 537 1356 578 (11136
1387 523 1533 564 veniat

193 583 238 623 in
280 557 504 635 iudicium,
546 581 688 623 videre
728 582 920 636 possitis.
986 581 1160 637 Negant
1198 581 1356 623 intueri
1393 582 1532 624 lucem

194 655 286 682 esse
319 641 383 682 fas
417 641 467 691 ei,
500 641 572 695 qui
605 655 630 681 a
662 654 706 682 se
738 640 958 690 hominem
990 641 1177 682 occisum
1210 654 1301 682 esse
1333 639 1532 682 fateatur.

193 699 244 740 In
271 714 355 753 qua
375 700 548 741 tandem
568 699 673 741 urbe
693 699 776 741 hoc
795 699 990 741 homines
1011 699 1259 740 stultissimi
1281 699 1533 753 disputant?
1553 711 1587 736 10

193 757 359 812 Nempe
395 759 439 799 in
473 773 538 809 ea,
577 772 684 812 quae
716 758 904 812 primum
935 758 1139 799 iudicium
1172 758 1221 799 de
1254 758 1393 812 capite
1424 757 1534 799 vidit

194 816 249 858 M.
282 816 451 867 Horati,
483 816 712 858 fortissimi
744 817 837 871 viri,
869 817 942 870 qui
972 817 1162 858 nondum
1192 817 1329 858 libera
1358 816 1533 858 civitate

194 878 340 917 tamen
370 875 520 930 populi
551 875 736 917 Romani
769 875 956 917 comitiis
988 876 1197 917 liberatus
1229 878 1307 930 est,
1334 889 1430 917 cum
1457 889 1534 916 sua

158 949 323 982 811131111
370 949 562 976 sororem
607 948 700 976 esse
743 933 1016 976 interfectam
1058 933 1279 975 fateretur.
1353 934 1424 975 An
1467 937 1533 975 est

194 993 441 1047 quisquam,
487 993 559 1047 qui
601 993 684 1035 hoc
724 993 913 1048 ignoret,
958 1007 1054 1034 cum
1092 993 1141 1034 de
1179 993 1352 1034 homine
1391 992 1532 1034 occiso
1553 1004 1583 1030 15

194 1055 442 1105 quaeratur,
475 1054 550 1093 aut
580 1052 730 1106 negari
762 1052 899 1099 solere
932 1052 1105 1093 omnino
1138 1065 1230 1093 esse
1264 1050 1427 1093 factum
1459 1053 1535 1092 aut

194 1113 308 1152 recte
347 1113 391 1152 et
427 1111 518 1152 iure
555 1110 720 1152 factum
752 1124 843 1151 esse
876 1109 1073 1151 defendi?
1129 1109 1226 1151 Nisi
1258 1124 1357 1151 vero
1391 1109 1534 1151 existi-

194 1169 322 1210 matis
361 1170 603 1210 dementem
634 1169 681 1210 P.
713 1168 966 1210 Africanum
1003 1168 1153 1222 fuisse,
1193 1169 1264 1222 qui
1297 1182 1394 1210 cum
1431 1182 1457 1209 a
1488 1167 1532 1210 C.

194 1226 389 1269 Carbone
422 1228 597 1268 tribuno
630 1227 687 1281 pl.
718 1227 921 1268 seditiose
954 1227 998 1268 in
1025 1227 1223 1268 contione
1251 1227 1533 1281 interrogare-

195 1288 281 1340 tur,
320 1286 421 1340 quid
459 1286 508 1326 de
540 1285 602 1326 Ti.
637 1284 819 1326 Gracchi
857 1288 995 1326 morte
1028 1285 1225 1335 sentiret,
1263 1284 1532 1338 responderit
1552 1298 1587 1322 20

126 1352 177 1396 (8)
193 1344 283 1385 iure
329 1358 499 1386 caesum
541 1343 687 1384 videri.
755 1342 904 1396 Neque
943 1344 1056 1384 enim
1093 1345 1241 1397 posset
1279 1345 1353 1383 aut
1390 1342 1532 1384 Ahala

192 1402 263 1443 ille
304 1401 509 1444 Servilius
549 1404 623 1443 aut
661 1401 706 1442 P.
744 1401 905 1443 Nasica
942 1405 1015 1442 aut
1053 1400 1099 1442 L.
1139 1400 1335 1455 Opimius
1375 1404 1449 1442 aut
1486 1400 1531 1444 C.

191 1460 354 1502 Marius
394 1463 468 1502 aut
506 1475 573 1501 me
612 1460 786 1502 consule
824 1463 996 1501 senatus
1031 1474 1119 1501 non
1149 1459 1338 1501 nefarius
1368 1459 1531 1511 haberi,

192 1519 229 1560 si
267 1520 499 1561 sceleratos
539 1519 643 1560 civis
682 1519 867 1560 interfici
904 1518 1024 1560 nefas
1063 1521 1187 1560 esset.
1250 1517 1402 1572 Itaque
1437 1518 1531 1572 hoc,

191 1578 363 1631 iudices,
395 1593 481 1619 non
514 1578 604 1619 sine
638 1591 766 1618 causa
797 1577 928 1618 etiam
960 1577 1073 1618 fictis
1106 1576 1263 1618 fabulis
1291 1577 1530 1619 doctissimi
1550 1587 1586 1615 25

189 1636 385 1678 homines
418 1636 648 1678 memoriae
680 1636 977 1690 prodiderunt,
1010 1650 1124 1686 611111,
1157 1636 1229 1690 (1111
1261 1635 1398 1690 patris
1429 1636 1531 1678 ulci-

190 1696 333 1737 scendi
385 1710 513 1737 causa
556 1698 739 1736 matrem
782 1695 1038 1749 necavisset,
1087 1694 1263 1736 variatis
1307 1693 1530 1736 hominum

191 1754 416 1796 sententiis
448 1768 536 1795 non
568 1754 708 1795 solum
739 1753 894 1803 divina,
927 1753 999 1794 sed
1028 1753 1159 1794 etiam
1185 1752 1529 1807 sapientissimae

155 1813 291 1854 9deae
332 1813 546 1854 sententia
584 1813 825 1854 liberatum.
895 1811 1058 1861 Quodsi
1095 1811 1318 1853 duodecim
1357 1811 1529 1852 tabulae

189 1875 448 1913 nocturnum
485 1871 623 1912 furem
663 1884 833 1925 quoquo
872 1870 1016 1924 modo,
1055 1870 1254 1911 diurnum
1292 1872 1453 1920 autem,
1493 1869 1529 1911 si
1548 1881 1584 1907 30

190 1945 233 1972 se
264 1931 350 1971 telo
378 1929 635 1984 defenderet,
666 1929 850 1970 interfici
875 1929 1033 1983 inpune
1059 1928 1297 1982 voluerunt,
1330 1928 1425 1982 quis
1452 1930 1529 1977 est,

192 1989 285 2043 qui,
331 2003 503 2042 quoquo
550 1988 677 2030 modo
724 1987 820 2042 quis
857 1986 1111 2028 interfectus
1151 1987 1226 2037 sit,
1266 1986 1528 2041 puniendum

188 2051 325 2102 putet,
351 2061 447 2088 cum
470 2047 613 2088 videat
633 2045 862 2111 aliquando
883 2046 1074 2101 gladium
1092 2045 1218 2087 nobis
1239 2045 1291 2086 ad
1310 2043 1527 2086 hominem

149 2109 171 2147 4
192 2106 469 2147 0661(1611(111111
501 2106 554 2146 ab
587 2105 692 2159 ipsis
724 2104 890 2159 porrigi
921 2103 1120 2159 legibus?
1175 2102 1324 2157 Atqui,
1355 2101 1392 2142 si
1423 2104 1527 2142 tem-

191 2179 268 2218 pus
302 2167 368 2205 est
399 2165 536 2205 ullum
567 2164 658 2204 iure
683 2162 871 2204 hominis
896 2162 1087 2217 necandi,
1119 2175 1227 2216 quae
1252 2159 1389 2202 multa
1415 2162 1526 2210 sunt,
1545 2170 1581 2197 35

190 2225 304 2263 certe
344 2222 451 2263 illud
489 2225 556 2263 est
591 2236 678 2263 non
715 2221 842 2262 modo
881 2221 1061 2274 iustum,
1104 2233 1253 2261 verum
1290 2217 1421 2258 etiam
1458 2232 1527 2259 ne-

189 2280 434 2333 cessarium,
454 2294 550 2321 cum
570 2281 612 2321 vi
630 2280 694 2322 vis
714 2279 838 2320 illata
857 2279 1108 2320 defenditur.
1151 2275 1409 2318 Pudicitiam
1429 2291 1527 2318 cum
