1671 2543
210 92 297 134 302
494 91 588 127 PRO
616 92 656 126 T.
684 90 839 127 ANNIO
865 91 1050 128 MILONE
1077 91 1268 128 ORATIO.

209 199 441 243 comitibus
487 200 714 256 cogitavit,
757 200 803 241 in
847 214 954 255 quos
995 201 1192 242 incensos
1230 201 1295 242 ira
1331 200 1552 256 vitamque

208 259 370 301 domini
397 259 663 314 desperantis
691 273 787 301 cum
813 259 1045 313 incidisset,
1073 259 1215 301 haesit
1240 259 1286 301 in
1309 259 1365 301 iis
1389 260 1552 314 poenis,

209 332 315 373 quas
348 319 401 359 ab
435 333 484 360 eo
518 318 629 360 servi
659 317 806 360 fideles
831 332 910 372 pro
937 318 1098 361 domini
1124 318 1215 359 vita
1241 318 1551 373 expetiverunt.

150 379 193 410 57
211 376 297 419 Cur
341 377 477 432 igitur
520 391 593 419 eos
634 391 763 418 manu
801 376 949 418 misit?
1011 376 1235 419 Metuebat
1273 377 1456 432 scilicet,
1497 391 1550 419 ne

208 436 483 490 indicaretur,
516 450 570 477 ne
602 436 794 478 dolorem
824 434 1012 490 perferre
1043 450 1131 478 non
1161 439 1351 491 possent,
1380 450 1433 478 ne
1465 438 1551 478 tor·
1588 445 1605 472 ⁵

208 495 365 536 mentis
405 497 662 550 cogerentur
700 494 886 536 occisum
926 509 1018 536 esse
1057 509 1081 536 a
1119 495 1254 536 servis
1291 494 1469 536 Milonis
1505 495 1551 536 in

207 554 351 608 Appia
387 554 458 595 via
493 553 539 595 P.
579 552 779 596 Clodium
816 553 1023 595 confiteri.
1086 553 1198 603 Quid
1230 568 1337 608 opus
1369 556 1435 595 est
1466 557 1552 595 tor-

208 613 333 654 tore?
379 612 481 666 quid
523 612 722 667 quaeris?
761 612 1048 654 occideritne?
1112 611 1292 655 Occidit.
1359 611 1458 654 Iure
1496 626 1552 654 an

208 671 394 712 iniuria?
462 670 585 712 Nihil
636 671 688 712 ad
732 673 961 726 tortorem3
1009 670 1113 713 facti
1160 671 1273 712 enim
1315 671 1361 713 in
1404 670 1550 713 eculeo

137 729 193 771 22
210 730 404 784 quaestio
445 733 528 784 est,
565 730 671 771 iuris
710 730 755 771 in
791 729 961 771 iudicio.
1024 729 1147 779 Quod
1179 730 1315 785 igitur
1345 730 1391 771 in
1424 743 1552 772 causa
1572 740 1606 765 1⁰

209 788 499 843 quaerendum
519 791 597 843 est,
616 789 660 830 id
681 802 859 844 agamus
879 788 968 843 hit-,3
988 789 1101 843 quod
1119 789 1347 830 tormentis
1362 788 1552 830 invenire

208 848 285 902 vis,
316 848 359 889 id
391 847 590 889 fatemur.
638 847 781 905 ¹Manu
814 862 913 889 vero
947 862 1021 889 cur
1053 847 1232 902 miserit,
1264 847 1301 889 si
1332 847 1375 888 id
1406 847 1552 902 potius

209 906 398 960 quaeris,
443 921 571 960 quam
614 921 689 948 cur
725 921 878 960 parum
916 906 1070 961 amplis
1109 906 1299 947 affecerit
1336 905 1552 960 praemiis,

149 965 347 1006 58nescis
385 965 549 1007 inimici
586 964 750 1007 factum
789 965 1107 1019 reprehendere.
1169 964 1294 1006 Dixit
1331 965 1444 1006 enim
1480 964 1551 1006 1110

206 1023 331 1076 idem,
359 1024 432 1078 qui
456 1024 600 1065 omnia
622 1038 790 1078 semper
810 1026 1058 1066 constanter
1079 1026 1123 1065 et
1142 1023 1327 1078 fortiter,
1351 1022 1408 1065 M.
1429 1021 1551 1077 Cato,
1571 1032 1605 1059 1⁵

207 1085 250 1123 et
294 1082 403 1124 dixit
446 1083 491 1124 in
538 1083 789 1124 turbulenta
833 1082 1051 1136 contione,
1094 1097 1201 1137 quae
1240 1085 1386 1124 tamen
1422 1081 1552 1123 huius

206 1141 467 1182 auctoritate
493 1142 666 1195 placata
693 1144 770 1195 est,
801 1155 888 1182 non
912 1141 1115 1182 libertate
1143 1141 1294 1195 solum,
1321 1141 1393 1182 sed
1420 1140 1551 1182 etiam

207 1200 406 1241 omnibus
432 1200 636 1254 praemiis
663 1200 940 1255 dignissimos
966 1199 1110 1254 fuisse,
1137 1200 1211 1254 qui
1237 1199 1397 1241 domini
1422 1202 1552 1253 caput

207 1258 509 1299 defendissent.
561 1258 684 1307 Quod
716 1259 830 1299 enim
855 1259 1094 1312 praemium
1120 1259 1226 1299 satis
1252 1271 1457 1312 magnum
1483 1260 1551 1299 est

206 1320 297 1357 tam
322 1316 546 1368 benivolis,
578 1319 668 1357 tam
694 1317 830 1369 bonis,
863 1320 952 1358 tam
978 1317 1175 1358 fidelibus
1202 1317 1346 1370 servis,
1372 1318 1550 1371 propter
1570 1326 1604 1352 20

208 1389 315 1428 quos
348 1375 484 1415 vivit?
529 1374 627 1416 Etsi
653 1374 695 1415 id
723 1375 894 1428 quidem
920 1389 1007 1416 non
1032 1375 1144 1416 tanti
1172 1378 1249 1428 est,
1282 1389 1410 1428 quam
1437 1375 1550 1429 quod

206 1435 384 1487 propter
410 1433 581 1474 eosdem
607 1447 693 1474 non
720 1434 926 1489 sanguine
953 1436 996 1474 et
1022 1434 1270 1475 vulneribus
1297 1434 1386 1475 suis
1407 1433 1550 1475 crude-

206 1491 362 1532 lissimi
394 1492 557 1533 inimici
590 1495 776 1533 mentem
811 1492 1041 1546 oculosque
1074 1492 1261 1533 satiavit.
1318 1491 1434 1541 Quos
1466 1491 1550 1533 nisi

208 1565 335 1591 manu
368 1550 576 1604 misisset,
613 1551 840 1592 tormentis
875 1551 1005 1592 etiam
1038 1551 1216 1592 dedendi
1248 1550 1423 1592 fuerunt
1455 1565 1550 1592 con-

208 1612 448 1650 servatores
488 1609 667 1663 domini,
707 1610 870 1651 ultores
910 1609 1099 1664 sceleris,
1138 1609 1382 1651 defensores
1419 1609 1602 1651 neeis.2⁵

207 1667 291 1709 Hic
316 1682 417 1709 vero
443 1668 552 1709 nihil
579 1668 710 1709 habet
735 1668 780 1709 111
805 1668 873 1709 his
900 1668 1036 1722 malis,
1064 1668 1176 1722 quod
1203 1669 1344 1710 minus
1367 1667 1548 1709 moleste

207 1726 335 1779 ferat,
380 1741 526 1780 quam,
571 1727 741 1768 etiamsi
786 1727 887 1781 quid
925 1727 1008 1781 ipsi
1047 1727 1230 1781 accidat,
1274 1740 1366 1768 esse
1404 1729 1550 1768 tamen

149 1792 192 1823 69
208 1785 294 1826 illis
328 1786 531 1826 meritum
562 1786 801 1839 praemium
833 1786 1132 1840 persolutum·
1166 1784 1248 1827 Sed
1275 1785 1548 1839 quaestiones

207 1847 365 1898 urgent
408 1843 634 1898 Milonem,
683 1858 789 1898 quae
831 1847 931 1885 sunt
973 1844 1147 1885 habitae
1191 1858 1304 1885 nunc
1347 1844 1391 1885 in
1435 1843 1547 1885 atrio

209 1902 457 1943 Libertatis.
506 1902 775 1951 Quibusnam
795 1903 845 1944 de
866 1903 1030 1944 servis?
1074 1902 1249 1958 Rogas?
1276 1902 1325 1943 de
1347 1901 1391 1943 Ρ.
1413 1900 1547 1944 Clodi.
1568 1911 1602 1936 ³0

210 1960 314 2009 Quis
342 1975 414 2002 eos
439 1961 707 2015 postulavit?
745 1961 924 2015 Appius.
977 1961 1080 2010 Quis
1105 1960 1336 2016 produxit?
1368 1959 1547 2014 Appius.

209 2018 360 2060 Unde?
405 2019 473 2061 Ab
500 2019 656 2074 Appio.
706 2019 763 2060 Di
788 2020 908 2061 bom'!
936 2020 1038 2074 quid
1063 2023 1208 2074 potest
1235 2019 1304 2074 agi
1332 2018 1548 2060 severius?

208 2076 272 2118 De
306 2078 439 2119 servis
470 2078 590 2119 nulla
621 2078 715 2133 lege
749 2079 943 2132 quaestio
977 2081 1043 2119 est
1073 2078 1119 2119 in
1145 2078 1364 2120 dominum
1387 2075 1472 2117 nisi
1498 2076 1548 2117 de

209 2135 375 2177 incestu
415 2135 481 2191 (ut
518 2136 602 2178 fuit
639 2137 684 2178 in
722 2135 930 2179 Clodium.
992 2136 1191 2178 Proxime
1229 2137 1329 2177 deos
1367 2134 1548 2175 accessit

210 2192 398 2247 Clodius,
430 2195 607 2249 propius
641 2209 769 2249 quam
801 2198 906 2249 tum,
939 2210 1036 2237 cum
1064 2195 1116 2236 ad
1142 2195 1258 2248 ipsos
1283 2195 1548 2247 penetrarat;
1567 2201 1600 2228 ³⁵

212 2252 331 2293 cuius
361 2253 411 2293 de
439 2257 577 2295 morte
605 2256 827 2308 tamquam
853 2254 902 2295 de
929 2252 1198 2296 caerimoniis
1223 2251 1395 2292 violatis
1424 2265 1547 2305 quae-

212 2309 339 2362 ritur)
378 2334 434 2340 —
473 2312 546 2353 sed
584 2315 729 2353 tamen
765 2312 948 2353 maiores
986 2311 1124 2352 nostri
1161 2310 1206 2351 in
1243 2309 1462 2351 dominum
1497 2309 1547 2350 de
