1671 2543
584 98 684 133 CAP.
712 102 742 141 9,
773 101 815 132 10
842 101 861 140 ἓ
885 101 1035 133 20—26.
1391 99 1477 140 515

127 210 178 247 ut
214 206 457 248 incendium
489 206 654 261 patriae
688 206 847 247 omissa
879 207 995 247 omni
1028 206 1292 261 cogitatione
1325 207 1475 247 restin-

128 279 316 321 guerem.
379 264 518 307 Nemo
557 265 640 306 erit
676 268 847 319 praeter
883 280 1015 306 unum
1053 279 1138 319 me,
1176 264 1349 319 quicum
1380 280 1474 318 pro-

128 325 255 374 fecto,
282 324 317 366 si
339 324 440 378 quid
460 324 667 365 interesse
688 327 763 364 tua
782 326 991 377 putasses,
1011 338 1088 378 pro
1110 338 1275 364 summa
1295 323 1475 364 familia·

129 383 257 425 ritate
305 386 456 424 nostra
505 382 884 436 communicasses,
934 383 1006 437 qui
1057 383 1204 424 credat
1250 385 1293 423 te
1338 382 1475 423 invito

92 442 395 496 5provinciam
439 441 521 483 tibi
564 455 656 483 esse
695 441 921 482 decretam.
989 440 1130 495 Hanc,
1177 454 1353 495 quaeso,
1396 455 1475 495 pro

128 504 204 542 tua
247 500 458 555 singulari
503 499 714 554 sapientia
755 500 938 554 reprime
976 499 1138 541 famam
1176 502 1304 554 atque
1343 499 1475 554 effice,

127 573 180 601 ne
212 559 267 613 id,
300 560 413 613 quod
444 573 530 600 non
563 573 699 611 curas,
732 574 884 613 cupere
917 559 1096 600 videare.
1148 557 1269 607 Quod
1303 558 1474 612 quidem
1492 563 1536 594 24

129 632 178 660 eo
213 618 507 660 vehementius
539 617 620 659 tibi
652 617 935 658 laborandum
968 621 1051 671 est,
1090 618 1190 671 quia
1221 617 1267 658 in
1299 617 1476 658 eandem

129 677 277 718 cadere
304 677 591 731 suspicionem
619 676 797 731 collega,
823 677 888 717 vir
909 676 1184 730 clarissimus,
1210 690 1298 717 non
1316 678 1474 730 potest.

76 751 110 776 ιο
129 735 251 777 Nihil
289 736 444 777 horum
483 736 580 789 scit,
618 735 726 776 nihil
766 735 1026 789 suspicatur3
1062 735 1225 776 bellum
1263 735 1392 789 gerit,
1431 734 1476 775 in

128 795 218 836 acie
263 797 368 847 stat,
413 795 462 835 de
507 794 714 849 sanguine
759 796 802 835 et
838 794 887 834 de
927 794 1084 848 spiritu
1122 794 1332 848 decertat3
1376 796 1474 834 ante

127 853 393 908 provinciam
420 852 503 894 sibi
530 853 744 894 decretam
765 852 919 906 audiet,
946 867 1074 906 quam
1094 852 1285 906 potuerit
1305 855 1474 906 tempus

128 912 167 954 ei
198 912 261 953 rei
293 912 442 953 clatum
474 912 695 966 suspicari.
757 911 940 965 Vereor,
976 926 1029 952 ne
1062 912 1273 953 exercitus
1307 925 1475 964 quoque

127 971 285 1024 nostri,
330 971 403 1025 qui
443 985 531 1011 non
568 970 750 1012 dilectus
787 970 1065 1024 necessitate,
1109 970 1182 1011 sed
1220 969 1474 1011 voluntariis

76 1043 109 1069 15
130 1029 284 1071 studiis
329 1043 372 1070 se
417 1029 470 1070 ad
513 1043 604 1070 rem
646 1029 865 1083 publicam
910 1029 1202 1083 contulerunt,
1250 1028 1476 1069 tardentur

130 1088 301 1141 animis,
345 1087 381 1129 si
426 1087 654 1141 quicquam
699 1088 814 1128 aliud
859 1102 882 1128 a
920 1087 1046 1128 nobis
1083 1087 1167 1128 nisi
1206 1087 1255 1128 de
1292 1087 1475 1128 instanti

128 1147 243 1188 bello
278 1147 518 1201 cogitatum
549 1146 776 1200 putabrmt.
827 1145 988 1194 Quodsi
1018 1146 1264 1200 provinciae
1294 1145 1475 1187 consuli-

129 1206 210 1246 bus
237 1205 500 1259 expetendae
527 1205 737 1256 videntur,
765 1204 876 1246 sicut
902 1219 1026 1259 saepe
1054 1205 1203 1246 multis
1225 1204 1474 1246 clarissimis

130 1264 233 1305 viris
261 1264 473 1317 expetitae
500 1266 613 1314 sunt,
638 1264 802 1305 reddite
823 1263 942 1317 prius
961 1263 1086 1304 nobis
1106 1263 1305 1315 Brutum,
1330 1263 1477 1303 lumen

76 1336 111 1361 20
131 1326 174 1364 et
211 1323 338 1364 decus
377 1322 586 1376 civitatis3
625 1322 697 1376 qui
735 1322 797 1363 ita
836 1322 1148 1363 conservandus
1187 1324 1254 1362 est
1290 1321 1476 1362 utillud

131 1381 314 1436 signum,
346 1381 459 1435 quod
491 1382 537 1422 de
569 1381 684 1422 caelo
712 1381 933 1435 delapsum
958 1380 1117 1422 Vestae
1145 1380 1352 1422 custodiis
1380 1394 1476 1422 con-

131 1440 311 1493 tinetur3
349 1454 432 1493 quo
472 1440 589 1481 salvo
629 1439 737 1481 salvi
776 1454 922 1481 sumus
959 1439 1108 1480 futuri.
1169 1438 1289 1480 Tunc
1327 1439 1394 1480 vel
1431 1439 1476 1479 in

132 1498 296 1540 caelum
328 1512 417 1552 vos,
449 1498 486 1539 si
516 1498 609 1539 fieri
640 1499 844 1553 potuerit,
875 1499 1033 1539 umeris
1065 1498 1227 1539 nostris
1260 1498 1475 1551 tollemus,

131 1556 374 1611 provincias
420 1559 534 1597 certe
578 1557 853 1611 dignissimas
891 1557 1015 1598 vobis
1054 1556 1309 1611 deligemus3
1350 1571 1476 1610 nunc,

78 1629 112 1655 25
133 1615 245 1670 quod
273 1615 428 1669 agitur,
461 1628 651 1669 agamus.
700 1615 860 1670 Agitur
888 1618 1044 1668 autem,
1075 1615 1255 1655 liberine
1280 1614 1475 1655 vivamus

133 1689 187 1716 an
219 1677 403 1714 mortem
431 1673 646 1726 obeamus,
679 1687 785 1727 quae
813 1676 926 1714 certe
953 1674 1152 1714 servituti
1179 1673 1477 1726 anteponenda

133 1735 210 1776 est.
272 1730 400 1784 Quid,
439 1731 475 1772 si
513 1731 644 1772 etiam
681 1732 931 1772 tarditatem
969 1731 1107 1772 adfert
1144 1731 1230 1772 ista
1261 1731 1475 1772 sententia
1489 1735 1532 1766 25
1589 1742 1594 1747 ·

133 1792 186 1833 ad
223 1790 497 1832 Dolabellam
534 1790 902 1843 persequendum?
968 1788 1143 1838 Quando
1182 1790 1296 1830 enim
1333 1789 1476 1830 veniet

135 1849 312 1892 consul?
362 1848 431 1890 An
462 1848 506 1889 id
539 1851 846 1901 exspectamus,
880 1849 1019 1902 quoad
1049 1863 1102 1889 ne
1129 1848 1360 1903 vestigium
1388 1848 1477 1901 qui7

80 1921 115 1946 30
135 1909 230 1949 dem
261 1907 391 1948 Asiae
431 1907 654 1948 civitatum
693 1909 820 1960 atque
853 1907 1025 1947 urbium
1056 1907 1354 1960 relinquatur?
1415 1906 1476 1947 At

135 1967 311 2007 mittent
344 1966 530 2019 aliquem
563 1965 612 2006 de
645 1979 721 2006 suo
753 1979 943 2006 numero.
994 1964 1129 2006 Valde
1163 1965 1269 2006 mihi
1301 1965 1475 2019 probari

134 2027 298 2080 potest,
343 2024 415 2077 qui
468 2023 596 2077 paulo
645 2026 743 2064 ante
789 2023 1027 2065 clarissimo
1062 2024 1154 2065 viro
1192 2024 1361 2078 privato
1400 2024 1476 2064 im-

134 2083 301 2138 perium
345 2085 467 2123 extra
509 2082 702 2123 ordinem
744 2097 831 2123 non
874 2082 979 2123 dedi.
1053 2082 1114 2123 At
1156 2082 1377 2123 hominem
1418 2082 1476 2123 di-

135 2155 267 2196 gnum
301 2141 486 2181 mittent.
536 2139 653 2181 Num
684 2140 730 2181 P.
763 2139 942 2182 Servilio
976 2140 1243 2196 digniorem?
1292 2140 1354 2181 At
1380 2155 1476 2182 eum

82 2212 116 2237 35
137 2200 307 2254 quidem
352 2200 503 2240 civitas
544 2213 632 2240 non
673 2198 817 2240 habet.
883 2197 1004 2247 Quod
1046 2213 1149 2254 ergo
1187 2199 1278 2253 ipse
1315 2199 1476 2240 nemini

134 2259 284 2312 putavi
329 2257 513 2299 dandum
556 2272 608 2299 ne
653 2272 677 2298 a
721 2260 873 2298 senatu
916 2257 1104 2312 quidem,
1147 2257 1190 2298 id
1232 2271 1311 2313 ego
1349 2258 1474 2299 unius

136 2317 293 2358 iudicio
326 2316 515 2357 delatum
548 2316 851 2370 comprobem?
900 2315 1114 2370 Expedite
1145 2317 1271 2358 nobis
1302 2316 1475 2358 homine
1489 2325 1533 2355 2ss

1189 2384 1260 2419 33*
