1671 2543
218 78 300 113 LIV
635 76 912 112 ADNOTATIO
939 75 1137 112 CRITICA.

219 196 254 228 p.
276 188 331 219 37.
347 188 402 218 37.
424 201 466 209 -’
494 182 533 218 P.
556 186 632 217 158.
648 187 668 217 6
695 188 765 228 atq.
786 193 878 217 curs.
899 181 969 217 del.
990 181 1115 217 Cobet.
1143 182 1216 216 Mn.
1239 185 1329 217 1862
1355 193 1390 225 p.
1411 184 1490 216 329.
1511 201 1556 207 -—

219 231 259 266 P.
281 234 395 265 1588
425 242 514 266 susc.
548 232 607 266 sit
637 230 759 272 codd,
791 229 927 273 Klotz„
962 234 1012 264 est
1041 228 1156 273 Bait„
1187 229 1316 272 Kays,
1347 227 1469 269 Reid.;
1507 227 1557 262 ad

219 290 254 322 p.
271 281 414 321 128.19,
439 280 585 312 12628.
607 297 650 302 -
669 277 707 312 P.
725 280 802 311 158.
818 280 861 311 33
882 287 933 320 sq.
954 281 987 311 et
1010 277 1187 319 famiiiar.
1207 286 1277 311 om.
1298 287 1392 310 unus
1417 274 1496 309 cod.
1515 274 1555 319 P,

219 324 334 367 Bait.;
367 324 412 359 cf.
437 336 472 369 p.
495 327 572 358 155.
588 327 619 358 4.
647 344 691 349 -
716 323 755 368 P.
777 326 915 358 159.14
945 324 1009 368 qai
1039 334 1164 368 saepe
1194 323 1260 358 hoe
1283 322 1419 366 Klotz„
1450 321 1555 357 Reid.

222 373 299 417 (qui
325 383 496 417 persaepe
520 372 585 406 hoc
609 372 697 405 vett.
725 370 840 414 edd),
873 371 936 415 qui
960 381 994 405 se
1018 371 1083 404 hoc
1108 369 1213 404 codd.
1238 371 1388 414 praeter
1412 368 1476 411 G23
1508 368 1558 403 ad

219 431 255 463 p.
277 423 332 454 66.
348 423 402 453 11.
429 439 474 444 ——
499 418 538 453 P.
561 421 698 453 15916
725 418 911 463 coyitatote
936 416 1015 460 GE,
1041 416 1177 459 Klotz.;
1204 416 1252 450 ad
1275 428 1311 461 p.
1332 420 1411 451 379.
1426 419 1481 451 31.

314 499 605 534 Pisonianam
637 498 844 533 orationem
875 497 906 533 si
931 498 1013 542 quis
1044 500 1153 532 tanta
1183 498 1272 542 fide,
1306 499 1447 542 quanta
1478 497 1558 533 fieri

222 547 370 581 omnino
396 546 507 581 hodie
532 548 672 591 potest,
706 545 871 580 editurus
898 547 970 589 est,
1004 544 1039 580 ei
1062 556 1154 590 opus
1180 547 1238 580 est
1265 544 1557 580 accuratioribus

221 593 483 629 collationibus
503 592 671 628 codicum
685 592 725 636 T,
745 604 769 637 p
779 592 952 637 alimps.
969 592 1158 636 Taurin,
1180 594 1217 627 et
1232 592 1275 635 V,
1294 591 1438 627 Vatic.
1452 592 1487 626 H
1500 595 1556 636 25,

222 652 335 685 quam
360 640 494 685 quibus
520 651 586 674 nos
612 639 750 674 utimur
775 650 797 673 a
822 639 986 684 Peyrone
1012 641 1050 673 et
1075 638 1275 674 Garatonio
1300 638 1423 674 factis.
1459 638 1559 673 Nam

222 699 448 732 quamquam
469 698 536 732 ego
556 687 667 731 paulo
687 686 771 731 plus
791 686 919 721 diffido
942 697 1068 721 00111111
1091 685 1303 731 integritati
1327 697 1440 730 quam
1464 696 1557 721 1000.

222 735 317 778 edd,
344 737 471 769 tamen
495 745 602 768 nemo
625 735 750 779 potest
769 733 951 777 dubitare,
979 732 1069 777 quin
1086 733 1196 778 longe
1214 735 1408 778 praestent
1425 732 1558 768 ceteris

222 781 422 817 codicibus.
471 781 612 815 Horum
637 783 679 815 ut
708 780 804 815 inter
833 780 952 815 malos
978 780 1141 825 optimus
1167 782 1224 815 est
1249 780 1496 824 Salisburg.
1523 779 1558 824 S,

222 840 381 872 quocum
414 828 505 862 ‘fere
543 828 732 872 conspirat
766 827 932 863 Monac.
967 831 1010 862 68
1041 827 1080 862 Μ
1116 826 1331 862 foedissime
1369 826 1558 871 scriptus'.

222 875 386 910 Erfurt.
413 875 443 910 E
476 874 546 909 etsi
578 886 651 909 non
681 885 885 918 numquam
917 874 1016 908 solus
1048 875 1114 909 aut
1144 886 1227 909 cum
1252 873 1284 909 G
1315 875 1381 908 aut
1411 885 1495 908 011111
1518 874 1558 917 Ρ,

225 922 462 957 ‘lectionibus
488 921 659 956 codicis
679 921 951 964 Pithoeani’,
978 920 1042 965 qui
1066 932 1148 956 raro
1169 922 1486 965 commemoratur,
1513 921 1559 955 de

222 981 294 1013 quo
315 970 363 1003 ad
387 969 458 1013 leg.
480 980 568 1013 agr„
593 968 749 1003 meliora
768 968 884 1003 habet
903 970 959 1013 (ut
977 980 1011 1012 p.
1029 972 1106 1003 174.
1119 973 1138 1003 7
1158 969 1231 1012 hos,
1257 968 1358 1012 quod
1377 979 1446 1003 om.
1466 967 1558 1011 rell.‚

224 1021 360 1051 189.13
386 1021 476 1051 recte
501 1028 597 1060 ozam,
623 1015 683 1050 FS
708 1021 798 1051 recte
824 1028 882 1059 an,
909 1015 942 1050 V
961 1020 1172 1059 recterzearzt,
1200 1018 1277 1050 191.
1293 1019 1336 1050 29
1357 1016 1454 1059 quid,
1479 1014 1558 1050 rell.

222 1065 373 1108 quidem,
401 1065 439 1098 et
462 1068 503 1098 ta
522 1064 574 1106 de,
603 1062 682 1097 rell.
703 1064 755 1105 de,
783 1066 920 1097 195.19
941 1063 1186 1108 praedatores,
1213 1061 1245 1097 G
1263 1063 1475 1108 preditores,
1500 1061 1560 1097 FS

218 1112 434 1157 perditores,
468 1113 546 1144 201.
561 1113 583 1143 4
614 1110 790 1153 morbum,
822 1121 855 1144 V.
884 1113 927 1143 10
957 1121 992 1144 se
1022 1111 1114 1154 ipse,
1147 1109 1252 1144 SFM
1282 1113 1427 1144 mortem
1459 1110 1498 1143 et
1525 1120 1561 1144 se

221 1159 372 1202 ipsum),
397 1156 615 1202 plerumque
640 1158 766 1190 tamen
792 1155 952 1190 deterior
977 1157 1035 1190 est
1059 1166 1172 1200 quam
1198 1155 1297 1201 SOE),
1323 1157 1366 1190 ut
1389 1167 1424 1200 p.
1447 1160 1524 1191 179.
1539 1160 1560 1191 3

223 1209 311 1239 nota
335 1206 460 1239 inusta
478 1203 511 1237 V
531 1202 710 1247 corrupit:
735 1208 823 1238 nota
847 1204 956 1246 iusta,
982 1202 1042 1237 FS
1061 1208 1149 1238 ‘nota
1172 1204 1272 1246 iusti,
1297 1202 1327 1237 E
1347 1214 1423 1237 ozon
1446 1204 1559 1238 iussu.

222 1250 415 1295 Frising.
437 1254 504 1285 520
523 1250 552 1284 F
571 1249 665 1283 nihil
690 1249 830 1294 proprii
854 1260 922 1284 nec
942 1248 1029 1284 boni
1053 1260 1122 1284 nee
1142 1249 1227 1284 vitii
1251 1248 1408 1293 insignis
1434 1249 1560 1294 habet,

222 1297 402 1341 Erlang.
430 1296 462 1332 G
485 1296 525 1330 in
549 1296 621 1330 hac
646 1299 738 1331 orat.
761 1295 892 1331 melior
917 1298 974 1331 est
1002 1307 1112 1338 xgiam
1135 1295 1175 1330 in
1199 1298 1291 1331 orat.
1310 1298 1397 1340 post
1420 1296 1496 1332 red.
1521 1296 1562 1331 in

224 1355 311 1387 sen.,
337 1354 425 1378 nam
449 1354 518 1378 nec
541 1345 650 1378 tanta
672 1342 829 1378 libidine
849 1344 1034 1378 correctus
1054 1345 1112 1378 est
1131 1345 1168 1378 et
1187 1343 1331 1387 aliquot
1349 1342 1440 1378 locis
1461 1343 1561 1378 solus

223 1401 312 1425 uera
348 1389 512 1425 servavit
540 1392 583 1424 ut
612 1394 783 1435 111683
814 1392 852 1425 υἱ
886 1395 1030 1434 terrere,
1070 1394 1182 1426 1723
1216 1391 1383 1434 Vibellio,
1423 1394 1500 1426 173.
1516 1394 1561 1425 20

223 1440 372 1481 ieceras,
404 1437 483 1472 rell.
509 1438 658 1481 ieceras,
690 1441 767 1472 180.
783 1441 825 1471 21
852 1449 879 1471 π
908 1448 974 1481 pro
1005 1449 1218 1483 numquam,
1251 1437 1329 1471 rell.
1355 1439 1505 1482 praeter
1527 1438 1563 1472 V

224 1496 311 1528 om.,
351 1489 428 1519 196.
443 1488 463 1518 2
496 1485 736 1529 appolim'ate,
774 1483 852 1518 rell.
886 1485 1084 1529 apollmate
1120 1486 1186 1518 aut
1222 1485 1373 1529 appoll„
1413 1483 1561 1529 saepius

223 1531 446 1566 vetustiores
471 1530 620 1565 formas.

321 1578 545 1613 Tractatum:
571 1577 668 1612 hanc
693 1579 785 1612 orat.
813 1579 1058 1612 correctorum
1083 1576 1233 1612 inscitia
1258 1588 1303 1612 00
1327 1577 1483 1612 libidine
1507 1577 1562 1612 in-

227 1624 526 1668 quinatissimam
550 1624 653 1659 Bak.
681 1624 801 1659 Schol.
820 1624 907 1669 hyp.
927 1625 977 1659 IV
996 1636 1031 1669 p.
1047 1628 1232 1660 298-314
1258 1626 1296 1659 et
1320 1625 1455 1660 Mnem.
1470 1629 1562 1661 1860

225 1684 261 1716 p.
283 1675 480 1715 211-213,
506 1671 748 1706 Francken.
774 1671 909 1706 Mnem.
931 1675 1021 1706 1884
1044 1683 1080 1716 p.
1102 1675 1144 1705 62
1166 1683 1244 1716 sqq.

319 1730 544 1774 Fragmenta
564 1729 710 1764 Cusana
728 1729 779 1764 XI
798 1729 914 1764 habet
931 1729 1082 1774 Kayser.
1102 1729 1142 1765 T.
1159 1729 1209 1764 XI
1228 1741 1263 1774 p.
1279 1734 1311 1773 3,
1330 1741 1404 1765 non
1422 1730 1564 1765 habent

224 1777 346 1812 Halm.
373 1778 411 1811 et
440 1776 558 1811 Klotz,
586 1797 630 1802 ——-
661 1776 700 1811 P.
722 1780 835 1812 1623
870 1777 1078 1812 Caesonini
1110 1776 1278 1812 Momms.
1305 1779 1401 1812 auct.
1427 1776 1560 1811 Kiessl.

226 1826 263 1858 et
283 1823 439 1858 Schoell.
454 1835 489 1868 p.
504 1823 594 1866 XLI,
612 1824 829 1859 Caesoniam
847 1825 991 1868 (aziam)
1013 1823 1129 1867 codd,
1147 1823 1385 1859 Caesoninum
1403 1823 1502 1868 vulg.
1517 1844 1562 1849 —

225 1871 263 1906 P.
286 1875 363 1906 162.
380 1875 400 1906 9
422 1882 474 1914 sq.
497 1870 624 1905 Oratio
647 1871 889 1906 ‘Mommseno
907 1870 1009 1905 viam
1032 1872 1263 1905 monstrante
1287 1869 1343 1904 ita
1360 1870 1437 1905 fere
1455 1869 1562 1905 resti-

225 1918 365 1952 tuenda
402 1917 563 1952 videtur’
597 1916 823 1962 Kiesslingio
862 1919 900 1952 et
930 1917 1113 1952 Schoellio
1150 1929 1184 1962 p.
1216 1917 1312 1952 XLI:
1349 1917 1564 1952 Lautiorem

225 1966 342 2009 iyitur
367 1969 399 2000 et
424 1970 464 2000 tu
489 1970 521 2000 et
540 1970 648 2010 pater
673 1970 757 2000 tuus
780 1976 938 2000 socerum
958 1977 1066 2010 quam
1087 1965 1122 2000 0.
1143 1965 1229 1999 Piso
1247 1965 1445 1999 invenistis.
1480 1965 1564 1999 Iam

225 2012 268 2045 ‘in
297 2012 360 2046 illo
393 2012 493 2047 luctu
525 2013 641 2056 (finito
672 2012 736 2046 illo
768 2012 868 2047 luctu
892 2011 1075 2057 Momms.)
1100 2023 1219 2046 norme
1243 2011 1276 2046 ei
1304 2011 1420 2054 filiam
1449 2022 1564 2046 meam

225 2058 408 2101 collocavi,
431 2070 532 2103 quem
551 2070 624 2104 090,
649 2059 730 2099 licet
747 2060 837 2093 mihi
856 2063 1017 2104 potestas
1030 2079 1086 2094 —.
1106 2079 1150 2084 —
1169 2057 1208 2092 P.
1225 2060 1301 2092 162.
1317 2060 1359 2091 27
1381 2057 1502 2102 Frgm.
1519 2061 1562 2092 18

226 2102 376 2138 Halmio
407 2116 442 2149 p.
465 2109 553 2140 1101
587 2106 645 2140 tex
675 2104 876 2139 Pisoniana
906 2105 1068 2150 petitum
1097 2104 1273 2147 videtur’,
1303 2103 1433 2138 Beiero
1460 2103 1561 2140 Orat.

226 2149 334 2194 frgm.
360 2162 395 2194 p.
412 2155 478 2186 196
506 2163 550 2186 ex
574 2151 669 2186 libro
694 2151 748 2186 De
775 2151 850 2186 suis
876 2151 1051 2187 consiliis.
1093 2151 1183 2186 Eius
1207 2150 1288 2185 1000
1314 2151 1396 2185 edd.
1422 2150 1564 2185 habent

227 2196 334 2241 frgm.
358 2201 400 2232 10
427 2199 623 2234 Procez'mus
647 2200 857 2244 Pompeium
886 2200 1064 2242 sedebam,
1097 2198 1142 2233 de
1167 2208 1239 2242 quo
1263 2209 1297 2232 V.
1322 2197 1417 2232 Keil.
1441 2196 1562 2233 Diom.

227 2255 262 2287 p.
289 2247 369 2279 410.
385 2249 415 2279 7.
443 2265 487 2270 —
512 2245 565 2279 De
596 2245 704 2290 frgm.
732 2249 775 2279 19
806 2245 927 2280 Halm.
958 2246 1006 2279 ad
1039 2244 1161 2287 Quint.
1186 2244 1273 2279 VIII
1303 2247 1393 2279 5.18
1422 2244 1482 2278 ‘ex
1511 2255 1562 2280 or.

226 2289 301 2325 Cic.
321 2289 360 2324 in
379 2290 587 2326 Pisonem‘?’
611 2313 654 2318 —
680 2292 719 2327 P.
742 2296 818 2327 163.
835 2296 854 2326 2
875 2304 966 2327 eras
984 2292 1149 2336 Lanam„
1174 2290 1265 2325 Bak.
1285 2302 1320 2336 p.
1336 2294 1415 2335 298,
1440 2290 1563 2327 Halm.
