1671 2543
209 111 298 153 400
394 109 446 145 IN
472 110 520 145 M.
546 109 806 146 ANTONIUM
833 108 1007 144 ORATIO
1033 108 1306 145 PHILIPPICA
1331 109 1377 144 Π.

209 233 297 261 11011
328 218 477 273 multa,
510 231 644 271 eaque
676 217 910 271 maculosa,
943 217 1132 259 eiusdem
1166 216 1375 272 quaedam
1407 232 1556 274 argen-

210 280 282 320 tea
324 292 426 319 vasa
467 276 648 330 conlisa,
693 276 912 317 sordidata
951 276 1182 330 mancipia,
1226 279 1276 318 ut
1313 276 1554 324 doleremus

212 336 443 391 quicquam
470 349 563 388 esse
589 349 640 376 ex
666 335 753 376 illis
780 334 985 389 reliquiis,
1013 335 1127 389 quod
1152 335 1296 377 videre
1315 349 1554 390 possemus.

152 403 195 435 74
209 395 332 437 Hanc
384 398 530 436 tamen
579 394 822 435 auctionem
870 393 1047 435 heredes
1097 392 1145 435 L.
1192 393 1331 436 Rubri
1381 394 1553 437 decreto

83 1005 191 1093 Α)

147 1091 190 1122 75

146 1994 188 2024 76

209 453 405 496 Caesaris
437 452 763 508 prohibuerunt.
819 451 1041 494 Haerebat
1071 452 1249 508 nebulo,
1281 467 1365 508 quo
1392 467 1437 495 se
1463 467 1553 495 ver·
1590 468 1608 495 5

208 516 342 567 teret,
372 526 459 554 non
490 511 692 553 habebat.
754 510 867 560 Quin
896 511 965 552 his
997 511 1103 566 ipsis
1136 512 1405 566 temporibus
1438 511 1555 554 domi

208 571 406 613 Caesaris
444 585 674 625 percussor
711 571 765 613 ab
803 570 889 612 isto
928 570 1085 611 missus
1125 570 1414 625 deprehensus
1446 571 1555 613 dice-

207 631 337 672 batur
369 644 462 671 esse
495 644 592 672 cum
625 629 730 685 sica3
762 629 812 671 de
845 643 929 684 quo
956 628 1115 671 Caesar
1145 629 1191 671 in
1222 632 1375 671 senatu
1407 632 1555 684 aperte

207 690 252 730 in
295 692 338 730 te
377 688 583 730 invehens
622 691 800 742 questus
839 690 916 730 est.
984 687 1280 730 Proficiscitur
1317 688 1363 730 in
1399 687 1554 743 Hispa-

206 748 324 789 niam
363 746 521 789 Caesar
563 748 711 802 paucis
749 746 832 788 tibi
870 747 923 788 ad
961 747 1213 789 solvendum
1251 749 1430 802 propter
1466 747 1555 790 1110-
1576 763 1608 788 ιο

206 807 324 861 piam
344 809 465 848 tuam
484 806 732 861 prorogatis
754 806 914 848 diebus.
955 804 1022 847 Ne
1043 808 1136 847 tum
1158 806 1330 860 quidem
1350 806 1554 860 sequeris.

205 866 313 907 Tam
351 866 490 907 bonus
527 864 745 920 gladiator
776 865 925 906 rudem
957 867 1047 906 tam
1080 865 1197 906 cito?
1259 864 1387 907 Hunc
1419 865 1556 920 igitur

206 925 448 979 quisquam,
481 924 554 978 qui
580 924 626 965 in
650 924 739 965 suis
765 923 975 978 partibuS,
1007 923 1050 964 id
1075 926 1142 965 est
1166 923 1212 964 in
1238 923 1327 965 suis
1354 923 1555 979 fortunis,

206 986 297 1024 tam
328 983 506 1024 timidus
538 982 681 1037 fuerit,
711 982 1023 1037 pertimescat?

294 1041 521 1083 Profectus
553 1044 620 1083 est
645 1041 876 1095 aliquando
903 1041 1076 1083 tandem
1102 1041 1147 1082 in
1171 1040 1448 1096 Hispaniam3
1479 1041 1553 1084 sed
1574 1056 1606 1082 15

205 1103 320 1155 tuto,
364 1104 413 1142 ut
458 1101 536 1154 ait,
580 1100 802 1155 pervenire
839 1115 927 1142 non
963 1100 1120 1154 potuit.
1189 1099 1386 1149 Quonam
1424 1100 1553 1142 modo

204 1159 340 1215 igitur
378 1158 607 1201 Dolabella
643 1159 869 1214 pervenit?
932 1159 1021 1200 Aut
1051 1173 1139 1200 non
1171 1159 1442 1214 suscipienda
1471 1158 1556 1201 fuit

205 1219 290 1259 ista
328 1232 472 1272 causa,
510 1217 694 1271 Antoni,
727 1220 818 1271 aut,
851 1232 948 1259 cum
981 1217 1261 1272 suscepisses,
1293 1217 1555 1259 defendenda

203 1291 339 1330 usque
395 1277 448 1317 ad
498 1279 749 1317 extremum.
822 1275 905 1317 Ter
949 1276 1211 1330 depugnavit
1255 1274 1413 1318 Caesar
1456 1290 1553 1318 011111

205 1335 382 1388 civibus,
409 1334 453 1375 in
473 1334 707 1387 Thessalia,
728 1334 887 1388 Africa,
907 1333 1130 1388 Hispania.
1182 1333 1393 1376 Omnibus
1415 1333 1554 1376 adfuit
1574 1350 1608 1374 20

203 1393 272 1434 his
317 1393 473 1448 pugnis
518 1391 764 1447 Dolabella,
815 1393 859 1434 in
902 1392 1180 1447 Hispaniensi
1224 1393 1355 1434 etiam
1399 1393 1553 1435 vulnus

205 1451 382 1505 accepit.
440 1449 485 1492 Si
512 1451 561 1492 de
589 1465 684 1492 meo
711 1451 868 1492 iudicio
896 1451 1078 1505 quaeris,
1103 1451 1282 1506 nollem;
1308 1451 1381 1493 sed
1408 1454 1554 1494 tamen

205 1510 433 1551 consilium
465 1524 490 1550 a
515 1509 655 1564 primo
683 1510 1094 1563 reprehendendum,
1119 1509 1332 1551 laudanda
1359 1513 1554 1552 constan-

204 1569 278 1610 tia.
341 1568 405 1609 Tu
443 1582 543 1609 vero
584 1568 685 1622 quid
724 1569 798 1609 es?
861 1567 936 1610 Cn.
969 1568 1147 1622 Pompei
1186 1568 1312 1610 liberi
1345 1572 1438 1611 tum
1469 1569 1553 1624 pri-

204 1642 322 1668 mum
354 1627 541 1681 patriam
573 1627 837 1681 repetebant.
899 1627 1027 1681 Esto,
1064 1627 1196 1668 fuerit
1227 1627 1332 1669 haec
1363 1628 1554 1682 partium
1573 1642 1606 1668 25

206 1700 334 1727 causa
372 1686 623 1727 communis.
686 1685 958 1740 Repetebant
989 1688 1212 1740 praeterea
1243 1686 1343 1728 deos
1374 1687 1553 1741 patrios,

204 1759 313 1799 aras,
332 1744 465 1799 focos,
485 1745 620 1786 larem
642 1759 766 1786 suum
786 1744 1057 1799 familiarem,
1077 1745 1121 1786 in
1137 1759 1243 1799 quae
1259 1748 1307 1786 tu
1321 1745 1551 1787 invaseras.

202 1803 322 1845 Haec
367 1818 463 1845 cum
501 1806 697 1857 peterent
734 1803 865 1845 armis
903 1803 953 1858 ii,
997 1818 1180 1857 quorum
1219 1806 1342 1844 erant
1380 1803 1550 1859 legibus

204 1861 305 1916 (etsi
344 1863 389 1903 in
427 1862 555 1903 rebus
594 1862 878 1916 iniquissimis
917 1862 1019 1916 quid
1050 1864 1197 1916 potest
1229 1876 1321 1903 esse
1367 1862 1552 1916 aequi?),

202 1924 348 1962 tamen
375 1935 502 1974 quem
527 1923 621 1962 erat
647 1921 955 1975 aequissimum
982 1923 1132 1961 contra
1153 1919 1227 1962 Cn.
1248 1920 1427 1974 Pompei
1448 1921 1552 1962 libe·
1570 1934 1605 1960 30

204 1993 274 2021 ros
295 1993 500 2034 pugnare,
527 1979 683 2033 quem?
721 1978 780 2020 Te
801 1982 1024 2021 sectorem.
1058 1978 1139 2033 An,
1160 1993 1257 2020 cum
1278 1982 1326 2020 tu
1346 1978 1550 2020 Narbone

203 2052 373 2079 mensas
405 2038 628 2092 hospitum
661 2051 948 2092 convomeres,
974 2036 1205 2079 Dolabella
1230 2052 1309 2092 pro
1337 2040 1379 2079 te
1406 2037 1451 2079 in
1475 2036 1551 2078 Hi—

205 2097 356 2151 spania
388 2096 645 2138 dimicaret?

135 2160 206 2202 (76)
300 2154 381 2204 Qui
414 2169 513 2196 vero
547 2153 750 2196 Narbone
783 2154 965 2195 reditus!
1023 2154 1171 2196 Etiam
1198 2154 1443 2209 quaerebat,
1476 2168 1550 2196 cur

206 2226 285 2267 ego
326 2228 376 2254 ex
415 2213 510 2267 ipso
550 2227 677 2255 cursu
709 2216 800 2254 tam
832 2213 976 2254 subito
1009 2213 1294 2254 revertissem.
1354 2211 1604 2266 Exposui&

148 2267 166 2274 '⁵
204 2285 357 2325 nuper,
389 2275 534 2325 patres
568 2271 820 2326 conscripti,
851 2286 1025 2313 causam
1056 2271 1218 2312 reditus
1249 2269 1344 2311 mei.
1405 2270 1550 2325 Volui,

206 2343 242 2368 31
268 2343 451 2383 possem,
484 2330 616 2371 etiam
646 2332 743 2371 ante
769 2330 985 2371 Kalendas
1011 2329 1232 2370 Ianuarias
1258 2328 1460 2382 prodesse
1486 2330 1548 2371 rei
