1671 2543
183 84 271 125 290
480 82 573 118 PRO
599 82 639 118 Τ.
665 81 819 117 ANNIO
845 81 1030 118 MILONE
1059 81 1249 118 ORATIO.

183 190 395 244 debeatis,
438 190 523 231 nisi
567 192 664 231 uter
707 189 795 231 utri
838 189 1016 232 insidias
1055 189 1216 232 fecerit.
1285 189 1409 240 Quod
1446 205 1531 246 quo

183 248 353 291 facilius
400 248 666 303 argumentis
711 248 952 303 perspicere
992 248 1190 303 possitis,
1233 263 1324 290 rem
1362 251 1528 304 gestam

183 307 307 350 vobis
328 307 428 348 dum
448 307 639 359 breviter
659 321 837 361 expono,
863 321 1034 361 quaeso,
1061 307 1290 362 diligenter
1309 307 1532 350 attendite.

124 373 170 404 24
273 365 319 407 P.
346 364 521 408 Clodius
555 380 651 407 cum
678 365 905 407 statuisset
931 366 1048 407 omni
1075 366 1232 408 scelere
1258 366 1303 408 in
1327 369 1531 421 praetura

183 439 336 467 vexare
363 439 453 465 rem
479 424 698 478 publicam
723 424 970 478 videretque
997 424 1060 466 ita
1079 427 1221 466 tracta
1240 439 1332 466 esse
1353 425 1529 467 comitia
1565 437 1582 464 ⁵

183 498 295 525 anno
317 483 548 537 superiore,
573 485 623 524 ut
641 497 728 524 non
747 483 908 524 multos
928 497 1096 525 menses
1116 486 1363 538 praeturam
1382 497 1531 540 gerere

181 545 349 596 posset,
389 542 462 596 qui
499 556 587 583 non
622 541 800 583 honoris
839 542 1020 597 gradum
1059 545 1275 596 spectaret
1305 545 1355 584 ut
1387 543 1531 596 ceteri,

183 601 257 642 sed
296 603 338 641 et
369 599 415 641 L.
447 599 630 642 Paulum
669 600 881 655 collegam
917 600 1101 656 effugere
1134 601 1282 655 vellet,
1320 601 1530 657 singulari

182 659 342 700 virtute
388 659 540 713 civem,
586 661 630 700 et
671 673 830 700 annum
866 659 1086 714 integrum
1124 659 1177 701 ad
1214 659 1530 702 dilacerandam

183 733 273 759 rem
305 717 524 772 publicam
558 720 794 772 quaereret,
830 717 974 759 subito
1006 718 1184 772 reliquit
1215 733 1373 760 annum
1405 733 1528 761 suum
1551 730 1585 756 1⁰

182 790 360 830 seseque
404 776 449 817 in
493 791 651 817 annum
690 776 936 830 proximum
973 777 1199 818 transtulit
1234 791 1338 832 non,
1381 779 1432 819 ut
1467 777 1531 832 fit,

182 835 389 890 religione
428 835 590 889 aliqua,
634 835 707 876 sed
745 838 795 876 ut
831 835 1028 890 haberet,
1067 835 1181 890 quod
1217 836 1309 890 ipse
1347 835 1531 890 dicebat,

185 894 237 935 ad
268 896 518 948 praeturam
550 893 801 949 gerendam,
838 893 920 936 hoc
953 896 1020 936 est
1051 894 1103 935 ad
1135 894 1410 936 evertendam
1440 909 1531 936 rem

124 959 167 990 25
182 952 413 1007 publicam,
445 952 620 1007 plenum
647 967 804 994 annum
831 955 959 1006 atque
985 953 1214 1008 integrum.
1266 952 1531 995 Occurrebat

183 1011 221 1052 ei
254 1025 451 1053 mancam
483 1025 531 1053 ac
563 1011 749 1053 debilem
779 1014 1029 1066 praeturam
1060 1011 1253 1053 futuram
1286 1026 1408 1053 suam
1434 1023 1584 1054 con-1⁵

183 1069 273 1111 sule
310 1069 491 1123 Milone,
529 1084 627 1111 eum
661 1084 790 1124 porro
825 1084 991 1112 summo
1026 1084 1236 1112 consensu
1266 1070 1416 1125 populi
1448 1069 1531 1112 Ro-

183 1128 298 1169 mani
349 1103 568 1170 consulem
619 1128 711 1169 fieri
754 1128 938 1170 videbat.
1012 1127 1210 1171 Contulit
1254 1143 1298 1170 se
1343 1129 1396 1171 ad
1439 1129 1530 1171 eius

182 1186 493 1240 conpetitores,
532 1187 604 1228 sed
636 1187 716 1240 ita,
748 1189 888 1228 totam
919 1190 968 1229 ut
999 1187 1255 1242 petitionem
1286 1187 1378 1242 ipse
1413 1188 1529 1230 solus

184 1245 315 1286 etiam
347 1245 495 1286 invitis
527 1245 614 1285 illis
645 1245 917 1300 gubernaret,
949 1249 1044 1287 tota
1069 1248 1119 1287 ut
1145 1246 1322 1287 comitia
1347 1246 1450 1301 suis,
1480 1250 1529 1287 ut

182 1303 430 1356 dictitabat,
470 1303 626 1344 umeris
666 1303 910 1345 sustineret.
974 1303 1251 1346 Convocabat
1287 1304 1446 1358 tribus,
1483 1319 1528 1346 se
1548 1317 1583 1342 20

181 1361 498 1415 interponebat,
530 1359 744 1403 Collinam
769 1376 926 1403 novam
952 1362 1111 1404 dilectu
1135 1362 1529 1416 perditissimorum

183 1419 340 1461 civium
367 1419 677 1461 conscribebat.
718 1419 887 1468 Quanto
914 1420 986 1462 ille
1011 1421 1136 1475 plura
1156 1421 1378 1475 miscebat,
1404 1424 1527 1464 tanto

181 1478 252 1519 hic
284 1478 422 1533 magis
456 1478 500 1519 in
532 1478 621 1519 dies
655 1479 992 1520 convalescebat.
1054 1478 1141 1521 Ubi
1173 1479 1281 1521 vidit
1312 1479 1442 1522 homo
1476 1481 1529 1522 ad

183 1550 307 1578 omne
347 1535 511 1578 facinus
550 1537 851 1591 paratissimus
891 1537 1181 1579 fortissimum
1218 1538 1358 1580 virum
1389 1538 1529 1580 inimi-

183 1595 403 1636 cissimum
436 1609 560 1636 suum
594 1595 881 1638 certissimum
909 1596 1128 1638 consulem
1160 1596 1286 1651 idque
1313 1597 1528 1639 intellexit
1548 1609 1581 1634 2⁶

181 1668 268 1695 non
312 1654 453 1695 solum
497 1654 786 1709 sermonibus,
829 1655 903 1696 sed
947 1655 1079 1696 etiam
1124 1655 1340 1711 suffragiis
1378 1656 1528 1710 populi

182 1711 366 1753 Romani
399 1727 525 1767 saepe
559 1726 651 1754 esse
685 1713 961 1767 declaratum,
992 1714 1288 1769 palam-agere
1315 1714 1459 1768 coepit
1484 1719 1528 1756 et

123 1783 166 1815 26
183 1774 329 1825 aperte
368 1771 506 1812 dicere
545 1771 823 1813 occidendum
864 1771 1081 1813 Milonem.
1120 1771 1300 1817 .Servos
1333 1775 1526 1828 agrestes

182 1832 224 1870 et
262 1830 488 1882 barbaros,
527 1829 683 1884 quibus
723 1830 853 1872 silvas
888 1830 1083 1885 publicas
1117 1831 1401 1885 depopulatus
1434 1834 1528 1873 erat

179 1887 487 1942 Etruriamque
527 1891 720 1942 vexarat,
759 1903 809 1929 ex
841 1889 1098 1944 Appennino
1131 1889 1381 1943 deduxerat,
1419 1903 1525 1944 quos
1546 1901 1580 1926 ³⁰

180 1946 403 1988 videbatis.
464 1945 550 1988 Res
589 1949 682 1987 erat
714 1947 887 1988 minime
921 1947 1115 1989 obscura.
1175 1947 1351 1989 Etenim
1382 1948 1526 2002 palam

181 2005 413 2046 dictitabat
452 2005 723 2046 consulatum
761 2005 914 2047 Miloni
953 2006 1060 2060 eripi
1092 2020 1180 2047 non
1210 2020 1354 2061 posse,
1391 2006 1526 2046 vitam

111 2067 330 2116 (Qffposse.
383 2062 654 2117 Significavit
684 2063 765 2105 hoc
799 2078 923 2118 saepe
955 2064 1000 2105 in
1031 2067 1194 2117 senatu,
1226 2064 1335 2105 dixit
1359 2063 1404 2104 in
1429 2077 1526 2104 con·
1566 2078 1569 2079 ⁷

184 2121 317 2175 tione3
352 2121 456 2175 quin
489 2122 620 2162 etiam
653 2124 713 2163 ΛΜ.
746 2121 956 2177 Favonio,
988 2122 1226 2164 fortissimo
1258 2121 1368 2174 vim,
1400 2135 1524 2175 quae-

182 2179 292 2219 renti
331 2194 381 2221 ex
420 2194 489 2233 eo,
528 2194 612 2234 qua
650 2194 724 2234 spe
766 2180 927 2222 fureret
959 2180 1119 2222 Milone
1151 2180 1265 2234 vivo,
1301 2180 1525 2233 respondit
1544 2190 1578 2217 ³⁵

181 2237 323 2278 triduo
359 2237 483 2278 illum
516 2241 591 2279 aut
624 2253 840 2280 summum
874 2238 1109 2292 quadriduo
1143 2251 1233 2279 esse
1264 2237 1524 2292 periturum3

182 2308 311 2347 quam
337 2309 485 2336 vocem
512 2296 602 2337 eius
628 2296 680 2338 ad
700 2297 812 2338 hunc
833 2296 889 2337 M.
911 2296 1119 2338 Catonem
1139 2295 1289 2337 statim
1308 2294 1526 2338 Favonius
