1671 2543
133 1118 186 1158 21

145 1178 186 1208 51

202 96 290 138 222
548 96 642 132 PRO
668 96 740 131 CN.
767 94 974 131 PLANCIO
1003 95 1190 131 ORATIO.

203 208 278 246 aut
316 205 352 246 si
391 204 619 260 gravitatis
662 218 753 244 esse
785 205 983 258 putasses
1015 206 1132 258 tuae,
1170 202 1284 257 quod
1314 202 1444 244 multi
1472 216 1546 243 no-

201 264 310 305 biles
343 277 468 317 saepe
499 262 705 315 fecerunt,
742 264 800 315 ut,
832 273 929 304 cum
960 262 1101 303 minus
1133 261 1375 302 valuissent
1400 259 1547 301 suffra-

203 322 299 378 giis,
332 337 461 376 quam
486 323 724 375 putassent,
755 323 909 374 postea
933 320 1117 374 prolatis
1144 320 1332 361 comitiis
1359 321 1547 373 proster-

201 383 353 422 nerent
378 394 422 422 se
449 382 492 421 et
517 379 676 433 populo
697 378 893 421 Romano
918 379 1057 421 fracto
1079 379 1221 420 animo
1243 381 1372 432 atque
1391 377 1546 419 humili

203 439 511 493 supplicarent,
547 452 636 479 non
672 437 843 492 dubito,
881 438 985 491 quin
1023 438 1162 479 omnis
1200 437 1253 478 ad
1290 439 1333 478 te
1370 450 1410 478 se
1448 450 1543 477 con·
1584 445 1601 470 5

202 512 378 539 versura
414 497 546 538 fuerit
577 496 822 537 multitudo.
882 495 1131 550 Numquam
1163 496 1277 537 enim
1308 495 1396 537 fere
1426 494 1547 536 nobi-

202 556 322 609 litas,
366 556 538 610 integra
579 554 835 608 praesertim
879 557 1006 609 atque
1050 555 1274 607 innocens,
1319 569 1343 595 a
1385 554 1546 608 populo

203 614 398 656 Romano
438 613 620 667 supplex
657 613 881 667 repudiata
918 616 994 654 est.
1057 612 1139 656 Sed
1173 614 1210 655 si
1240 613 1323 654 tibi
1355 613 1546 668 gravitas

203 676 279 714 tua
311 676 354 714 et
384 672 638 727 magnitudo
665 672 797 713 animi
822 672 958 726 pluris
983 671 1079 726 fuit,
1112 667 1240 714 sicuti
1267 685 1359 713 esse
1385 671 1546 725 debuit,

203 746 331 786 quam
370 731 586 785 aedilitas,
622 731 730 784 noli,
769 745 866 772 cum
895 730 1055 772 habeas
1087 730 1148 785 id,
1187 730 1300 785 quod
1330 730 1544 783 malueris,
1567 743 1599 768 10

202 790 442 831 desiderare
487 789 548 843 id,
588 789 701 844 quod
745 789 924 831 minoris
967 789 1146 844 putaris.
1213 788 1427 843 Equidem
1463 788 1546 842 pri-

203 863 332 902 mum,
352 851 401 889 ut
420 848 583 890 honore
604 847 759 903 dignus
780 862 929 903 essem,
950 848 1133 889 maxime
1154 862 1323 901 semper
1341 847 1547 901 laboravi,

203 907 387 948 secundo
415 911 511 959 loco,
550 909 600 948 ut
638 906 925 961 existimarer,
956 907 1135 948 tertium
1174 906 1281 947 mihi
1311 906 1396 946 fuit
1428 905 1546 959 illud,

205 966 317 1020 quod
348 965 564 1020 plerisque
595 965 784 1020 primum
816 969 900 1020 est,
931 965 1024 1020 ipse
1056 965 1210 1019 honos,
1244 965 1317 1019 qui
1348 964 1401 1006 iis
1434 964 1546 1005 deni-

205 1039 285 1078 que
329 1024 456 1066 debet
501 1039 592 1065 esse
631 1024 858 1079 iucundus,
903 1039 1085 1079 quorum
1122 1023 1325 1079 dignitati
1361 1023 1600 1078 populus15

204 1082 426 1124 Romanus
453 1083 764 1137 testimonium,
789 1097 876 1124 non
895 1083 1150 1124 beneficium
1171 1082 1400 1123 ambitioni
1419 1081 1547 1123 dedit.

294 1141 472 1190 Quaeris
512 1141 661 1194 etiam,
704 1140 967 1195 Laterensis,
1008 1141 1110 1195 quid
1146 1140 1408 1196 imaginibus
1447 1139 1548 1193 tuis,

205 1199 306 1254 quid
332 1199 608 1241 ornatissimo
636 1202 763 1253 atque
791 1199 954 1254 optimo
981 1199 1085 1254 viro,
1116 1199 1232 1254 patri
1257 1202 1345 1253 tuo,
1376 1213 1548 1253 respon-

204 1259 303 1299 deas
347 1261 530 1299 mortuo.
603 1257 707 1299 Noli
749 1258 835 1299 ista
877 1258 1077 1299 meditari
1119 1262 1249 1312 atque
1292 1257 1400 1299 illud
1446 1272 1545 1299 cave

204 1316 369 1371 potius,
406 1331 459 1357 ne
497 1319 572 1357 tua
605 1316 692 1357 ista
725 1317 914 1370 querella
946 1317 1150 1371 dolorque
1180 1316 1340 1357 nimius
1373 1316 1426 1356 ab
1456 1315 1544 1356 illis
1566 1329 1600 1353 20

206 1374 537 1429 sapientissimis
576 1374 678 1415 viris
716 1375 1061 1429 reprehendatur.
1125 1374 1247 1416 Vidit
1279 1374 1392 1415 enim
1423 1377 1548 1428 pater

205 1437 305 1474 tuus
337 1433 527 1487 Appium
560 1432 803 1487 Claudium,
833 1433 1151 1475 nobilissimum
1181 1433 1418 1487 hominem,
1449 1432 1546 1474 vivo

204 1491 339 1532 fratre
371 1506 461 1545 suo,
492 1491 796 1545 potentissimo
823 1495 867 1533 et
892 1492 1130 1534 clarissimo
1158 1492 1251 1546 civi,
1284 1491 1329 1535 C.
1355 1490 1547 1545 Claudio,

206 1549 386 1591 aedilem
433 1564 521 1591 non
570 1564 662 1591 esse
709 1550 872 1591 factum
922 1554 965 1592 et
1015 1551 1194 1592 eundem
1241 1550 1331 1592 sine
1375 1550 1548 1604 repulsa

205 1608 367 1650 factum
412 1622 503 1649 esse
547 1609 782 1663 consulem,
825 1609 933 1650 vidit
974 1609 1193 1650 hominem
1236 1609 1319 1650 sibi
1362 1609 1546 1650 maxime
1566 1624 1600 1650 25

207 1667 499 1720 coniunctum,
537 1666 759 1722 egregium
796 1667 949 1721 virum,
981 1667 1027 1708 L.
1062 1667 1320 1720 Volcatium,
1351 1667 1459 1709 vidit
1489 1667 1546 1708 M.

206 1725 408 1766 Pisonem
427 1726 513 1766 ista
530 1725 576 1766 in
596 1725 815 1767 aedilitate
836 1726 1146 1768 offensiuncula
1165 1729 1341 1781 accepta
1356 1740 1546 1768 summos

208 1798 232 1824 a
268 1784 428 1838 populo
461 1783 657 1826 Romano
697 1799 788 1826 esse
825 1785 1011 1826 honores
1044 1785 1233 1839 adeptos.
1294 1785 1414 1826 Avus
1445 1799 1545 1826 vero

207 1846 308 1883 tuus
347 1845 389 1883 et
420 1841 466 1883 P.
499 1842 683 1884 Nasicae
721 1842 803 1884 tibi
841 1843 1079 1885 aediliciam
1110 1844 1378 1898 praedicaret
1408 1843 1546 1898 repul-

208 1915 317 1954 sam,
363 1915 446 1954 quo
491 1901 580 1942 cive
622 1901 837 1943 neminem
881 1917 959 1958 ego
1004 1905 1148 1944 statuo
1191 1902 1237 1943 in
1273 1902 1354 1944 hac
1391 1916 1436 1943 re
1473 1917 1546 1956 pu-
1566 1917 1600 1942 30

207 1958 321 2000 blica
352 1959 588 2014 fortiorem,
621 1963 663 2001 et
690 1959 733 2002 O.
760 1960 883 2015 Mari,
916 1960 988 2015 qui
1020 1961 1183 2002 duabus
1216 1960 1450 2002 aedilitatis
1483 1975 1547 2002 ac-

209 2017 344 2071 ceptis
400 2018 583 2072 repulsis
640 2018 829 2073 septiens
880 2020 1029 2060 consul
1079 2022 1145 2060 est
1192 2019 1351 2073 factus,
1407 2022 1450 2060 et
1498 2018 1545 2059 L.

210 2074 422 2130 Caesaris,
468 2075 543 2119 Cn.
581 2077 749 2131 Octavi,
792 2077 848 2118 M.
886 2077 1018 2131 Tulli,
1057 2092 1163 2132 quos
1202 2092 1348 2119 omnes
1387 2077 1545 2118 scimus

176 2134 430 2175 saedilitate
467 2135 727 2189 praeteritos
766 2137 962 2178 consules
995 2151 1086 2178 esse
1117 2136 1267 2178 factos.
1330 2135 1413 2177 Sed
1444 2135 1546 2190 quid

211 2206 289 2246 ego
323 2192 539 2235 aedilicias
571 2194 764 2248 repulsas
797 2195 985 2249 colligo?
1018 2209 1124 2249 quae
1157 2208 1281 2248 saepe
1313 2193 1403 2234 eius
1429 2194 1545 2235 modi
1565 2206 1598 2232 35

209 2249 383 2291 habitae
416 2254 533 2305 sunt,
563 2255 613 2293 ut
643 2252 714 2306 iis,
754 2252 827 2306 qui
857 2253 1081 2307 praeteriti
1113 2255 1273 2305 essent,
1304 2251 1488 2307 benigne
1522 2267 1546 2293 a

210 2308 368 2361 populo
406 2308 569 2351 factum
605 2310 833 2353 videretur.
893 2311 1108 2352 Tribunus
1145 2310 1332 2352 militum
1370 2310 1416 2351 L.
1448 2311 1546 2352 Phi-
