1599 2552
435 673 801 721 ADNOTATIO
835 674 1097 722 CRITICA.

194 785 431 821 Sestianae
457 787 636 822 orationis
662 789 704 821 ut
729 787 909 830 omnium,
935 798 1030 831 quae
1052 787 1091 822 in
1112 798 1154 822 eo
1174 787 1270 823 libro
1291 789 1430 831 extant,

99 832 347 867 certissimum
374 835 508 868 testem
528 845 608 869 esse
633 835 711 869 cod.
734 834 870 869 Paris.
893 838 983 869 7794
1007 834 1105 869 inter
1125 845 1251 869 omnes
1272 837 1429 877 constat,

100 879 422 923 illud‘dubitatur,
450 883 598 916 rectene
624 881 792 915 Halmius
817 881 959 915 nullam
984 884 1049 915 aut
1073 893 1146 916 non
1170 882 1289 916 multo
1314 881 1428 916 maio-

97 937 176 960 rem
201 928 465 962 auctoritatem
488 928 663 963 tribuerit
695 928 778 962 aliis
804 928 1010 973 codicibus,
1045 928 1205 963 maxime
1230 929 1428 963 correctori

96 973 157 1007 vel
183 975 450 1009 correctoribus
476 975 614 1009 codicis
640 976 678 1019 P,
712 975 775 1019 qui
799 975 919 1009 multa
943 975 1098 1018 habent,
1125 986 1218 1019 quae
1244 976 1381 1010 absunt
1406 987 1428 1010 a

98 1020 154 1065 ΡΙ,
181 1032 275 1065 quae
302 1021 377 1056 fere
404 1022 528 1056 omnia
554 1022 707 1057 damnat
731 1022 910 1056 Halmius.
961 1022 1045 1057 Non
1069 1022 1168 1056 idem
1193 1022 1286 1056 mihi
1310 1023 1428 1058 videri

99 1067 136 1101 in
162 1071 270 1102 oratt.
297 1070 382 1113 post
405 1068 567 1103 reditum
591 1069 731 1104 habitis
757 1069 849 1112 dixi,
876 1069 915 1103 111
941 1069 1114 1103 Sestiana.
1138 1069 1427 1114 diligentissime

96 1114 287 1149 Halmium
305 1115 483 1150 refutavit
503 1116 550 1149 M.
571 1116 782 1150 Hertzius
805 1116 893 1150 ‘Zur
910 1116 1035 1150 Kritik
1054 1127 1127 1150 von
1146 1115 1304 1151 Cicero's
1323 1117 1426 1151 Rede

96 1162 156 1196 fiir
187 1162 259 1196 den
289 1162 327 1197 P.
355 1162 511 1197 Sestius’
539 1162 638 1207 Lips.
661 1167 759 1198 1881.
810 1164 906 1197 Usus
933 1165 990 1197 est
1013 1162 1134 1197 Halm.
1160 1165 1310 1207 praeter
1334 1163 1363 1197 P
1389 1165 1427 1197 et

98 1209 232 1245 schol.
259 1209 360 1246 Bob.
381 1210 413 1243 A
438 1209 565 1243 codice
592 1209 811 1244 Gemblac.
833 1209 874 1253 G,
900 1221 982 1245 raro
1009 1210 1170 1245 Salisb.
1193 1209 1226 1245 S.
1272 1210 1426 1245 Accedit

96 1256 495 1300 Wrampelmeyeri
515 1256 563 1290 W
582 1258 718 1301 (progr.
732 1257 899 1293 HannOV.
914 1261 1004 1292 1873
1023 1270 1057 1302 p.
1073 1256 1423 1302 XXIX—XXXVI).

95 1303 149 1337 Ex
174 1303 232 1346 iis,
259 1303 322 1347 qui
348 1304 394 1338 de
417 1303 488 1337 hac
514 1304 681 1338 oratione
707 1304 945 1348 scripserunt,
972 1303 1120 1349 saepius
1144 1304 1243 1338 infra
1267 1315 1420 1339 comme-

95 1361 197 1385 moro
228 1350 418 1395 Madvig.
452 1349 583 1394 Opusc.
610 1350 626 1385 1
656 1363 691 1395 p.
717 1355 920 1394 411—508,
952 1351 1235 1395 Wesenberg.
1269 1349 1422 1386 Observ.

96 1397 175 1432 crit.
201 1397 240 1431 in
271 1397 318 1432 M.
338 1397 377 1432 T.
400 1397 436 1432 C.
461 1408 529 1441 pro
562 1397 596 1432 S.
624 1408 673 1433 or.
699 1397 854 1442 Viburg.
882 1402 982 1441 1837,
1014 1398 1117 1433 Bak.
1149 1397 1269 1432 Schol.
1295 1397 1379 1443 hyp.
1407 1398 1423 1432 Ι

94 1456 129 1489 p.
151 1448 312 1479 49--136
339 1445 376 1478 et
400 1443 533 1479 Mnem.
562 1448 651 1479 1860
682 1456 716 1489 p.
739 1448 953 1488 205-210,
987 1445 1138 1490 Pluyg.
1169 1446 1303 1480 Mnem.
1333 1449 1422 1480 1860

94 1503 128 1535 p.
157 1495 364 1534 331—335,
402 1490 462 1525 Fr.
489 1490 685 1525 Richter.
716 1491 895 1526 Fleckeis.
928 1503 1010 1526 ann.
1040 1497 1128 1527 1862
1162 1505 1197 1537 p.
1218 1495 1421 1536 271-276,

94 1537 312 1574 Dietrich.
338 1537 388 1572 ib.
410 1542 500 1572 1863
524 1549 560 1582 p.
581 1541 648 1572 505
663 1550 754 1582 sqq.,
779 1538 822 1572 H.
844 1538 954 1574 Keil.
978 1539 1078 1573 ‘Eos’
1105 1544 1193 1575 1864
1217 1552 1253 1584 p.
1273 1542 1420 1583 15—-23,

95 1585 316 1620 Weidner.
348 1595 469 1629 progr.
502 1583 626 1619 Colon.
660 1589 766 1628 1864,
798 1584 918 1619 Paul.
948 1585 1139 1621 ‘Zeitschin
1171 1587 1194 1620 f.
1223 1587 1256 1622 d.
1285 1584 1417 1621 G.-W.’

98 1635 188 1667 1874
211 1643 247 1676 p.
269 1635 464 1674 305—331,
498 1630 720 1666 Ortmann.
746 1631 795 1667 ib.
825 1636 913 1667 1879
944 1644 979 1677 p.
1000 1637 1196 1675 417—430,
1228 1633 1418 1668 Urlichs.

95 1679 187 1714 Mus.
212 1678 328 1712 Rhen.
352 1682 439 1713 1878
463 1690 498 1722 p.
519 1682 714 1722 150—153,
740 1678 956 1714 Binsfeld.
978 1679 1227 1715 ‘Festschrift’
1250 1680 1418 1716 CoblenZ.

97 1729 202 1768 1882,
234 1724 436 1768 Kimmig.
470 1724 538 1759 ‘De
571 1725 764 1760 Sestianae
795 1725 1056 1761 Ciceronianae
1088 1738 1138 1761 or.
1170 1727 1417 1773 interpolatt.'

95 1771 241 1806 dissert.
262 1771 429 1805 Heidelb.
452 1775 551 1806 1882.
589 1772 805 1807 Editionum
827 1773 1049 1807 varietatem
1073 1785 1219 1809 omnem
1244 1775 1420 1820 exscripsi

93 1818 241 1853 harum:
274 1817 385 1852 Orell.
411 1817 529 1852 Turio.
554 1819 588 1852 Π
618 1819 751 1855 (Halm.
779 1819 824 1861 Ι),
856 1819 1011 1863 Kayseri
1041 1821 1273 1869 Tauchnit2.,
1306 1822 1419 1856 Eber-

93 1865 202 1899 hardi
224 1865 362 1899 Teubn.
389 1875 421 1898 a.
445 1868 544 1907 1877,
575 1865 700 1900 Halmi
723 1865 880 1900 Weiclm.
907 1865 958 1900 XI
983 1877 1014 1901 a.
1037 1871 1137 1903 1882.

186 1912 226 1946 Ρ.
247 1917 279 1946 2.
300 1917 319 1945 6
347 1912 519 1955 libertate,
543 1913 574 1947 is
597 1913 661 1948 hoc
679 1913 769 1946 Bak.
794 1924 829 1956 p.
851 1916 894 1946 49
922 1914 959 1947 et
982 1925 1016 1957 p.
1038 1917 1104 1948 207
1121 1926 1172 1957 sq.
1200 1915 1244 1950 cf.
1264 1916 1364 1951 Verr.
1386 1917 1419 1951 Π

95 1962 240 2001 58.143,
264 1958 384 1992 Flacc.
409 1962 424 1991 1
442 1969 493 1992 ex.
515 1962 545 2000 3,
571 1958 690 1994 Halm.
711 1959 754 2002 Π,
782 1960 959 1994 libertates
977 1971 1020 1994 eae
1038 1961 1102 1995 hoc
1120 1960 1148 1994 P
1156 1961 1176 2003 ¹,
1196 1962 1356 1998 libertate
1375 1975 1419 1999 θέε

92 2006 157 2040 hoc
174 2005 254 2039 rell.
275 2005 391 2048 codd,
417 2006 589 2049 libertate,
606 2007 638 2041 is
657 2018 700 2041 ωε
717 2007 782 2041 hoc
800 2006 979 2048 Momms,
1004 2006 1071 2041 Ha.
1092 2009 1118 2050 I,
1143 2007 1264 2052 Kays„
1284 2009 1416 2045 Eberh.

93 2053 284 2095 tamquam
303 2051 442 2086 similia
461 2050 615 2086 afferens
634 2064 658 2097 p
685 2056 802 2096 35.13‚
825 2051 890 2087 Off.
906 2052 939 2086 Π
959 2058 1015 2096 80,
1036 2053 1124 2089 Sull.
1140 2058 1199 2097 653
1221 2055 1268 2089 ad
1286 2068 1322 2100 p.
1339 2061 1415 2092 179.

95 2103 148 2133 30.
171 2119 213 2124 —-
234 2098 272 2133 P.
293 2102 324 2133 2.
348 2102 390 2133 10
416 2100 604 2143 εοῃιῗΐαησῑο
625 2099 694 2133 del.
716 2099 901 2135 Weidner.
926 2111 960 2144 p.
977 2104 995 2133 5
1012 2112 1082 2143 sq.;
1109 2102 1335 2136 contrarium
1361 2105 1418 2137 est

93 2156 166 2180 uno
198 2150 350 2190 aspectu.
383 2166 426 2170 —
457 2145 494 2179 P.
523 2149 553 2179 2.
581 2150 624 2180 26
659 2147 827 2190 quoniam
858 2146 939 2181 add.
972 2145 1091 2182 Halm.
1118 2148 1150 2191 I,
1182 2148 1310 2193 Kays„
1345 2161 1414 2184 0111.

93 2191 213 2226 Halm.
240 2192 288 2235 Π,
320 2192 454 2226 Eberh.
482 2191 551 2226 del.
576 2203 675 2227 vocc.
706 2205 741 2237 p.
770 2198 837 2229 3.4
868 2195 918 2228 ez's
943 2213 985 2218 —-
1010 2196 1142 2230 serviat
1171 2195 1288 2230 Bakio
1319 2199 1414 2231 auct.

92 2250 127 2282 p.
150 2241 194 2272 50
215 2249 291 2282 sqq.
319 2240 356 2272 et
382 2251 417 2283 p.
438 2242 522 2281 208,
554 2250 645 2283 quos
671 2241 763 2275 bene
787 2239 926 2275 refellit
949 2239 1136 2276 Weidner.
1160 2253 1283 2286 progr.
1310 2244 1415 2278 Dort-

93 2285 216 2318 mund.
245 2289 333 2320 1885
358 2297 393 2329 p.
417 2290 469 2329 13,
503 2286 566 2329 qui
591 2285 683 2320 eom'.
709 2299 745 2331 p.
771 2291 802 2322 3.
830 2292 849 2322 3
880 2288 923 2322 in
946 2289 1182 2323 amicorum
1207 2291 1337 2333 μνέας
1369 2301 1416 2324 an

92 2343 249 2367 meorum
267 2334 331 2366 aut
349 2333 563 2368 multorum?
578 2353 618 2358 —
640 2332 678 2367 P.
697 2337 757 2368 3.7
777 2333 880 2370 Sesti
899 2335 936 2368 et
955 2333 1035 2370 sim.
1055 2337 1267 2370 constanter
1286 2336 1415 2382 scripsi

1161 2394 1208 2429 a*
