1671 2543
547 41 647 77 CAP.
673 46 811 77 23—:26
837 46 856 85 ξ
882 46 1031 77 52—57.
1404 44 1460 84 25

125 150 304 192 ardebat
327 150 373 192 in
392 150 581 204 Palat103
606 151 800 191 0011511105
827 150 1122 204 epulabantur.
1165 149 1327 199 Quodsi
1354 151 1459 192 meis

125 209 406 251 incommodis
432 209 717 263 laetabantur,
741 209 862 250 urbis
889 212 1035 250 tamen
1059 209 1249 263 periculo
1277 223 1460 250 commo-

124 270 336 310 verentur.
1508 306 1525 314 ,

215 325 297 368 Sed
333 329 383 367 ut
417 341 442 368 a
472 341 567 367 mea
599 340 727 367 causa
757 325 844 366 iam
875 327 1086 380 recedam,
1122 326 1310 380 reliquas
1342 326 1460 367 illius
1475 307 1531 348 2³

89 385 226 426 tzanni
268 388 411 439 pestes
455 384 739 426 recordamini
784 382 863 440 (sic
908 385 1020 426 enim
1056 384 1261 426 facillime
1299 385 1461 439 perspi-
1500 367 1520 397 5

126 443 261 497 cietis,
287 446 493 497 quantam
517 443 605 484 vim
632 443 823 484 omm'um
849 443 1133 484 remediorum
1153 458 1178 484 a
1197 443 1461 498 magistrati-

125 503 205 543 bus
236 502 456 556 proxumis
487 516 556 543 res
582 502 757 556 publica
783 500 1064 557 desiderarit),
1095 502 1242 557 legum
1268 502 1461 543 multitu-

125 561 268 601 dinem
305 575 402 601 cum
440 575 604 614 earum,
643 575 750 614 quae
787 561 900 601 latae
940 563 1056 615 sunt,
1094 563 1188 602 tum
1219 575 1319 602 vero
1353 575 1461 615 quae

124 619 424 674 promulgatae
467 618 652 660 fuerunt.
708 618 822 660 Nam
865 619 977 660 latae
1017 619 1188 673 quidem
1226 622 1328 660 sunt
1366 634 1462 661 con-

73 689 107 714 10
126 677 290 718 sulibus
311 677 399 718 illis
423 701 472 707 —
502 677 746 719 tacentibus
774 678 941 719 dicam?
967 678 1099 719 immo
1119 693 1218 719 vero
1240 678 1373 719 etiam
1393 679 1462 719 ad-

124 736 427 790 probantibus,
463 739 513 777 ut
551 736 745 778 censoria
780 737 900 777 notio
941 739 984 777 et
1022 737 1326 791 gravissimum
1356 737 1462 777 iudi-

126 795 240 836 cium
271 795 534 836 sanctissimi
565 795 846 849 magistratus
879 795 929 835 de
955 809 1000 835 re
1026 795 1199 849 publica
1224 796 1462 849 tolleretur,

125 856 175 894 ut
206 853 388 908 collegia
418 868 505 894 non
536 853 662 894 modo
695 854 772 894 illa
802 856 947 894 vetera
979 856 1130 894 contra
1162 856 1334 895 senatus
1367 868 1463 895 con-

126 911 289 953 sultum
331 912 681 965 restituerentur,
725 912 798 953 sed
841 912 891 953 ab
933 927 1017 953 uno
1063 912 1302 967 gladiatore
1342 912 1463 953 innu-

73 981 106 1006 15
126 970 350 1012 merabilia
381 970 465 1011 alia
494 985 606 1011 nova
637 970 1019 1023 conscriberentur,
1050 974 1099 1011 ut
1130 971 1321 1012 remissis
1348 971 1463 1011 senis

126 1031 170 1069 et
200 1028 432 1069 trientibus
463 1029 614 1082 quinta
637 1043 770 1083 prope
796 1043 895 1082 pars
921 1029 1199 1084 vectigalium
1225 1029 1463 1082 tolleretur,

126 1090 174 1128 ut
213 1086 397 1128 Gabinio
434 1101 513 1141 pro
550 1087 626 1127 illa
664 1101 741 1128 sua
778 1086 946 1141 Cilicia,
991 1102 1120 1141 quam
1158 1088 1258 1141 sibi,
1300 1088 1336 1128 si
1372 1102 1463 1128 rem

125 1145 342 1200 publicam
379 1145 657 1199 prodidisset,
700 1148 852 1199 pactus
892 1148 1001 1199 erat,
1047 1145 1172 1200 Syria
1210 1146 1383 1187 daretur
1421 1149 1464 1187 et

125 1204 200 1245 uni
239 1204 431 1245 helluoni
468 1204 535 1245 bis
574 1204 624 1244 de
662 1204 807 1245 eadem
846 1219 890 1245 re
929 1204 1191 1245 deliberandi
1230 1207 1273 1245 et
1310 1208 1465 1259 rogata

74 1273 109 1299 20
128 1263 208 1316 leye
228 1265 405 1315 potestas
421 1276 498 1315 per
520 1275 669 1304 novam
694 1259 834 1318 legem
858 1263 982 1304 fieret
1006 1263 1251 1317 provinciae
1277 1277 1465 1304 commu-

126 1321 292 1362 tandae.

214 1379 344 1421 Mitto
389 1394 483 1421 eam
525 1380 683 1435 legem,
727 1394 833 1433 quae
879 1380 1022 1421 omnia
1062 1380 1156 1421 iura
1193 1362 1534 1435 1011ς101111111,26

128 1438 433 1492 auspiciorum,
470 1441 755 1492 potestatum,
794 1439 932 1480 omnis
964 1439 1100 1493 leges,
1141 1453 1248 1493 quae
1281 1442 1381 1479 sunt
1413 1439 1464 1479 de

127 1497 219 1538 iure
251 1499 294 1537 et
326 1497 376 1537 de
408 1499 599 1551 tempore
625 1497 771 1551 legum
796 1497 1097 1552 rogandarum,
1128 1512 1213 1538 una
1238 1497 1465 1552 rogatione

75 1565 109 1591 25
128 1555 302 1608 delevit,
339 1555 467 1596 mitto
507 1569 676 1596 0111110111
715 1555 996 1596 domesticam
1033 1556 1192 1609 labem,
1231 1556 1363 1596 etiam
1399 1570 1466 1596 ex-

128 1616 242 1654 teras
285 1613 480 1654 nationes
523 1614 640 1654 illius
686 1614 785 1654 anni
822 1613 982 1667 furore,
1006 1617 1315 1668 conquassatas
1353 1614 1465 1655 vide-

127 1671 292 1712 bamus.
347 1670 462 1726 Lege
499 1672 731 1713 tribum'cia
761 1671 915 1713 Matris
950 1671 1132 1726 Magnae
1165 1672 1465 1713 Pessinuntius

128 1730 201 1770 ille
240 1730 436 1771 sacerdos
477 1730 676 1784 expulsus
715 1733 758 1771 et
793 1730 1003 1784 spoliatus
1037 1731 1275 1772 sacerdotio
1308 1733 1374 1771 est
1405 1730 1465 1771 fa-

127 1803 316 1843 numque
366 1788 735 1829 sanctissimarum
785 1792 912 1842 atque
963 1789 1361 1842 antiquissimarum
1404 1803 1465 1829 re-

74 1858 111 1883 30
127 1846 340 1902 ligionum
371 1846 591 1887 venditum
622 1846 802 1900 pecunia
833 1846 985 1901 grandi
1016 1846 1260 1901 Brogitaro,
1295 1846 1465 1900 impuro

127 1904 294 1946 homini
331 1907 459 1958 atque
497 1904 673 1959 indigno
711 1904 787 1945 illa
818 1905 1043 1959 religione,
1080 1904 1335 1958 praesertim
1368 1919 1465 1946 cum

130 1977 224 2004 eam
260 1963 344 2004 sibi
381 1963 455 2003 ille
492 1977 579 2003 non
616 1963 798 2015 colendi,
841 1963 914 2003 sed
950 1963 1139 2004 violandi
1177 1977 1305 2004 causa
1343 1963 1465 2017 adpe-

130 2021 275 2076 tisset3
313 2021 519 2076 appellati
549 2034 671 2075 reges
705 2035 729 2061 a
759 2021 936 2075 populo,
968 2021 1042 2075 qui
1072 2021 1117 2062 id
1146 2036 1381 2075 numquam
1411 2036 1465 2063 110

130 2094 155 2120 a
192 2082 344 2121 senatu
382 2080 552 2134 quidem
582 2079 893 2133 postulassent,
931 2080 1096 2121 reducti
1128 2080 1270 2121 exules
1303 2080 1465 2134 Byzan-

76 2148 111 2174 35
130 2138 241 2179 tium
272 2138 543 2180 condemnati
574 2140 680 2191 tum,
712 2152 808 2178 cum
838 2137 1075 2178 indemnati
1102 2138 1213 2179 cives
1241 2153 1262 2179 0
1289 2138 1463 2180 civitate

131 2196 406 2238 eiciebantur.
468 2196 560 2237 Rex
602 2194 897 2249 Ptolomaeus,
941 2196 1014 2250 qui
1059 2211 1095 2237 51
1137 2197 1327 2238 nondum
1371 2199 1464 2237 erat
1477 2209 1522 2240 57

129 2254 222 2309 ipse
266 2269 291 2296 a
333 2257 486 2296 senatu
529 2253 670 2296 socius
715 2254 973 2310 appellatus,
1017 2257 1109 2295 erat
1150 2258 1294 2296 tamen
1330 2255 1464 2296 frater

9 443 24 459 ἱ
