1671 2543
548 101 648 137 CAP.
674 106 812 137 25-27
841 107 860 145 ς
888 106 1036 138 62-67.
1371 105 1455 146 397

110 211 310 253 inventus
345 213 411 252 est
441 224 566 251 nemo
592 212 763 264 praeter
789 209 1039 265 Antonium7
1071 212 1328 266 praesertim
1360 228 1457 254 cum

110 272 178 311 tot
234 271 378 311 essent
428 268 587 310 circum
635 269 808 310 hastam
857 269 995 323 illam,
1053 270 1127 325 qui
1177 270 1263 312 alia
1313 272 1457 313 omnia

111 328 335 383 auderent3
381 341 489 369 unus
532 328 732 369 inventus
777 330 860 380 est,
905 328 978 382 qui
1021 328 1065 370 id
1106 330 1299 384 auderet,
1343 331 1456 385 quod

109 387 301 429 omnium
344 385 529 442 fugisset
572 388 617 428 et
659 386 983 428 reformidasset
1028 387 1215 429 audacia.
1289 389 1453 430 Tantus
1469 397 1513 428 65

77 464 92 489 5
112 446 248 501 igitur
278 448 321 486 te
353 448 506 499 stupor
533 445 747 499 oppressit
773 445 851 498 vel,
882 448 931 486 ut
956 446 1098 487 verius
1125 446 1274 501 dicam,
1306 450 1454 489 tantus

108 505 246 558 furor,
289 507 339 545 ut
381 504 587 558 primum,
627 518 724 545 cum
768 507 910 545 sector
960 504 1018 545 sis
1056 505 1142 547 isto
1180 505 1276 547 loco
1313 509 1454 561 natus,

107 562 257 604 deinde
303 577 400 604 cum
442 562 621 617 Pompei
665 565 824 615 sector,
867 577 955 604 non
992 565 1036 604 te
1075 567 1344 606 exsecratum
1381 579 1453 619 po-

105 621 208 676 pulo
235 621 444 674 Romano,
474 636 562 663 non
593 621 905 675 detestabilem,
936 635 1023 663 non
1055 622 1194 664 omnis
1226 623 1308 664 tibi
1340 623 1453 677 deos,

105 694 194 721 non
226 680 364 721 omnis
395 679 591 721 homines
623 682 666 721 et
698 694 790 721 esse
822 680 1020 721 inimicos
1047 683 1090 722 et
1116 681 1285 723 futuros
1312 682 1452 724 scias?

56 754 88 778 ιο
109 740 169 779 At
201 753 330 792 quam
360 738 597 780 insolenter
628 739 777 780 statim
808 738 952 779 helluo
984 739 1144 781 invasit
1173 740 1219 781 in
1250 740 1340 782 eius
1371 741 1451 782 viri

0 789 1 800 ¹
51 825 55 828 ψ
105 797 315 850 fortunas,
348 797 467 838 6111113
498 797 659 838 virtute
691 797 928 838 terribilior
959 800 1052 838 erat
1083 799 1267 852 populus
1294 798 1451 840 Roma-

105 870 185 896 nus
225 855 381 897 exteris
421 856 642 910 gentibus,
680 856 849 896 iustitia
887 856 1042 897 carior!
1104 855 1155 898 In
1194 857 1284 898 eius
1316 857 1452 912 igitur
1466 859 1519 900 27

106 914 188 955 viri
233 914 377 968 copias
423 929 518 955 cum
559 928 603 955 se
643 914 788 955 subito
827 915 1158 970 ingurgitasset,
1204 915 1451 957 exsultabat

107 972 263 1027 gaudio
301 987 485 1026 persona
522 972 572 1013 de
603 973 735 1014 mimo
767 973 894 1014 modo
928 987 1076 1028 egens,
1114 977 1289 1027 repente
1321 974 1450 1016 dives.

54 1048 87 1072 15
110 1031 209 1084 Sed,
240 1033 290 1072 ut
322 1034 388 1071 est
420 1030 532 1084 apud
563 1034 737 1085 poetam
767 1031 912 1072 nescio
946 1046 1090 1086 quem,
1123 1031 1269 1074 tMale
1300 1035 1451 1086 parta

106 1089 234 1130 male
278 1088 606 1130 dilabuntur?
679 1089 934 1131 Incredibile
979 1105 1029 1132 ac
1073 1090 1212 1132 simile
1256 1092 1508 1145 portentifiss

106 1151 190 1201 est,
230 1162 416 1202 quonam
453 1148 580 1189 modo
618 1147 694 1188 illa
731 1151 822 1189 tam
855 1148 992 1189 multa
1024 1163 1151 1202 quam
1183 1150 1332 1203 paucis
1363 1164 1449 1191 non

105 1207 199 1248 dico
245 1206 482 1261 mensibus,
527 1205 601 1248 sed
644 1207 793 1248 diebus
835 1206 1041 1248 effuderit.
1109 1207 1323 1249 Maximus
1361 1208 1449 1249 vini

105 1280 307 1306 numerus
357 1265 459 1319 fuit,
514 1279 797 1320 permagnum
846 1266 1001 1320 optimi
1049 1266 1216 1320 pondus
1269 1267 1449 1321 argenti,

52 1341 86 1366 20
105 1324 296 1378 pretiosa
333 1324 483 1378 vestis,
522 1324 659 1365 multa
697 1327 740 1364 et
771 1324 891 1365 lauta
922 1324 1114 1378 supellex
1145 1327 1189 1365 et
1220 1325 1449 1380 magnifica

105 1382 254 1424 multis
291 1382 397 1423 locis
435 1396 522 1423 non
558 1382 635 1423 illa
673 1382 845 1436 quidem
881 1383 1091 1424 luxuriosi
1127 1383 1333 1438 hominis,
1375 1384 1450 1425 sed

103 1443 251 1481 tamen
289 1440 560 1482 abundantis.
619 1439 788 1482 Horum
824 1441 972 1496 paucis
1010 1441 1160 1482 diebus
1197 1442 1307 1483 m'hil
1346 1445 1448 1483 erat.

107 1496 223 1546 Quae
259 1497 497 1552 Charybdis
535 1502 626 1540 tam
663 1500 824 1541 vorax?
887 1499 1151 1554 Charybdim
1188 1500 1301 1554 (1160,
1339 1515 1447 1555 quae
1462 1511 1506 1542 67

107 1557 143 1597 31
175 1556 270 1609 fuit,
302 1557 461 1597 animal
492 1572 625 1598 unum
655 1557 756 1612 fuit3
795 1557 989 1599 Oceanus
1022 1558 1186 1599 medius
1218 1558 1346 1600 fidius
1377 1560 1448 1600 vix

55 1632 88 1657 ⁴25
108 1614 277 1655 videtur
320 1617 388 1655 tot
428 1628 495 1655 res
539 1618 631 1661 tam
674 1616 922 1670 dissipatas,
966 1619 1057 1656 tam
1102 1616 1365 1658 distantibus
1402 1618 1448 1658 in

107 1672 213 1714 locis
245 1672 409 1726 positas
442 1674 533 1713 tam
565 1674 650 1714 cito
683 1674 913 1714 absorbere
945 1673 1150 1727 potuisse.
1206 1673 1329 1715 Nihil
1355 1678 1448 1716 erat

108 1731 312 1783 clausum,
338 1730 446 1771 nihil
474 1730 763 1785 obsignatum,
788 1731 895 1772 nihil
923 1732 1143 1784 scriptum.
1196 1731 1447 1785 Apothecae

107 1792 226 1831 totae
252 1788 527 1842 nequissimis
554 1788 801 1829 hominibus
827 1789 1196 1843 condonabantur3
1222 1790 1306 1830 alia
1326 1790 1447 1832 mimi

108 1847 346 1901 rapiebant,
379 1847 463 1887 alia
488 1846 662 1901 mimae3
693 1847 843 1887 domus
871 1849 964 1887 erat
989 1847 1250 1888 aleatoribus
1277 1847 1447 1902 referta,

55 1924 89 1949 30
107 1906 235 1960 plena
272 1905 506 1958 ebriorum3
543 1908 660 1946 totos
696 1905 785 1945 dies
817 1905 1068 1958 potabatur,
1105 1909 1234 1959 atque
1265 1906 1309 1947 id
1339 1907 1446 1948 locis

107 1964 322 2019 pluribus3
347 1963 691 2018 suggerebantur
716 1963 847 2004 etiam
873 1977 998 2017 saepe
1021 1962 1126 2018 (non
1144 1964 1259 2005 enim
1279 1978 1448 2018 semper

107 2024 191 2063 iste
228 2020 348 2075 felix)
387 2022 541 2062 damna
578 2021 802 2075 aleatoria3
840 2021 1123 2075 conchyliatis
1162 2020 1236 2064 Cn.
1268 2021 1447 2076 Pompei

107 2080 426 2135 peristromatis
459 2094 679 2120 servorum
705 2079 750 2120 in
776 2079 893 2121 cellis
921 2080 1055 2120 lectos
1081 2082 1243 2121 stratos
1269 2080 1448 2122 videres.

111 2138 250 2188 Quam
282 2139 334 2180 ob
367 2152 458 2179 rem
490 2138 673 2179 desinite
705 2138 852 2178 mirari
883 2138 988 2179 haec
1014 2140 1105 2178 tam
1131 2138 1328 2179 celeriter
1353 2153 1447 2181 esse

57 2214 91 2239 35
112 2200 375 2251 consumpta.
442 2195 543 2237 Non
579 2196 705 2237 modo
742 2196 869 2237 unius
905 2196 1215 2249 patrimonium
1252 2198 1446 2250 quamvis

112 2256 318 2309 amplum,
356 2258 405 2296 ut
441 2254 548 2295 illud
585 2253 685 2308 fuit,
723 2254 797 2295 sed
833 2254 962 2295 urbes
1000 2256 1044 2295 et
1080 2268 1213 2310 regna
1251 2255 1448 2297 celeriter

110 2315 234 2355 tanta
280 2313 474 2368 nequitia
520 2312 721 2354 devorare
764 2312 990 2367 potuisset.
1062 2312 1124 2354 At
1166 2313 1280 2355 idem
1322 2314 1446 2356 aedes
