1671 2543
591 94 690 130 CAP.
720 98 857 130 10—13
883 99 903 138 ς
928 98 1078 130 29—33.
1426 93 1513 135 293

164 203 386 258 pelluntur
431 203 476 245 in
518 202 730 257 fraudem,
774 202 962 257 improbi
1003 217 1128 257 saepe
1166 217 1310 256 parvo.
1379 201 1514 256 Atqui

165 261 328 304 Milone
354 261 581 304 interfecto
609 260 784 304 Clodius
809 261 915 303 haec
935 261 1255 316 assequebatur,
1280 275 1368 302 non
1388 261 1514 301 modo

165 322 215 362 ut
257 323 433 375 praetor
470 323 585 362 esset
620 334 708 362 non
746 335 795 362 eo
836 321 1028 374 consule,
1072 334 1156 374 quo
1196 319 1368 362 sceleris
1406 319 1513 360 nihil

165 379 306 421 facere
332 382 491 434 posset,
518 379 591 421 sed
617 379 747 420 etiam
773 382 823 420 ut
849 379 901 420 iis
930 379 1177 421 consulibus
1196 381 1370 433 praetor
1390 380 1516 431 esset,

132 454 148 480 5
170 438 325 493 quibus
359 438 395 479 si
426 452 513 480 non
542 437 857 490 adiuvantibus,
889 440 933 478 at
960 437 1256 479 coniventibus
1284 438 1398 479 certe
1425 451 1515 491 spe-

166 499 284 538 raret
316 510 361 538 se
391 511 517 551 posse
551 497 719 538 eludere
746 496 790 538 in
816 496 902 537 illis
930 496 1019 537 suis
1047 496 1250 551 cogitatis
1277 495 1516 549 furoribus3

167 555 288 597 cuius
315 554 380 596 illi
407 558 597 610 conatus,
631 558 681 597 ut
706 556 798 610 ipse
825 555 1177 607 ratiocinabatur,
1207 569 1285 596 nec
1312 557 1517 608 cuperent

166 613 417 668 reprimere,
456 614 492 655 si
529 616 725 668 possent,
764 628 860 656 cum
898 616 1068 655 tantum
1105 613 1361 654 beneficium
1400 613 1439 654 ei
1471 627 1516 653 se

167 672 322 714 debere
349 672 677 726 arbitrarentur,
703 675 757 726 et,
784 673 819 714 si
846 672 1017 725 vellent,
1043 671 1228 713 fortasse
1248 671 1317 713 vix
1338 674 1517 725 possent

118 748 148 772 ιο
167 730 366 786 frangere
392 731 580 772 hominis
608 731 930 773 sceleratissimi
951 731 1275 772 corroboratam
1294 730 1381 771 iam
1400 732 1518 771 vetu-

169 792 283 830 state
316 789 548 831 audaciam.
609 790 680 831 An
710 804 830 844 vero,
864 789 1038 842 iudices,
1069 803 1145 830 vos
1179 789 1260 830 soli
1291 788 1575 844 ignoratis,33

169 862 244 890 vos
282 847 476 902 hospites
515 849 560 890 in
597 848 678 890 hac
709 848 816 889 urbe
847 848 1095 901 versamini,
1134 849 1301 888 vestrae
1332 846 1519 902 peregri-

168 908 328 948 nantur
356 921 479 948 aures
504 921 641 962 neque
667 907 712 947 in
736 907 819 949 hoc
844 909 1079 962 pervagato
1107 905 1296 948 civitatis
1324 919 1519 946 sermone

169 968 415 1019 versantur,
454 979 559 1019 quas
597 965 669 1006 ille
708 966 844 1020 leges,
882 966 919 1007 si
952 966 1069 1020 leges
1101 963 1386 1006 nominandae
1419 967 1520 1005 sunt

118 1040 150 1065 15
173 1038 223 1065 ac
254 1038 341 1065 non
371 1023 486 1065 faces
518 1023 651 1077 urbis,
682 1027 824 1078 pestes
857 1024 919 1065 rei
950 1023 1160 1077 publicae,
1191 1022 1323 1064 fuerit
1348 1022 1520 1076 imposi-

171 1085 294 1123 turus
321 1082 447 1123 nobis
476 1082 673 1124 omnibus
701 1085 829 1136 atque
849 1082 1102 1123 inusturus‘?
1140 1081 1322 1135 Exhibe,
1349 1095 1521 1135 quaeso,

174 1139 302 1182 Sexte
336 1140 478 1194 Clodi,
511 1141 663 1182 exhibe
695 1141 922 1182 librarium
953 1141 1060 1182 illud
1091 1141 1236 1195 legum
1268 1142 1521 1193 vestrarum,

172 1199 286 1254 quod
323 1202 366 1240 te
406 1199 527 1240 aiunt
564 1200 770 1254 eripuisse
810 1214 831 1240 e
869 1200 996 1241 domo
1035 1202 1079 1240 et
1117 1213 1167 1240 ex
1205 1198 1355 1239 mediis
1389 1198 1519 1239 armis

171 1258 385 1312 turbaque
422 1261 635 1299 nocturna
672 1261 894 1312 tamquam
931 1257 1173 1299 Palladium
1209 1257 1434 1310 extulisse,
1471 1260 1521 1297 ut

118 1332 152 1357 20
171 1317 442 1371 praeclarum
467 1308 674 1358 videlicet·
686 1328 847 1358 munus
875 1319 1003 1371 atque
1029 1316 1365 1358 instrumentum
1388 1315 1522 1356 tribu-

168 1377 309 1425 natus-
336 1375 389 1416 ad
428 1366 633 1429 aliquem,
674 1375 712 1417 si
747 1378 898 1417 nactus
937 1389 1071 1429 esses,
1113 1375 1186 1429 qui
1224 1378 1299 1416 tuo
1339 1373 1520 1414 arbitrio

170 1433 441 1475 tribunatum
477 1436 670 1489 gereret,
714 1433 877 1475 deferre
920 1448 1081 1488 posses
1148 1433 1208 1474 Et
1246 1432 1414 1487 aspexit
1451 1446 1518 1473 me

169 1491 258 1532 illis
304 1492 476 1557 quidem
520 1492 674 1546 oculis,
719 1492 874 1546 quibus
923 1495 1017 1533 tum
1061 1492 1249 1546 solebat,
1292 1506 1389 1533 cum
1435 1505 1519 1532 om-

171 1550 330 1590 nibus
351 1550 496 1591 omnia
541 1550 799 1592 minabatur.
872 1550 1020 1592 Movet
1064 1565 1131 1591 me
1181 1525 1338 1604 quippe
1376 1550 1521 1590 lumen

120 1623 153 1648 25
174 1607 327 1649 curiae.
379 1607 518 1656 Quid?
548 1611 597 1649 tu
627 1623 694 1649 me
727 1609 809 1650 tibi
839 1609 1017 1662 iratum,
1050 1607 1190 1661 Sexte,
1222 1611 1369 1662 putas,
1401 1606 1557 1648 cuiusl
1541 1604 1587 1645 13

174 1670 223 1707 tu
260 1665 606 1707 inimicissimum
643 1667 782 1708 multo
821 1667 1033 1709 crudelius
1067 1667 1199 1707 etiam
1230 1666 1430 1720 poenitus
1464 1680 1520 1718 es,

175 1738 305 1778 quam
363 1726 460 1777 erat>
510 1724 795 1765 humanitatis
851 1738 970 1765 meae
1020 1724 1270 1777 postulare?
1352 1723 1416 1764 Tu
1474 1723 1522 1764 P.

181 1782 305 1824 Clodi
357 1784 582 1823 cruentum
632 1782 810 1824 cadaver
861 1782 1026 1823 eiecisti
1072 1782 1217 1835 domo,
1266 1784 1315 1822 tu
1358 1781 1404 1821 in
1446 1796 1520 1834 pu-

174 1841 338 1882 blicum
382 1839 596 1893 abiecisti,
640 1843 688 1880 tu
722 1840 956 1893 spoliatum
991 1839 1274 1894 imaginibus,
1319 1839 1520 1893 exequiis,

123 1915 156 1940 30
175 1913 353 1953 pompa,
389 1898 655 1951 laudatione,
693 1897 1002 1938 infelicissimis
1035 1898 1165 1952 lignis
1200 1897 1521 1939 semustilatum

174 1957 399 1998 nocturnis
433 1956 610 1998 canibus
642 1955 935 1996 dilaniandum
967 1956 1194 2009 reliquisti.
1252 1955 1405 2009 Quare,
1438 1956 1521 1996 etsi

174 2014 337 2057 nefarie
363 2014 519 2064 fecisti,
545 2017 702 2067 tamen,
730 2013 933 2067 quoniam
958 2014 1004 2054 in
1029 2028 1124 2055 meo
1146 2014 1321 2055 inimico
1344 2013 1521 2055 crudeli-

175 2076 313 2114 tatem
345 2072 652 2127 exprompsisti
683 2074 815 2126 tuam,
846 2071 1019 2113 laudare
1050 2086 1138 2113 non
1169 2085 1359 2126 possum,
1391 2071 1520 2114 irasci

177 2135 292 2173 certe
316 2146 404 2173 non
430 2131 576 2172 debeo.
601 2128 689 2155 *²⁸ss

124 2205 159 2232 85
298 2190 414 2231 ,Talis
450 2190 496 2230 in
525 2189 768 2230 Miloniana
805 2189 987 2230 oratione
1023 2188 1280 2242 sylloyismus
1317 2191 1391 2230 est:
1430 2187 1521 2243 (δι”,

177 2248 323 2302 inquit,
355 2247 483 2289 ‘doceo
515 2259 660 2288 causas
687 2247 817 2298 fuisse
843 2246 996 2297 Clodio,
1027 2250 1074 2288 ut
1098 2247 1287 2289 occideret
1310 2246 1521 2297 Milonem,

173 2305 298 2360 probo
345 2304 654 2348 insidiatorem?
733 2309 854 2347 Hanc
898 2306 1213 2359 propositionem
1263 2305 1519 2358 adprobavit:
