1671 2543
211 77 265 119 38
595 76 687 111 PRO
714 76 750 111 P.
779 76 939 112 SESTIO
966 76 1145 112 ORATIO

211 185 405 239 confessi,
430 185 476 226 in
500 185 641 226 vincla
666 184 848 226 coniecti
874 198 899 225 a
923 183 1094 238 Milone,
1120 184 1263 225 emissi
1290 198 1316 225 a
1341 183 1542 239 Serrano,

211 244 370 285 mentio
401 243 530 284 nulla.
592 242 752 284 Forum
783 243 1033 297 corporibus
1065 242 1221 284 civium
1250 242 1542 284 Romanorum

211 304 478 344 constratum
527 302 651 343 caede
696 304 925 356 nocturna,
972 315 1059 343 non
1102 301 1228 342 modo
1271 301 1390 342 nulla
1431 316 1543 343 nova

212 361 418 416 quaestio,
450 360 522 401 sed
554 360 685 401 etiam
712 362 858 401 vetera
881 359 1038 402 iudicia
1062 359 1243 401 sublata.
1305 359 1542 401 Tribunum

211 420 267 475 pl.
298 420 394 474 plus
426 419 582 474 viginti
611 418 856 460 vulneribus
880 419 1065 472 acceptis
1091 418 1300 459 iacentem
1325 418 1540 459 moribun-
1561 429 1577 455 5

211 479 393 532 dumque
425 477 610 531 vidistis,
648 477 823 518 alterius
855 477 1018 518 tribuni
1048 476 1122 531 pl„
1157 477 1322 529 [divini]
1355 477 1542 518 hominis

213 536 370 592 (dicam
408 536 538 589 enim,
578 536 689 590 quod
726 536 882 588 sentio,
920 538 964 576 et
1001 535 1113 589 quod
1150 550 1317 577 mecum
1350 535 1543 576 sentiunt

212 595 377 650 omnes)
409 595 557 648 divini,
589 594 749 649 insigni
781 594 979 648 quadam,
1009 593 1214 648 inaudita,
1243 602 1354 635 nova
1381 594 1542 649 magni-

140 683 198 724 40
212 654 356 695 tudine
383 653 525 706 animi,
557 653 782 708 gravitate,
814 653 894 693 fide
920 652 1115 707 praediti,
1144 653 1294 694 domus
1321 655 1386 694 est
1413 667 1542 706 oppu-

154 743 197 774 86
212 715 343 768 gnata
379 711 509 765 ferro,
549 711 731 765 facibus,
770 711 958 752 exercitu
996 710 1213 753 Clodiano.
1280 710 1339 752 Et
1376 713 1424 751 tu
1460 711 1596 752 110010

212 772 306 812 loco
337 770 484 811 laudas
511 770 717 811 Milonem
749 772 791 810 et
819 769 909 810 iure
935 769 1094 810 laudas.
1157 769 1291 818 Quem
1317 769 1430 810 enim
1455 784 1544 810 um-

213 844 340 884 quam
364 829 503 870 virum
528 832 617 870 tam
643 828 876 870 immortali
902 828 1061 869 virtute
1086 827 1299 869 vidimus?
1326 827 1398 881 qui
1422 828 1542 869 nullo

211 888 400 942 praemio
438 888 659 942 proposito
697 889 868 941 praeter
904 886 1002 940 hoc,
1041 886 1153 940 quod
1189 886 1275 927 iam
1310 886 1543 927 contritum

212 950 255 987 et
304 948 597 1000 contemptum
646 948 839 999 putatur,
889 945 1092 986 iudicium
1141 945 1352 986 bonorum
1402 945 1545 985 omnia

212 1005 416 1059 pericula,
464 1019 652 1045 summos
696 1005 882 1057 labores,
926 1003 1202 1059 gravissimas
1247 1003 1543 1044 contentiones
1564 1018 1596 1043 15

211 1063 542 1117 inimicitiasque
587 1063 791 1116 suscepit,
838 1062 910 1116 qui
954 1062 1059 1103 mihi
1099 1077 1208 1103 unus
1252 1076 1303 1103 ex
1346 1061 1543 1103 omnibus

212 1122 375 1164 civibus
406 1122 574 1162 videtur
605 1136 650 1162 re
681 1121 886 1174 docuisse,
916 1135 1003 1162 non
1033 1120 1186 1173 verbis,
1218 1123 1261 1161 et
1293 1120 1394 1174 quid
1422 1134 1544 1174 opor-

212 1183 324 1222 teret
356 1195 381 1221 a
410 1180 730 1234 praestantibus
762 1179 865 1220 viris
896 1179 942 1219 in
972 1193 1016 1219 re
1047 1179 1221 1232 publica
1251 1179 1344 1219 fieri
1372 1181 1417 1219 et
1443 1178 1544 1232 quid

211 1253 382 1280 necesse
415 1241 540 1292 esset,
572 1240 768 1292 oportere
800 1237 1022 1278 hominum
1047 1237 1271 1278 audacium
1299 1251 1544 1278 eversorum

213 1297 274 1338 rei
300 1296 495 1351 publicae
521 1296 670 1338 sceleri
690 1296 857 1351 legibus
878 1298 921 1336 et
938 1295 1108 1336 iudiciis
1127 1296 1345 1349 resistere,
1370 1295 1407 1336 81
1426 1295 1543 1350 leges
1563 1311 1598 1336 ρο

213 1370 299 1397 11011
340 1355 548 1409 valerent,
591 1354 747 1395 iudicia
789 1369 876 1395 non
913 1356 1073 1407 essent,
1116 1354 1153 1394 si
1189 1368 1258 1394 res
1294 1353 1466 1407 publica
1502 1354 1545 1394 vi

215 1427 506 1467 consensuque
535 1413 757 1454 audacium
784 1412 913 1453 armis
940 1426 1143 1466 oppressa
1168 1414 1396 1466 teneretur,
1427 1426 1546 1466 prae·

215 1471 322 1513 sidio
367 1474 410 1512 et
454 1471 587 1525 copiis
631 1471 799 1512 defendi
841 1471 975 1512 vitam
1013 1473 1055 1511 et
1091 1471 1337 1512 libertatem
1372 1484 1544 1511 necesse

215 1544 316 1571 esse.
377 1529 472 1571 Hoc
507 1530 665 1570 sentire
696 1529 945 1583 prudentiae
978 1532 1060 1582 est,
1097 1529 1234 1570 facere
1266 1528 1545 1583 fortitudinis,

216 1591 258 1629 et
294 1588 451 1629 sentire
488 1603 588 1629 vero
621 1591 663 1629 et
694 1588 832 1629 facere
864 1587 1077 1642 perfectae
1110 1587 1433 1642 cumulataeque
1465 1587 1546 1628 vir·
1565 1603 1599 1629 25

157 1655 200 1686 87
216 1647 334 1688 tutis.
385 1646 506 1687 Adiit
532 1647 583 1687 ad
609 1661 699 1687 rem
723 1646 941 1700 publicam
966 1646 1164 1687 tribunus
1190 1646 1247 1701 pl.
1267 1645 1373 1687 Milo
1400 1670 1455 1675 —
1477 1644 1546 1701 (de

216 1705 334 1746 0111118
365 1705 488 1746 laude
520 1705 644 1759 plura
675 1705 829 1758 dicam,
863 1719 950 1746 non
982 1719 1064 1758 quo
1098 1707 1172 1746 aut
1203 1705 1294 1759 ipse
1325 1704 1431 1745 haec
1463 1703 1546 1745 dici

216 1778 344 1818 quam
380 1763 615 1804 existimari
653 1763 776 1804 malit
814 1766 888 1804 aut
925 1777 1004 1818 ego
1041 1763 1154 1805 hunc
1188 1763 1327 1804 laudis
1358 1762 1546 1804 fructum

214 1822 430 1876 praesenti
469 1822 654 1863 libenter
689 1822 937 1876 inpertiam,
980 1822 1235 1876 praesertim
1273 1836 1368 1863 cum
1405 1821 1545 1861 verbis

216 1880 417 1934 consequi
452 1895 540 1922 non
575 1880 755 1934 possim,
781 1880 865 1921 sed
904 1880 1017 1934 quod
1052 1881 1267 1933 existimo,
1303 1879 1340 1920 si
1371 1879 1545 1920 Milonis
1565 1896 1599 1922 30

216 1953 387 1980 causam
418 1939 678 1980 accusatoris
709 1953 811 1980 voce
844 1939 1142 1980 conlaudatam
1173 1938 1369 1993 probaro,
1400 1951 1477 1978 vos
1501 1937 1547 1978 in

216 1998 297 2038 hoc
329 1997 504 2038 crimine
535 2011 682 2051 parem
715 1995 829 2038 Sesti
862 2012 1034 2038 causam
1065 1994 1405 2049 existimaturos)
1440 1995 1546 2036 adiit

217 2055 351 2109 igitur
393 2055 439 2096 T.
482 2055 649 2097 Annius
699 2055 749 2095 ad
800 2070 971 2097 causam
1020 2055 1082 2097 rei
1132 2055 1329 2110 publicae
1369 2054 1448 2107 sic,
1496 2055 1546 2094 ut

219 2113 352 2154 civem
401 2114 565 2167 patriae
614 2128 862 2167 recuperare
906 2114 1036 2154 vellet
1079 2116 1283 2167 ereptum.
1357 2110 1546 2165 Simplex

220 2185 361 2224 causa,
411 2175 610 2213 constans
659 2172 788 2225 ratio,
836 2171 963 2226 plena
1012 2170 1302 2213 consensionis
1345 2170 1546 2224 omnium,
1565 2188 1600 2213 35

219 2228 344 2282 plena
387 2231 647 2271 concordiae.
715 2228 912 2285 Collegas
951 2230 1167 2271 adiutores
1202 2228 1409 2283 habebat3
1452 2242 1547 2269 con-

217 2286 322 2328 sulis
351 2286 526 2329 alterius
553 2303 765 2329 summum
791 2288 990 2342 studium,
1023 2287 1198 2329 alterius
1223 2286 1388 2328 animus
1413 2301 1546 2341 paene
