1671 2543
177 61 265 104 328
505 62 598 99 PRO
624 63 672 98 M.
697 62 955 100 MARCELLO
983 64 1174 100 ORATIO.

177 170 340 224 placet,
372 170 554 226 gloriae,
587 173 648 224 at,
681 170 795 224 quod
827 171 1062 212 maximum
1094 174 1178 225 est,
1209 172 1376 226 patriae
1407 174 1522 214 certe

176 243 341 282 parum.
406 228 546 278 Quare
580 228 733 270 omitte
759 229 902 284 istam,
934 244 1106 284 quaeso,
1137 230 1363 272 doctorum
1387 230 1523 272 homi-

175 301 281 328 num
318 287 363 327 in
401 287 712 328 contemnenda
749 290 888 328 morte
923 288 1213 342 prudentiam,
1249 288 1340 330 noli
1370 291 1522 330 nostro

176 344 367 399 periculo
412 359 504 386 esse
530 345 731 399 sapiens.
803 344 939 401 Saepe
982 346 1097 388 enim
1139 347 1258 388 venit
1301 347 1355 388 ad
1398 361 1522 388 aures

177 417 294 444 meas
328 406 369 444 te
402 403 516 444 idem
547 403 665 445 istud
696 404 825 445 nimis
858 405 1007 446 crebro
1040 405 1198 459 dicere,
1229 405 1311 446 tibi
1339 405 1445 446 satis
1477 407 1521 446 te
1559 421 1575 447 5

175 462 346 503 vixisse.
421 461 577 516 Cred03
625 463 699 504 sed
748 465 841 503 tum
887 463 930 503 id
975 463 1183 517 audirem,
1234 464 1271 505 si
1314 463 1396 504 tibi
1441 463 1523 505 soli

175 520 341 561 viveres
382 523 457 561 aut
496 520 533 562 si
570 520 653 562 tibi
690 521 823 562 etiam
855 521 937 563 soli
967 525 1095 563 natus
1129 536 1256 563 esses.
1318 521 1523 563 Omnium

178 579 363 620 salutem
408 579 566 621 civium
610 582 893 634 cunctamque
931 594 1022 621 rem
1059 580 1279 634 publicam
1316 595 1384 621 res
1422 583 1523 622 tuae

177 639 326 692 gestae
372 638 619 692 complexae
665 641 806 692 8111113,Ἴ
832 641 1003 680 tantum
1048 639 1149 680 abes
1191 653 1215 679 a
1258 638 1523 693 perfectione

177 696 464 737 maximorum
509 711 705 751 operum,
749 699 798 737 ut
840 696 1119 738 fundamenta
1160 697 1370 751 nondum,
1414 711 1522 751 quae
1543 714 1577 740 10

178 754 358 809 cogitaS,
391 754 553 795 ieceris.
609 754 693 796 Hic
725 758 773 796 tu
806 754 982 797 modum
1006 755 1120 796 vitae
1147 758 1246 796 tuae
1271 770 1359 797 non
1385 756 1523 796 salute

177 812 239 853 rei
270 812 488 866 publicae,
528 813 601 854 sed
640 813 858 868 aequitate
892 814 1023 855 animi
1055 813 1262 855 definies?
1325 813 1455 879 Quid,
1487 814 1525 855 si

175 870 294 911 istud
336 885 389 912 ne
434 871 598 926 gloriae
645 873 778 924 [tuae]
825 872 997 938 quidem
1035 872 1141 913 satis
1180 872 1277 914 est?
1322 872 1442 914 cuius
1480 875 1524 914 te

178 943 270 970 esse
311 926 640 983 avidissimum,
665 931 860 996 quamvis
894 931 953 972 sis
987 931 1175 985 sapiens,
1211 945 1299 972 non
1330 930 1523 986 negabis.

118 993 163 1024 26
179 986 415 1029 Parumne
474 988 631 1044 igitur’
641 1022 651 1042 ,
706 989 892 1044 inquieS,
950 989 1128 1044 magna
1179 989 1522 1043 relinquemus‘?'
1544 1004 1577 1030 15

177 1045 317 1087 Immo
370 1061 471 1088 vero
530 1047 626 1088 aliis
685 1047 880 1113 quamvis
934 1048 1084 1089 multis
1137 1048 1261 1101 satis,
1324 1047 1406 1088 tibi
1448 1048 1524 1089 uni

177 1118 342 1157 parum.
401 1104 614 1159 Quicquid
647 1108 714 1146 est
746 1106 879 1160 enim,
918 1106 1114 1160 quamvis
1147 1081 1339 1160 amplum
1372 1105 1449 1160 sit,
1480 1106 1525 1147 id

178 1165 244 1203 est
288 1177 441 1216 parum
479 1166 592 1217 tum,
637 1178 733 1205 cum
778 1167 843 1205 est
887 1164 1049 1218 aliquid
1093 1165 1289 1218 amplius.
1360 1163 1524 1213 Quodsi

177 1235 321 1261 rerum
348 1224 521 1263 tuarum
547 1222 856 1276 inmortalium,
883 1222 927 1264 O.
949 1222 1119 1277 Caesar,
1144 1223 1215 1264 hic
1241 1222 1380 1264 exitus
1406 1221 1523 1263 futu-

177 1293 250 1319 rus
287 1278 389 1332 fuit,
426 1282 477 1320 ut
515 1280 695 1321 devictis
733 1281 988 1322 adversariis
1024 1296 1114 1322 rem
1145 1281 1364 1334 publicam
1395 1281 1440 1321 in
1472 1295 1521 1322 eo
1542 1295 1577 1321 20

178 1339 298 1377 statu
329 1337 610 1391 relinqueres,
648 1339 693 1379 in
725 1353 809 1392 quo
840 1353 953 1380 nunc
985 1342 1068 1392 est,
1106 1339 1219 1392 vide,
1258 1353 1435 1392 quaeso,
1469 1353 1522 1380 ne

176 1397 252 1435 tua
284 1394 427 1436 divina
458 1396 596 1437 virtus
630 1396 927 1438 admirationis
956 1397 1052 1451 plus
1079 1397 1137 1438 sit
1162 1397 1368 1438 habitura
1393 1411 1523 1451 quam

177 1452 360 1507 gloriae,
405 1453 618 1507 siquidem
663 1455 802 1509 gloria
845 1458 912 1496 est
955 1455 1150 1496 inlustris
1196 1470 1244 1497 ac
1287 1458 1523 1520 pervagata

178 1524 435 1565 magnorum
455 1512 560 1552 161
549 1527 594 1553 111
614 1527 714 1554 suos
742 1513 855 1554 cives
875 1514 973 1554 vel
962 1528 1007 1554 111
1031 1514 1219 1568 patriam
1238 1514 1336 1555 161
1326 1529 1371 1555 111
1396 1529 1522 1556 0111116

117 1550 161 1640 297
177 1582 313 1623 genus
357 1569 583 1611 hominum
625 1571 742 1612 fama
779 1572 1044 1613 meritorum.
1111 1571 1230 1614 Haec
1267 1572 1402 1627 igitur
1439 1573 1522 1614 tibi
1541 1586 1576 1612 25

178 1627 343 1681 reliqua
374 1643 473 1682 pars
503 1631 582 1682 est,
611 1629 683 1671 hic
709 1632 846 1671 iestat
872 1633 1006 1684 actus,
1037 1630 1082 1671 in
1106 1631 1189 1672 hoc
1215 1631 1523 1672 elaborandum

176 1688 261 1739 est,
299 1689 348 1726 ut
386 1701 476 1727 rem
503 1687 721 1741 publicam
754 1689 1011 1742 constituas,
1049 1703 1182 1742 eaque
1214 1691 1263 1730 tu
1294 1689 1340 1730 in
1369 1689 1521 1743 primis

176 1758 345 1785 summa
389 1745 708 1799 tranquillitate
753 1749 797 1787 et
839 1747 928 1788 otio
966 1746 1205 1801 perfruare3
1248 1750 1343 1788 tum
1380 1750 1441 1801 te,
1485 1748 1538 1799 si,

176 1802 307 1856 voles,
340 1817 437 1844 cum
465 1806 508 1844 et
533 1804 713 1858 patriae,
740 1805 854 1858 quod
880 1805 1019 1858 debes,
1046 1805 1224 1846 solveris
1252 1808 1295 1846 et
1319 1808 1521 1847 naturam

175 1860 317 1914 ipsam
362 1861 599 1915 expleveris
645 1863 846 1904 satietate
878 1863 1065 1917 vivendi,
1109 1863 1215 1904 satis
1254 1863 1326 1904 diu
1362 1864 1574 1905 vixissem

176 1918 321 1959 dicito.
374 1919 487 1968 Quid
519 1920 633 1961 enim
666 1924 733 1962 est
766 1921 940 1962 omnino
972 1921 1054 1962 hoc
1079 1921 1222 1975 ipsum
1249 1921 1333 1975 diu,
1364 1921 1410 1963 in
1435 1936 1519 1976 quo

176 1979 243 2017 est
264 1977 427 2030 aliquid
447 1979 718 2019 extremum?
751 1978 874 2027 Quod
895 1994 991 2020 cum
1011 1979 1141 2033 venit,
1161 1979 1299 2021 omnis
1320 1980 1519 2034 voluptas

175 2036 413 2087 praeterita
443 2050 522 2090 pro
548 2036 685 2078 nihilo
713 2040 790 2090 est,
824 2037 924 2091 quia
949 2040 1102 2091 postea
1125 2038 1246 2079 nulla
1271 2040 1337 2079 est
1361 2037 1519 2079 futura.

177 2091 448 2147 Quamquam
480 2094 563 2135 iste
596 2098 695 2135 tuus
729 2095 896 2136 animus
927 2109 1163 2150 numquam
1193 2096 1262 2137 his
1294 2096 1519 2150 angustiis,

175 2163 282 2202 quas
313 2154 469 2193 natura
499 2152 625 2194 nobis
658 2153 711 2194 ad
742 2153 970 2194 vivendum
1001 2153 1130 2208 dedit,
1164 2156 1391 2196 contentus
1422 2152 1518 2207 fuit,
1537 2165 1572 2192 ³⁵

116 2218 160 2249 28
177 2220 346 2262 semper
377 2210 706 2252 inmortalitatis
734 2225 877 2252 amore
903 2211 1116 2266 flagravit.
1171 2211 1263 2253 Nec
1288 2225 1387 2252 vero
1413 2211 1519 2254 haec

175 2267 251 2305 tua
281 2267 372 2308 vita
403 2268 594 2310 ducenda
625 2272 704 2322 est,
736 2283 843 2323 quae
876 2284 1054 2324 corpore
1079 2273 1124 2311 et
1148 2269 1304 2324 spiritu
1330 2270 1519 2312 contine·
