1671 2543
216 131 305 171 480
380 130 429 164 IN
455 130 503 164 M.
532 129 788 164 ANTONIUM
815 128 990 164 ORATIO
1017 128 1285 166 PHILIPPICA
1311 130 1405 166 VIII.

218 238 372 291 verbis,
400 237 596 292 Opimius
623 237 764 278 armis.
820 236 936 278 Num
962 238 1097 293 igitur
1123 253 1231 291 eum,
1258 238 1294 279 si
1313 240 1405 280 tum
1431 253 1558 292 esses,

220 297 495 338 temerarium
533 296 667 337 civem
706 299 780 337 aut
819 296 1030 338 crudelem
1069 300 1241 350 putares
1281 300 1355 338 aut
1392 296 1440 346 Q.
1472 297 1558 339 Me·

220 356 389 408 tellum,
428 356 545 396 cuius
585 357 789 408 quattuor
826 355 904 395 filii
937 356 1200 409 consulares,
1239 355 1282 396 P.
1315 355 1558 410 Lentulum,

218 415 456 469 principem
488 416 674 467 senatus,
707 414 947 468 complures
977 414 1084 454 alios
1112 428 1300 455 summos
1327 415 1453 468 viros,
1485 415 1558 469 qui

220 488 315 514 cum
349 472 518 526 Opimio
558 473 729 513 consule
762 473 916 513 armati
949 472 1189 514 Gracchum
1221 473 1264 514 in
1301 473 1557 514 Aventinum
1580 491 1596 516 5

218 531 432 586 persecuti
466 531 595 572 sunt?
629 545 712 585 quo
745 531 790 572 in
820 531 982 585 proelio
1009 531 1217 572 Lentulus
1243 545 1372 586 grave
1405 532 1558 573 vulnus

220 591 400 644 accepit,
438 589 690 631 interfectus
729 593 795 631 est
827 588 1044 631 Gracchus
1083 593 1126 631 et
1158 589 1214 631 M.
1246 589 1423 632 Fulvius
1462 605 1558 632 con-

149 649 373 706 (5)sularis
406 649 580 702 eiusque
613 649 695 690 duo
729 649 1037 690 adulescentuli
1069 649 1160 689 filii.
1216 648 1287 690 Illi
1319 649 1452 704 igitur
1477 650 1558 690 viri

223 707 508 762 vituperandi3
544 722 629 748 non
668 708 780 749 enim
814 708 952 749 omnis
984 707 1089 749 civis
1122 707 1263 749 salvos
1295 722 1386 749 esse
1418 708 1558 749 volue-

181 767 333 807 5runt.
401 766 469 807 Ad
506 766 709 820 propiora
745 767 976 807 veniamus.
1037 765 1082 808 C.
1119 766 1257 807 Mario
1299 765 1345 807 L.
1383 766 1557 808 Valerio
1578 785 1610 809 ιο

163 820 203 848 ¹5
221 825 467 866 consulibus
506 828 679 866 senatus
718 840 807 866 rem
838 825 1055 879 publicam
1086 825 1392 866 defendendam
1425 825 1558 880 dedit3

218 883 264 924 L.
310 883 566 925 Saturninus
611 884 809 938 tribunus
852 884 927 938 pl.‚
971 883 1016 926 C.
1054 882 1234 925 Glaucia
1275 887 1448 938 praetor
1491 887 1558 925 est

219 942 482 985 interfectus.
545 942 704 984 Omnes
742 943 816 984 illo
858 943 924 984 die
958 941 1124 997 Scauri,
1162 942 1343 997 Metelli,
1379 942 1557 997 Claudii,

219 1001 374 1054 Catuli,
407 1000 647 1056 Scaevolae,
680 1001 825 1044 Crassi
858 1016 976 1042 arma
1005 1004 1290 1056 sumpserunt.
1346 1000 1463 1042 Num
1483 1004 1558 1043 aut

217 1061 415 1102 consules
436 1061 534 1102 illos
555 1063 628 1101 aut
649 1061 924 1102 clarissumos
944 1061 1059 1101 viros
1079 1060 1381 1114 vituperandos
1399 1060 1555 1115 putas?
1577 1078 1609 1104 15

218 1119 314 1173 Ego
360 1118 591 1161 Catilinam
635 1120 773 1174 perire
817 1120 943 1161 volui.
1017 1118 1133 1160 Num
1177 1122 1242 1172 tu,
1294 1119 1366 1173 qui
1410 1133 1557 1161 omnes

217 1178 359 1220 salvos
385 1178 461 1233 vis,
493 1177 724 1233 Catilinam
749 1178 912 1219 salvum
940 1193 1031 1219 esse
1058 1178 1261 1219 voluisti?
1311 1177 1405 1220 Hoc
1430 1178 1557 1219 inter-

217 1240 302 1289 est,
347 1236 519 1290 Calene,
563 1238 675 1278 inter
719 1252 858 1278 meam
903 1237 1161 1278 sententiam
1199 1239 1242 1278 et
1279 1239 1416 1277 tuam:
1460 1235 1555 1291 Ego

217 1295 318 1336 nolo
352 1310 610 1349 quemquam
642 1296 775 1337 civem
810 1296 1091 1349 committere,
1126 1298 1174 1336 ut
1205 1298 1342 1336 morte
1375 1295 1556 1335 multan-

217 1353 296 1394 dus
329 1354 403 1406 sit3
436 1356 501 1407 tu,
534 1354 702 1395 etiamsi
735 1354 1014 1407 commiserit,
1053 1353 1385 1395 conservandum
1417 1356 1555 1407 putas.
1576 1371 1609 1396 20

218 1411 270 1453 In
307 1426 483 1466 corpore
522 1412 558 1453 si
596 1413 695 1466 quid
734 1413 823 1453 eius
860 1412 974 1453 modi
1005 1415 1087 1464 est,
1126 1412 1238 1465 quod
1270 1412 1434 1465 reliquo
1468 1426 1556 1453 cor-

219 1471 313 1524 pori
351 1474 518 1523 noceat,
557 1471 599 1511 id
639 1471 705 1511 uri
744 1471 960 1524 secarique
992 1471 1199 1524 patimur,
1236 1473 1285 1511 ut
1317 1470 1556 1512 membrum

219 1529 392 1583 aliquod
429 1530 573 1583 potius
613 1544 741 1583 quam
779 1533 919 1570 totum
958 1544 1111 1583 corpus
1150 1529 1345 1570 intereat.
1408 1527 1478 1570 Sic
1511 1529 1557 1570 in

219 1589 280 1629 rei
315 1588 512 1642 publicae
551 1603 745 1643 corpore,
783 1592 831 1628 ut
869 1591 1009 1629 totum
1046 1588 1209 1629 salvum
1242 1588 1317 1641 sit,
1355 1587 1556 1642 quicquid

163 1666 202 1695 10
219 1649 284 1688 est
333 1647 603 1701 pestiferum,
657 1649 913 1701 amputetur.
987 1646 1105 1687 Dura
1154 1661 1257 1700 vox3
1303 1646 1440 1688 multo
1480 1646 1557 1687 illa
1575 1664 1608 1689 25

219 1705 380 1747 durior:
419 1704 553 1747 ‘Salvi
587 1706 673 1747 sint
705 1706 886 1760 inprobi,
919 1705 1127 1759 scelerati,
1158 1705 1297 1759 impii3
1335 1705 1557 1746 deleantur

218 1764 485 1818 innocentes,
522 1764 710 1818 honesti,
742 1764 860 1818 boni,
893 1767 988 1805 tota
1018 1778 1084 1805 res
1116 1763 1320 1818 publica?
1382 1762 1480 1805 Uno
1512 1763 1557 1805 in

218 1822 407 1877 homine,
453 1823 500 1872 Q.
539 1822 652 1877 Fufi,
696 1823 834 1863 fateor
878 1826 919 1864 te
967 1823 1122 1864 vidisse
1165 1822 1261 1876 plus
1306 1836 1433 1876 quam
1477 1837 1555 1864 me.

217 1881 313 1936 Ego
348 1881 392 1922 P.
425 1880 622 1924 Clodium
654 1882 896 1923 arbitrabar
927 1881 1214 1936 perniciosum
1250 1881 1396 1934 civem,
1428 1881 1555 1922 scele-

218 1944 378 1993 ratum,
422 1940 716 1994 libidinosum,
760 1941 957 1994 impium,
1001 1940 1220 1993 audacem,
1256 1939 1608 1993 facinerosum‚so

218 2002 266 2039 tu
299 2001 447 2040 contra
479 2003 692 2052 sanctum,
730 2002 1057 2053 temperantem,
1094 1999 1385 2051 innocentem,
1416 1997 1556 2039 mode-

219 2060 345 2110 stum,
377 2058 645 2099 retinendum
678 2058 813 2099 civem
845 2060 887 2098 et
920 2057 1165 2111 optandum.
1220 2055 1272 2097 In
1296 2056 1378 2098 hoc
1402 2070 1486 2097 uno
1512 2058 1554 2096 te

149 2114 452 2169 (G)plurimum
483 2117 652 2170 vidisse,
684 2131 751 2157 me
783 2116 967 2157 multum
1000 2130 1163 2156 errasse
1196 2115 1391 2156 concedo.
1440 2113 1554 2155 Nam

218 2175 330 2228 quod
363 2190 429 2216 me
462 2178 603 2217 tecum
635 2175 835 2216 iracunde
868 2188 993 2229 agere
1026 2174 1172 2214 dixisti
1198 2173 1346 2227 solere,
1376 2186 1462 2214 non
1488 2175 1554 2213 est

217 2233 289 2273 ita.
362 2233 649 2275 Vehementer
698 2248 764 2274 me
816 2247 941 2288 agere
986 2232 1141 2285 fateor,
1190 2230 1387 2273 iracunde
1430 2244 1606 2285 nego.³5

219 2290 402 2332 Omnino
435 2293 562 2333 irasci
595 2292 743 2333 amicis
774 2306 860 2332 non
891 2295 1049 2332 temere
1082 2291 1211 2343 soleo,
1241 2303 1293 2330 ne
1326 2289 1362 2329 si
1394 2303 1553 2330 meren-

161 2354 200 2384 17
219 2352 286 2388 tur
325 2350 505 2403 quidem.
569 2350 719 2405 Itaque
759 2350 848 2391 sine
887 2350 1115 2391 verborum
1155 2346 1413 2389 contumelia
1450 2361 1476 2388 a
1509 2350 1553 2388 te
