1671 2543
539 359 626 418 M.
667 370 857 417 TULLI
895 369 1223 417 CICERONIS

333 493 470 548 PRO
518 493 572 547 Τ.
616 491 832 546 ANNIO
876 490 1144 545 MILONE
1189 489 1441 546 ORATIO

669 591 764 646 AD
809 588 1110 645 IUDICES.

350 803 420 841 EX
453 799 862 841 COMMENTARIIS
896 798 938 844 Q.
971 796 1166 837 ASCONI
1198 799 1431 839 PEDIANI.

314 891 419 926 Hanc
438 891 634 926 orationem
655 888 750 922 dixit
769 887 831 923 Cn.
846 887 1023 933 Pompeio
1038 886 1090 921 HI
1109 897 1182 922 cos.
1202 898 1234 922 a.
1254 887 1289 923 d.
1309 887 1360 923 VI
1378 887 1431 922 Id.
1443 887 1562 933 April.

221 940 269 984 [a.
287 950 312 973 u
329 949 358 973 c.
381 938 476 984 702}
511 936 617 979 Quod
637 935 817 970 iudicium
836 947 920 971 cum
940 936 1123 980 ageretur,
1144 935 1345 970 exercitum
1366 934 1405 970 in
1428 935 1508 970 foro
1524 938 1563 971 et

219 987 259 1021 in
292 985 461 1021 omnibus
493 983 662 1028 templis,
701 994 796 1027 quae
829 982 969 1018 circum
1000 981 1120 1016 forum
1146 982 1248 1026 sunt,
1287 981 1512 1017 collocatum
1540 993 1563 1018 a

221 1033 286 1068 Cn.
306 1032 484 1077 Pompeio
510 1030 625 1066 fuisse
650 1040 726 1064 non
749 1031 898 1064 tantum
924 1040 968 1064 ex
993 1028 1063 1063 hac
1089 1028 1257 1064 oratione
1284 1030 1323 1064 et
1348 1029 1561 1073 annalibus,

221 1080 285 1115 sed
318 1079 432 1114 etiam
466 1089 510 1113 ex
535 1077 631 1112 libro
658 1079 837 1122 apparet,
866 1076 930 1120 qui
957 1075 1144 1111 Ciceronis
1169 1076 1318 1111 nomine
1344 1075 1562 1111 inscribitur

220 1127 267 1161 de
313 1126 455 1171 optimo
505 1134 641 1171 genere
685 1125 870 1159 oratorum
927 1123 972 1169 [c.
1018 1127 1040 1157 4
1083 1127 1102 1165 ξ
1148 1123 1218 1169 10].
1292 1123 1563 1168 Argumentum

220 1174 292 1209 hoc
330 1175 403 1208 est:
457 1173 497 1207 T.
536 1172 677 1206 Annius
715 1171 806 1206 Milo
845 1171 883 1206 et
920 1170 958 1205 P.
997 1169 1166 1204 Plautius
1204 1169 1398 1214 Hypsaeus
1438 1172 1477 1205 et
1515 1170 1556 1212 Q.

221 1220 397 1255 Metellus
431 1219 555 1264 Scipio
594 1218 827 1253 consulatum
864 1218 1054 1262 petierunt
1089 1227 1164 1251 non
1201 1217 1320 1251 solum
1360 1215 1562 1261 largitione

223 1267 349 1312 palam
386 1266 558 1311 profusa,
596 1265 661 1300 sed
696 1264 812 1299 etiam
848 1263 1074 1298 factionibus
1113 1265 1339 1298 armatorum
1373 1264 1561 1299 succincti.

221 1313 355 1348 Miloni
397 1314 436 1347 et
472 1311 602 1347 Clodio
642 1322 807 1346 summae
845 1312 950 1345 erant
984 1309 1221 1354 inimicitiae,
1260 1309 1360 1353 quod
1397 1311 1435 1345 et
1471 1310 1562 1346 Milo

225 1359 411 1395 Ciceronis
434 1361 515 1394 erat
535 1358 780 1393 amicissimus
801 1358 839 1392 in
859 1357 1142 1400 reducendoque
1163 1367 1205 1391 eo
1225 1357 1332 1391 enixe
1352 1367 1502 1402 operam
1517 1359 1561 1393 tr.

221 1407 271 1452 pl.
300 1407 455 1441 dederat
474 1407 512 1440 et
531 1405 569 1441 P.
588 1404 737 1440 Clodius
757 1404 932 1439 restituto
948 1414 1093 1447 quoque
1115 1403 1283 1438 Ciceroni
1304 1406 1384 1438 erat
1400 1403 1562 1439 infestis-

223 1454 336 1488 simus
374 1453 531 1496 ideoque
569 1463 710 1487 summe
746 1451 922 1486 studebat
952 1450 1124 1495 Hypsaeo
1166 1451 1204 1485 et
1238 1450 1402 1495 Scipioni
1433 1453 1564 1486 contra

222 1500 411 1536 Milonem.
448 1499 501 1534 Ac
522 1510 632 1543 saepe
652 1499 749 1533 inter
769 1509 806 1533 se
826 1497 917 1533 Milo
938 1500 975 1533 et
988 1496 1136 1533 Clodius
1148 1508 1231 1532 cum
1246 1498 1321 1532 suis
1336 1498 1562 1534 factionibus

222 1548 362 1583 Romae
381 1547 695 1592 depugnaverant,
716 1547 755 1581 et
774 1548 879 1581 erant
897 1547 1051 1589 uterque
1073 1544 1228 1580 audacia
1248 1555 1366 1590 pares,
1386 1545 1451 1580 sed
1470 1545 1568 1590 Milo,

222 1605 288 1640 pro
311 1594 524 1629 melioribus
538 1593 706 1639 partibus
721 1593 856 1627 stabat.
894 1592 1092 1627 Praeterea
1105 1592 1144 1626 in
1157 1591 1314 1626 eundem
1328 1603 1465 1626 annum
1478 1603 1562 1627 con-

227 1642 390 1676 sulatum
427 1640 533 1684 Milo,
581 1640 730 1675 Clodius
776 1641 987 1685 praeturam
1029 1639 1200 1684 petebat,
1245 1650 1357 1682 quam
1401 1639 1562 1674 debilem

227 1688 389 1723 futuram
420 1688 571 1723 consule
597 1687 737 1722 Milone
763 1687 1019 1731 intellegebat.
1070 1685 1212 1721 Deinde
1239 1697 1322 1720 cum
1349 1685 1414 1720 diu
1440 1687 1562 1720 tracta

226 1737 350 1771 essent
375 1735 528 1770 comitia
553 1734 763 1769 consularia
787 1734 985 1779 perficique
1011 1733 1058 1768 ob
1086 1744 1148 1768 eas
1168 1734 1269 1778 ipsas
1288 1732 1456 1777 perditas
1477 1743 1561 1767 can-

224 1782 436 1818 didatorum
467 1781 724 1817 contentiones
757 1792 831 1815 non
861 1782 1016 1826 possent
1041 1781 1078 1815 et
1103 1779 1150 1818 ob
1176 1779 1215 1814 id
1240 1790 1365 1814 mense
1391 1780 1561 1815 Ianuario

222 1830 407 1864 nullidum
431 1839 551 1873 neque
577 1828 747 1864 consules
773 1839 893 1871 neque
917 1829 1107 1872 praetores
1133 1828 1257 1862 essent
1281 1827 1562 1870 trahereturque

224 1877 304 1912 dies
331 1877 461 1912 eodem
488 1887 560 1920 quo
587 1877 699 1910 antea
724 1875 846 1919 modo,
871 1886 954 1909 cum
974 1874 1064 1909 Milo
1090 1885 1201 1917 quam
1226 1873 1386 1918 primum
1412 1873 1562 1908 comitia

224 1924 355 1958 confici
386 1923 500 1958 vellet
531 1922 804 1966 confideretque
837 1933 920 1956 cum
945 1921 1126 1956 bonorum
1153 1919 1305 1963 studiis,
1339 1920 1439 1964 quod
1465 1920 1561 1955 obsi-

225 1970 349 2005 stebat
369 1969 510 2013 Clodio,
538 1972 617 2004 tum
643 1969 755 2004 etiam
776 1969 914 2014 populo
933 1969 1084 2014 propter
1105 1967 1238 2002 effusas
1258 1966 1476 2011 largitiones
1495 1967 1560 2001 im-

227 2028 435 2062 pensasque
467 2017 639 2052 ludorum
679 2015 931 2051 scaenicorum
970 2026 1012 2049 ac
1044 2014 1262 2060 gladiatorii
1293 2014 1453 2048 muneris
1483 2023 1559 2046 ma-

225 2064 355 2108 ximas,
382 2064 420 2098 in
446 2074 537 2107 quas
564 2063 638 2098 tria
663 2062 888 2108 patrimonia
911 2061 1085 2097 effudisse
1112 2072 1195 2096 eum
1215 2059 1341 2095 Cicero
1362 2058 1559 2104 significat,

226 2111 490 2163 competitores
529 2110 608 2144 eius
646 2110 793 2145 trahere
831 2109 971 2144 vellent
1007 2108 1165 2152 ideoque
1196 2106 1408 2151 Pompeius,
1446 2116 1561 2150 gener

226 2157 430 2203 Scipionis,
465 2159 503 2192 et
527 2157 566 2192 T.
594 2156 782 2192 Munatius
814 2156 982 2191 tribunus
1014 2155 1063 2200 pl.
1090 2153 1220 2189 referri
1245 2153 1292 2187 ad
1318 2153 1488 2186 senatum
1514 2152 1559 2186 de

225 2204 395 2248 patriciis
429 2203 691 2247 convocandis,
731 2205 794 2247 qui
825 2203 1048 2247 interregem
1080 2201 1295 2246 proderent,
1328 2209 1401 2233 non
1436 2202 1561 2234 esseut

223 2251 336 2294 passi,
369 2262 452 2285 cum
478 2250 702 2295 interregem
725 2250 882 2295 prodere
909 2251 1009 2284 stata
1033 2259 1091 2283 res
1119 2248 1231 2282 esset:
1257 2256 1288 2280 a.
1316 2244 1349 2278 d.
1371 2245 1456 2280 XIII
1475 2246 1558 2280 Kal.

223 2297 329 2331 Febr.
358 2299 456 2341 (acta
482 2297 619 2332 etenim
645 2296 764 2342 magis
791 2296 978 2341 sequenda
1002 2296 1040 2330 et
1064 2294 1184 2338 ipsam
1211 2291 1434 2336 orationem,
1463 2303 1559 2336 quae
