1671 2543
191 81 277 123 552
347 79 397 115 IN
423 80 469 115 M.
497 78 758 114 ANTONIUM
787 77 966 113 ORATIO
992 77 1263 112 PHILIPPICA
1289 76 1384 112 XIII.

192 189 340 244 lingua
373 187 530 229 Latina
557 190 640 240 est,
672 187 714 227 id
745 188 921 241 propter
953 188 1072 226 tuam
1104 185 1291 226 divinam
1321 184 1527 239 pietatem

134 257 350 289 44novum
387 246 564 288 inducis.
626 244 735 287 ‘nec
774 245 1013 285 Plancum
1050 243 1280 298 prodere,
1317 243 1528 297 partici-

192 321 300 361 pem
334 303 699 347 consiliorum.'
756 303 961 344 Plancum
987 302 1270 357 participem?
1301 301 1419 344 cuius
1444 315 1528 343 me-

192 364 414 406 morabilis
455 378 502 405 ac
541 363 685 404 divina
721 362 856 403 virtus
894 362 1031 403 lucem
1070 360 1209 402 adfert
1241 361 1298 401 rei
1332 360 1528 415 publicae

193 423 294 471 (nisi
337 423 449 464 forte
493 436 591 463 eum
634 421 825 463 subsidio
870 420 951 461 tibi
988 420 1130 461 venire
1169 419 1393 460 arbitraris
1432 433 1527 460 cum
1563 436 1581 464 5

192 481 443 524 fortissimis
498 480 760 536 legionibus,
815 480 1000 520 maximo
1051 478 1247 532 equitatu
1297 477 1526 532 [peditatu]

196 539 450 594 Gallorum),
476 539 646 594 quique,
671 538 753 579 nisi
775 541 873 579 ante
894 538 983 579 eius
1005 538 1233 578 adventum
1254 536 1314 578 rei
1333 536 1529 591 publicae

194 613 353 654 poenas
403 597 587 652 dederis,
636 597 708 638 ille
757 596 884 637 huius
933 596 1036 637 belli
1079 595 1188 637 feret
1229 595 1529 650 principatum.

125 699 134 714 ⁴
196 658 465 712 Quamquam
498 656 611 698 enim
643 655 781 710 prima
808 655 1021 710 praesidia
1046 655 1223 696 utiliora
1247 653 1310 695 rei
1334 653 1530 708 publicae

125 698 181 787 24⁰
196 719 314 770 sunt,
363 718 509 757 tamen
559 718 750 756 extrema
800 717 899 755 sunt
949 713 1150 769 gratiora.
1225 711 1307 754 Sed
1356 712 1442 753 iam
1486 725 1530 753 se
1552 728 1585 754 ιο

160 757 365 830 ⁶eolligit
397 777 440 816 et
472 774 524 815 ad
551 777 787 815 extremum
819 772 971 826 incipit
996 771 1304 826 philosophari.
1355 769 1428 812 ‘Si
1459 784 1532 812 me

195 834 353 875 rectis
381 832 618 875 sensibus
640 835 842 873 euntem
862 831 911 872 di
932 831 1268 884 immortales,
1292 831 1348 871 ut
1366 843 1533 884 spero,

197 892 511 946 adiuverint,
567 891 731 932 vivam
786 890 1021 932 libenter.
1103 887 1190 930 Sin
1245 891 1411 930 autem
1460 901 1532 928 me

197 951 335 993 aliud
361 950 522 991 fatum
550 952 734 1001 manet,
761 948 1021 1003 praecipio
1048 948 1237 1003 gaudia
1256 945 1534 1001 supplicio·
1627 987 1633 999 ,

197 1025 305 1051 rum
342 1012 643 1050 vestrorum.
710 1007 955 1062 Namque,
994 1007 1036 1047 si
1072 1006 1199 1048 victi
1236 1004 1588 1059 Pompeianius

199 1072 302 1110 tam
351 1068 638 1109 insolentes
690 1069 825 1119 sunt,
875 1066 1100 1106 victores
1152 1064 1327 1118 quales
1370 1063 1535 1104 futuri

200 1128 322 1180 sint,
365 1141 454 1168 vos
498 1126 673 1180 potius
719 1123 1079 1179 experiemini?
1146 1122 1391 1177 Praecipias
1433 1121 1536 1163 licet

201 1185 375 1242 gaudia,
423 1199 510 1226 non
563 1184 676 1225 enim
720 1184 801 1225 tibi
846 1198 941 1224 cum
985 1182 1276 1236 Pompeianis,
1326 1180 1399 1222 sed
1439 1194 1536 1222 cum

200 1245 400 1286 universa
436 1258 481 1285 re
513 1243 686 1297 publica
716 1243 876 1284 bellum
909 1244 985 1283 est.
1048 1241 1206 1282 Omnes
1238 1243 1281 1281 te
1313 1239 1367 1293 di,
1402 1237 1537 1280 homi-

201 1317 293 1356 nes,
325 1302 499 1355 summi,
532 1302 679 1355 medii,
711 1301 864 1354 infimi,
897 1300 1028 1353 cives,
1059 1298 1292 1353 peregrini,
1324 1297 1416 1351 viri,
1449 1311 1536 1338 mu·
1556 1312 1590 1338 ιο

202 1362 344 1415 lieres,
394 1360 537 1414 liberi,
587 1360 699 1400 servi
749 1359 939 1413 oderunt.
1015 1357 1233 1398 Sensimus
1281 1356 1363 1397 hoc
1402 1368 1538 1409 nuper

202 1420 312 1461 falso
359 1419 530 1471 nuntio,
579 1432 678 1459 vero
729 1417 977 1471 propediem
1021 1415 1265 1457 sentiemus.
1339 1413 1457 1463 Quae
1501 1412 1539 1454 si

203 1482 347 1520 tecum
379 1478 470 1531 ipse
502 1476 746 1529 recolueris,
779 1475 975 1530 aequiore
1008 1474 1149 1515 animo
1183 1476 1226 1514 et
1257 1473 1416 1513 maiore
1444 1486 1540 1513 con-

147 1537 415 1579 45solati0ne
453 1535 646 1577 moriere.
709 1533 957 1588 ‘Denique
997 1547 1187 1574 summa
1223 1530 1406 1572 iudicii
1443 1529 1540 1571 mei

205 1598 407 1650 spectat
437 1594 550 1648 huc,
581 1597 637 1635 ut
668 1607 891 1634 meorum
922 1591 1143 1632 iniurias
1169 1590 1303 1631 ferre
1328 1589 1539 1644 possim,
1560 1604 1594 1630 25

205 1655 247 1696 si
286 1656 374 1695 aut
412 1653 655 1694 oblivisci
693 1652 857 1692 velint
888 1651 987 1704 ipsi
1021 1649 1206 1690 fecisse
1239 1651 1326 1690 aut
1356 1647 1541 1689 ulcisci

204 1712 374 1767 parati
418 1714 536 1752 sunt
579 1725 676 1752 una.
717 1710 986 1751 nobiscum
1025 1706 1260 1749 Caesaris
1299 1704 1541 1748 mortem?

204 1771 298 1813 Hac
330 1770 494 1812 Antoni
531 1769 745 1811 sententia
777 1769 950 1824 cognita
982 1767 1331 1808 dubitaturumne
1363 1764 1414 1806 A.
1445 1763 1542 1805 Hir-

205 1830 315 1871 tium
347 1831 422 1870 aut
454 1826 498 1869 G.
532 1828 717 1869 Pansam
749 1827 944 1868 consules
976 1825 1158 1880 putatis,
1191 1825 1294 1878 quin
1326 1823 1378 1864 ad
1410 1822 1543 1864 Anto·

205 1889 325 1929 nium
380 1889 620 1940 transeant,
674 1886 859 1927 Brutum
916 1884 1156 1936 obsideant,
1211 1882 1425 1924 Mutinam
1461 1895 1543 1923 ⁴ex—
1563 1896 1624 1923 so.

205 1960 397 2001 pugnare
436 1945 640 1999 cupiant?
703 1944 814 1993 Quid
851 1943 900 1984 de
933 1942 1073 1984 Pansa
1110 1944 1154 1982 et
1184 1941 1328 1982 Hirtio
1361 1939 1544 1994 loquor?

207 2003 382 2058 Caesar,
439 2003 648 2059 singulari
703 2002 864 2057 pietate
915 2001 1179 2054 adulescens,
1234 1999 1450 2054 poteritne
1499 2011 1545 2039 se

207 2066 370 2117 tenere,
408 2063 511 2117 quin
542 2061 594 2103 D.
625 2061 751 2103 Bruti
784 2060 989 2115 sanguine
1021 2073 1180 2113 poenas
1212 2057 1375 2112 patrias
1406 2069 1546 2111 perse-

208 2121 394 2176 quatur?
462 2120 615 2175 Itaque
659 2119 877 2172 fecerunt,
920 2121 969 2159 ut
1009 2118 1076 2159 his
1120 2117 1279 2158 litteris
1323 2115 1448 2157 lectis
1493 2113 1545 2156 ad

207 2180 468 2221 munitiones
500 2179 677 2233 propius
704 2178 964 2219 accederent.
1017 2175 1109 2224 Quo
1136 2175 1273 2216 maior
1298 2173 1544 2215 adulescens
1565 2188 1598 2214 ³⁶

208 2236 365 2279 Caesar
402 2238 647 2292 maioreque
685 2237 861 2278 deorum
898 2234 1209 2276 immortalium
1246 2231 1452 2274 beneficio
1483 2231 1546 2272 rei

207 2297 403 2349 publicae
440 2299 568 2337 natus
607 2298 690 2347 est,
729 2294 802 2346 qui
839 2294 958 2335 nulla
990 2293 1129 2347 specie
1161 2291 1329 2346 paterni
1359 2289 1546 2330 nominis
