1671 2543
89 757 120 781 10

89 1050 121 1075 15

90 1343 124 1368 80

613 104 712 139 CAP.
741 109 769 148 1,
797 108 816 139 2
843 108 861 146 ς
890 109 988 139 1—6.
1389 103 1471 145 507

138 214 327 271 periculo
361 213 606 269 conligavit,
637 226 867 268 progressu
897 212 1045 265 arcuit,
1078 226 1102 253 a
1128 211 1266 252 reditu
1293 210 1474 252 refrena-

138 274 220 328 vit,
261 273 445 315 obsideri
485 287 528 314 se
565 285 716 326 passus
755 286 804 312 ex
842 274 1023 325 utraque
1060 273 1181 325 parte
1219 270 1475 312 constrinxit

140 332 388 374 Antonium.
451 331 574 373 Alter
605 330 648 372 in
676 330 822 372 Asiam
856 330 1028 384 inrupit.
1090 328 1203 371 Cur?
1264 327 1321 383 Si,
1353 331 1400 370 ut
1431 329 1475 369 in

141 390 328 446 Syriam,
359 390 537 445 patebat
567 389 635 430 via
667 391 709 430 et
742 392 857 430 certa
888 403 1023 442 neque
1055 388 1203 443 longa,
1238 388 1316 437 sin,
1347 390 1392 428 ut
1422 389 1478 429 ad

144 450 400 501 Trebonium,
439 449 537 503 quid
577 462 682 502 opus
721 448 803 488 fuit
842 462 935 489 cum
974 447 1172 502 legione?
1233 445 1475 488 Praemisso

140 508 284 550 Marso
328 508 471 549 nescio
517 521 600 561 quo
645 506 839 558 Octavio,
885 506 1090 548 scelerato
1138 506 1303 546 latrone
1348 508 1476 560 atque

140 566 299 623 egenti,
339 567 411 620 qui
449 566 727 620 popularetur
763 579 907 620 agros,
945 567 1117 606 vexaret
1149 564 1276 605 urbes
1307 578 1391 606 non
1425 564 1477 605 ad

141 640 258 680 spem
298 625 619 667 constituendae
659 625 716 665 rei
756 623 1000 677 familiaris,
1040 637 1167 677 quam
1204 626 1349 664 tenere
1381 637 1478 665 eum

140 698 265 739 posse
290 686 463 739 negant,
495 683 568 738 qui
593 685 751 724 norunt
778 681 901 735 (mihi
929 682 1039 723 enim
1066 682 1136 723 hic
1163 683 1334 723 senator
1359 681 1479 737 igno-

140 746 210 785 tus
242 742 338 797 est),
370 742 441 784 sed
474 742 524 783 ad
556 745 824 796 praesentem
850 744 1020 795 pastum
1046 740 1334 782 mendicitatis
1367 754 1480 793 suae,

141 804 394 844 consecutus
427 803 492 843 est
517 799 753 842 Dolabella.
810 799 937 841 Nulla
967 799 1207 853 suspicione
1234 799 1336 839 belli
1363 797 1513 853 (quis5

141 860 253 902 enim
291 860 333 901 id
371 859 590 914 putareffl)
633 862 802 901 secutae
841 859 1160 900 conlocutiones
1198 857 1479 899 familiarissi—

141 934 234 961 mae
274 933 369 960 cum
402 918 615 960 Trebonio
655 918 982 972 complexusque
1016 931 1205 958 summae
1238 916 1479 958 benivolen-

141 978 227 1019 tiae
265 978 363 1019 falsi
402 977 561 1019 indices
602 978 835 1018 extiterunt
872 977 915 1017 in
951 990 1094 1017 amore
1128 975 1349 1029 simulat03
1385 975 1479 1017 dex-

142 1041 271 1089 terae,
303 1051 409 1090 quae
442 1036 537 1077 fidei
572 1038 704 1077 testes
738 1049 828 1077 esse
861 1035 1069 1087 solebant,
1101 1037 1202 1075 sunt
1233 1033 1412 1088 perfidia
1437 1036 1479 1075 et

142 1095 298 1137 scelere
337 1094 542 1148 violatae,
578 1097 813 1135 nocturnus
851 1093 1056 1134 introitus
1089 1092 1316 1146 Zmyrnam
1356 1093 1478 1146 quasi

141 1155 185 1195 in
222 1153 413 1195 hostium
452 1153 618 1207 urbem,
657 1167 762 1208 quae
801 1155 866 1194 est
897 1152 1202 1193 fidissimorum
1236 1151 1477 1205 antiquissi-

141 1226 390 1266 morumque
429 1212 661 1265 sociorum,
706 1225 934 1265 oppressus
971 1210 1227 1264 Trebonius,
1267 1210 1302 1251 si
1340 1212 1388 1250 ut
1426 1210 1479 1251 ab

143 1286 205 1324 eo,
239 1271 311 1326 qui
344 1274 488 1324 aperte
520 1270 659 1311 hostis
693 1273 816 1324 esset,
847 1270 1056 1322 incautus,
1089 1269 1125 1309 si
1157 1271 1205 1309 ut
1232 1268 1285 1309 ab
1313 1283 1375 1322 eo,
1408 1269 1480 1322 qui

144 1330 247 1371 civis
294 1330 424 1371 etiam
467 1331 559 1370 tum
603 1329 787 1383 speciem
830 1328 1024 1381 haberet,
1073 1327 1214 1368 miser.
1286 1326 1352 1368 Ex
1398 1341 1480 1380 quo

142 1388 345 1430 nimirum
376 1388 678 1429 documentum
709 1402 787 1429 nos
820 1401 968 1441 capere
1000 1386 1174 1428 fortuna
1199 1385 1347 1438 voluit,
1381 1385 1482 1439 quid

144 1449 256 1488 esset
280 1446 404 1488 victis
431 1446 801 1488 extimescendum.
852 1444 1129 1488 Consularem
1147 1444 1366 1486 hominem
1387 1458 1482 1485 con—

145 1505 276 1546 sulari
304 1505 483 1558 imperio
509 1505 774 1558 provinciam
800 1504 950 1546 Asiam
977 1504 1240 1558 optinentem
1271 1501 1480 1544 Samiario

145 1563 258 1605 exuli
302 1563 495 1616 tradidit,
538 1563 776 1604 interficere
822 1566 994 1616 captum
1038 1561 1187 1602 statim
1230 1561 1386 1615 noluit,
1429 1575 1481 1602 ne

93 1622 292 1675 zsnimis,
341 1621 482 1674 credo,
532 1621 577 1662 in
618 1621 800 1662 victoria
843 1621 1034 1662 liberalis
1074 1620 1299 1660 videretur.
1375 1617 1481 1660 Cum

146 1681 373 1722 verborum
406 1679 677 1721 contumeliis
710 1679 921 1733 optimum
953 1679 1092 1719 virum
1123 1678 1288 1719 incesto
1322 1692 1393 1718 ore
1425 1677 1482 1718 la-

147 1741 352 1792 cerasset,
396 1741 489 1779 tum
531 1738 779 1778 verberibus
824 1752 872 1778 ac
915 1736 1143 1778 tormentis
1188 1736 1483 1790 quaestionem

144 1798 297 1839 habuit
340 1796 542 1851 pecuniae
586 1796 800 1850 publicae,
843 1796 969 1849 idque
1007 1809 1083 1849 per
1120 1794 1308 1836 biduum.
1376 1793 1482 1835 Post

147 1856 382 1898 cervicibus
414 1855 563 1896 fractis
591 1857 720 1908 caput
746 1854 929 1895 abscidit
955 1854 1081 1908 idque
1108 1853 1293 1894 adfixum
1321 1853 1482 1908 gestari

92 1928 128 1954 zo
147 1915 274 1956 iussit
311 1914 355 1954 in
394 1913 501 1967 pilo,
541 1912 751 1966 reliquum
787 1926 941 1966 corpus
972 1914 1160 1953 tractum
1193 1914 1321 1965 atque
1353 1911 1483 1952 lania-

96 2218 129 2245 85

149 1976 240 2014 tum
273 1972 429 2013 abiecit
458 1971 502 2012 in
534 1985 661 2012 mare.
723 1970 830 2013 Cum
861 1971 943 2012 hoc
973 1970 1099 2012 hoste
1131 1969 1378 2011 bellandum
1405 1972 1516 2022 est,6

149 2031 267 2073 cuius
305 2030 555 2072 taeterrima
593 2029 844 2071 crudelitate
882 2029 1019 2070 omnis
1051 2028 1251 2070 barbaria
1283 2030 1484 2082 superata

149 2091 232 2131 est!
296 2088 406 2137 Quid
446 2088 597 2142 loquar
636 2087 685 2129 de
725 2087 848 2129 caede
887 2087 1043 2129 civium
1080 2086 1390 2140 Romanorum,
1434 2086 1483 2127 dc

149 2148 387 2202 direptione
419 2146 645 2188 fanorum?
702 2146 806 2194 Quis
839 2149 915 2198 est,
949 2146 1019 2200 qui
1051 2160 1128 2199 pro
1161 2159 1303 2186 rerum
1333 2144 1484 2187 atroci-

149 2210 239 2248 tate
266 2205 486 2260 deplorare
513 2208 657 2247 tantas
684 2205 951 2246 calamitates
979 2204 1136 2258 queat‘.>
1179 2203 1240 2244 Et
1258 2218 1370 2245 nunc
1390 2206 1484 2245 tota

149 2265 254 2306 Asia
286 2266 485 2319 vagatur,
523 2263 676 2304 volitat
710 2267 758 2303 ut
789 2277 880 2315 rex,
916 2276 993 2304 nos
1027 2262 1109 2303 alio
1142 2262 1255 2303 bello
1288 2261 1484 2303 distineri

149 2326 291 2377 putat,
319 2322 439 2377 quasi
466 2336 565 2363 vero
590 2335 676 2362 non
701 2321 812 2361 idem
838 2335 1051 2374 unumque
1078 2320 1237 2361 bellum
1258 2320 1314 2361 sit
1335 2322 1485 2362 contra
