1671 2543
233 85 320 127 432
405 83 459 119 IN
484 83 532 119 M.
561 81 822 117 ANTONIUM
847 79 1027 116 ORATIO
1053 79 1322 115 PHILIPPICA
1346 78 1408 115 IV.

233 207 495 248 quamquam
520 191 640 233 nulla
667 192 771 244 erat,
798 192 946 230 tamen
970 203 1023 230 ne
1050 202 1131 242 qua
1157 189 1307 242 posset
1332 201 1438 241 esse,
1464 200 1582 228 sena-

232 254 304 293 tus
335 252 543 293 hodierno
577 249 644 290 die
678 248 868 290 sustulit.
930 246 976 290 C.
1009 245 1179 299 Caesar,
1215 246 1288 300 qui
1321 259 1412 287 rem
1442 245 1582 300 publi-

234 325 328 352 cam
353 310 688 362 libertatemque
714 310 905 349 vestram
931 320 1007 348 suo
1037 305 1192 359 studio,
1225 304 1418 359 consilio,
1450 303 1583 358 patri·

234 369 379 411 monio
407 368 590 421 denique
616 369 786 407 tutatus
813 368 880 407 est
905 368 949 406 et
974 367 1155 417 tutatur,
1181 363 1381 405 maximis
1405 365 1580 404 senatus

198 427 432 469 3laudibus
479 428 657 467 ornatus
702 428 780 466 est.
853 423 1020 477 Laudo,
1067 423 1194 464 laudo
1238 437 1333 477 vos,
1378 420 1582 475 Quirites,
1617 437 1635 465 5

235 486 348 541 quod
374 484 637 541 gratissimis
665 483 819 525 animis
843 481 1155 538 prosequimini
1174 495 1331 523 nomen
1352 480 1583 522 clarissimi

235 544 521 586 adulescentis
565 542 633 584 vel
676 542 798 597 pueri
835 542 981 596 potius
1027 540 1148 596 (sunt
1185 540 1299 582 enim
1336 539 1454 581 facta
1490 539 1582 581 eius

234 602 583 656 inmortalitatis,
619 616 777 643 nomen
808 600 977 646 aetatis.
1039 599 1180 640 Multa
1211 598 1405 652 memini,
1443 597 1583 639 multa

234 662 397 716 audivi,
440 661 579 703 multa
621 660 727 716 legi,
772 659 983 713 Quirites3
1025 658 1135 700 nihil
1174 672 1225 699 ex
1263 657 1456 699 omnium
1494 670 1582 698 sae-

235 721 431 763 culorum
474 719 683 761 memoria
720 719 807 760 tale
846 716 1060 773 cognovi),
1105 717 1195 771 qui,
1239 731 1336 758 cum
1375 715 1582 757 servitute
1605 731 1638 757 ιο

234 794 544 835 premeremur,
585 778 630 819 in
661 778 751 819 dies
784 777 946 818 malum
978 779 1207 830 cresceret,
1237 774 1442 829 praesidii
1473 773 1582 815 nihil

234 839 511 892 haberemus,
544 836 775 891 capitalem
807 838 851 877 et
882 834 1135 890 pestiferum
1169 849 1193 875 a
1223 833 1456 875 Brundisio
1488 835 1582 874 tum

235 897 293 938 M.
325 896 491 939 Antoni
522 896 712 948 reditum
741 895 1005 948 timeremus,
1037 893 1118 935 hoc
1150 893 1419 947 insperatum
1450 891 1584 933 omni-

235 957 316 998 bus
351 955 592 1009 consilium,
623 954 896 1009 incognitum
928 955 1042 994 certe
1069 951 1241 1006 ceperit,
1272 954 1322 992 ut
1347 950 1580 992 exercitum

235 1015 446 1057 invictum
492 1028 543 1055 ex
582 1013 776 1068 paternis
814 1012 1028 1054 militibus
1067 1010 1295 1053 conficeret
1332 1008 1582 1063 Antonique
1604 1024 1637 1050 15

236 1074 429 1115 furorem
473 1071 782 1115 crudelissimis
827 1070 1017 1113 consiliis
1062 1069 1292 1111 incitatum
1335 1083 1361 1109 a
1395 1067 1584 1122 pernicie

196 1114 300 1174 2rei
338 1132 537 1187 publicae
577 1133 803 1172 averteret.
850 1128 972 1178 'Quis
1012 1131 1078 1170 est
1110 1128 1241 1181 enim,
1280 1127 1352 1182 qui
1383 1126 1467 1168 hoc
1497 1139 1586 1167 non

203 1176 480 1246 4intellegat,
514 1190 600 1231 nisi
633 1188 792 1231 Caesar
824 1188 1057 1230 exercitum
1089 1187 1342 1241 paravisset,
1372 1199 1461 1227 non
1492 1184 1583 1226 sine

237 1250 369 1291 exitio
414 1252 566 1290 nostro
611 1247 805 1289 futurum
850 1247 1017 1288 Antoni
1060 1246 1246 1286 reditum
1285 1243 1448 1285 fuisse?
1515 1242 1585 1283 Ita

237 1308 352 1349 enim
391 1321 435 1348 se
475 1307 712 1360 recipiebat
751 1306 903 1346 ardens
937 1305 1034 1346 odio
1066 1303 1217 1356 vestri,
1257 1305 1458 1344 cruentus
1492 1315 1584 1342 san-
1605 1317 1638 1343 20

237 1366 366 1422 guine
391 1365 549 1407 civium
569 1364 875 1418 Romanorum,
902 1377 1008 1417 quos
1032 1361 1224 1414 Suessae,
1251 1375 1358 1415 quos
1378 1359 1583 1401 Brundisi

238 1424 472 1478 occiderat,
514 1426 564 1464 ut
606 1422 716 1463 nihil
760 1422 845 1463 nisi
890 1421 940 1462 de
983 1420 1170 1475 pernicie
1209 1419 1359 1474 populi
1397 1418 1584 1460 Romani

238 1482 463 1538 cogitaret.
520 1481 643 1530 Quod
676 1483 820 1521 autem
852 1479 1114 1534 praesidium
1147 1481 1239 1520 erat
1273 1477 1426 1519 salutis
1458 1477 1586 1519 liber-

236 1542 427 1595 tatisque
477 1543 663 1589 vestrae,
714 1539 750 1580 si
794 1538 839 1581 C.
884 1538 1078 1581 Caesaris
1128 1536 1470 1579 fortissimorum
1517 1535 1586 1577 sui

236 1600 374 1654 patris
409 1599 599 1640 militum
625 1598 838 1640 exercitus
864 1612 952 1639 non
975 1596 1160 1638 fuisset?
1217 1595 1349 1638 Cuius
1375 1595 1426 1636 de
1451 1594 1586 1636 laudi·
1605 1609 1640 1636 25

237 1659 318 1700 bus
358 1661 401 1699 et
435 1657 692 1710 honoribus,
731 1656 805 1710 qui
837 1656 875 1697 ei
906 1670 984 1710 pro
1017 1655 1173 1696 divinis
1206 1657 1250 1696 et
1279 1653 1586 1696 inmortalibus

237 1717 405 1759 meritis
446 1716 580 1757 divini
617 1715 955 1769 inmortalesque
994 1715 1222 1767 debentur,
1266 1713 1373 1754 mihi
1411 1714 1586 1754 senatus

241 1777 445 1817 adsensus
472 1775 602 1829 paulo
630 1778 729 1816 ante
756 1774 944 1816 decrevit
969 1776 1019 1814 ut
1041 1773 1181 1827 primo
1203 1785 1372 1826 quoque
1392 1773 1586 1825 tempore

206 1834 484 1879 51·eferretur.
553 1833 647 1882 Quo
691 1833 862 1874 decreto
907 1832 1003 1886 quis
1046 1834 1134 1873 non'
1169 1830 1377 1885 perspicit
1413 1829 1587 1870 hostem

241 1908 333 1935 esse
377 1892 617 1934 Antonium
666 1891 932 1933 iudicatum?
1007 1889 1144 1939 Quem
1194 1889 1308 1930 enim
1356 1901 1586 1942 possumus
1606 1903 1642 1930 so

241 1951 458 2007 appellare
491 1965 600 2003 eum,
637 1953 788 1992 contra
821 1963 947 2004 quem
979 1948 1052 2003 qui
1085 1948 1296 1989 exercitus
1328 1947 1502 2000 ducunt,
1532 1945 1587 1987 iis

242 2013 417 2051 senatus
467 2010 707 2051 arbitratur
757 2007 998 2063 singulares
1044 2006 1327 2060 exquirendos
1370 2003 1587 2047 honores?

241 2068 382 2117 Quid?
414 2068 528 2123 legio
559 2067 730 2121 Martia,
763 2081 871 2121 quae
897 2065 1004 2108 mihi
1029 2065 1198 2106 videtur
1223 2064 1430 2105 divinitus
1455 2063 1510 2104 ab
1536 2076 1586 2103 eo

242 2128 320 2169 deo
347 2127 531 2168 traxisse
557 2140 725 2179 nomen,
751 2139 776 2166 a
802 2139 886 2179 quo
912 2124 1121 2179 populum
1146 2123 1388 2164 Romanum
1413 2134 1588 2176 genera·

242 2189 337 2226 tuin
381 2185 642 2239 accepimus,
685 2198 772 2226 non
815 2184 911 2238 ipsa
949 2182 1038 2224 suis
1077 2182 1260 2224 decretis
1297 2180 1417 2234 prius
1457 2193 1588 2233 quam
1606 2175 1657 2222 ιε’

243 2246 417 2285 senatus
443 2244 615 2285 hostem
641 2242 848 2284 iudicavit
873 2241 1143 2283 Antonium?
1187 2238 1314 2291 Nam,
1339 2238 1377 2278 si
1401 2237 1474 2278 ille
1500 2251 1589 2279 non

243 2301 401 2355 hostis,
431 2301 529 2352 hos,
564 2302 638 2355 qui
671 2301 891 2343 consulem
922 2300 1200 2354 reliquerunt,
1233 2297 1383 2338 hostes
1414 2310 1588 2338 necesse
