1671 2543
599 68 697 105 CAP.
725 73 865 106 28-30
890 73 909 111 §
935 73 1084 106 ’τε-83.
1425 68 1510 109 311,

170 178 263 232 rapi
289 177 543 232 patiemini?
598 176 901 231 Confiteretur,
932 177 1221 230 confiteretur,
1252 177 1441 231 inquam,
1473 177 1509 217 si

170 236 360 290 fecisset,
392 239 435 277 et
466 250 622 290 magno
656 236 798 277 animo
831 238 875 276 et
906 235 1091 277 libenter
1121 235 1274 277 fecisse
1307 249 1352 276 se
1384 234 1510 276 liber·

170 295 276 336 tatis
314 295 505 336 omnium
543 309 688 349 causa,
727 294 840 348 quod
878 296 992 335 esset
1027 294 1066 335 ei
1101 308 1189 335 non
1220 294 1509 335 confitendum

170 353 309 407 modo,
339 367 487 394 verum
519 353 651 394 etiam
675 352 1017 407 praedicandum.
1072 351 1260 406 Etenim,
1291 352 1328 394 si
1353 352 1397 392 id
1422 366 1509 393 non

133 422 150 448 ⁵
170 414 312 466 negat,
344 426 395 452 ex
422 426 505 466 quo
531 411 640 452 nihil
666 411 789 465 petit,
819 411 902 452 nisi
928 414 978 452 ut
1003 411 1264 466 ignoscatur,
1289 410 1508 452 dubitaret

168 470 212 511 id
235 469 375 524 fateri,
402 485 453 511 ex
480 484 563 524 quo
590 470 722 511 etiam
747 470 937 523 praemia
962 469 1101 511 laudis
1127 472 1271 511 essent
1295 469 1508 523 petenda?

165 528 250 569 nisi
302 542 401 570 vero
451 529 618 584 gratius
667 531 794 582 putat
844 542 935 569 esse
985 528 1108 569 vobis
1153 527 1219 569 sui
1263 542 1306 568 se
1352 528 1507 594 capitis

168 601 296 640 quam
328 587 462 628 vestri
494 586 760 628 defensorem
791 586 942 641 fuisse;
973 601 1070 628 cum
1101 586 1356 640 praesertim
1387 587 1433 627 in
1459 601 1508 628 ea

167 645 452 699 confessione,
491 645 527 686 si
559 646 675 701 grati
707 660 798 687 esse
830 620 1017 698 velletis,
1047 645 1232 687 honores
1265 659 1508 698 assequere-

114 715 146 739 10
166 706 238 745 tur
287 703 589 758 amplissimos.
664 702 710 745 Si
752 703 916 745 factum
958 703 1082 745 vobis
1121 718 1208 744 non
1250 704 1508 757 probaretur

166 760 446 816 (quamquam
484 762 559 816 qui
595 765 768 816 poterat
806 762 921 803 salus
955 776 1032 803 8113
1063 762 1263 815 cuiquam
1293 776 1381 803 non
1411 776 1507 816 pro-

164 819 320 875 bari?),
352 821 426 862 sed
457 823 603 862 tamen
636 821 672 862 si
704 820 844 861 minus
876 820 1104 861 fortissimi
1136 820 1217 860 viri
1242 820 1380 861 virtus
1408 820 1507 861 civi—

163 879 244 920 bus
276 882 402 934 grata
434 879 669 932 cecidisset,
701 892 858 934 magno
892 879 1034 920 animo
1062 878 1363 932 constantique
1390 878 1507 920 eede-

163 940 230 978 ret
273 951 325 978 ex
370 937 542 992 ingiata
586 937 772 979 civitate.
839 936 953 978 Nam
998 937 1100 990 quid
1137 939 1252 977 esset
1289 937 1504 992 ingratius

112 1006 144 1032 15
166 1009 292 1050 quam
318 995 473 1036 1301311
499 998 677 1050 ceteros,
702 996 849 1050 lugere
876 1010 973 1037 eum
1000 995 1151 1049 solum,
1176 997 1354 1049 propter
1377 1009 1505 1049 quem

164 1054 295 1095 ceteri
344 1054 637 1095 laetarentur?
712 1053 981 1107 Quamquam
1024 1053 1106 1095 hoc
1150 1053 1292 1095 animo
1337 1068 1506 1108 semper
1518 1062 1563 1094 82

164 1127 311 1154 omnes
361 1112 520 1154 fuimus
565 1113 610 1154 in
652 1113 818 1167 patriae
861 1112 1156 1166 proditoribus
1201 1112 1505 1167 opprimendis,

161 1173 229 1225 ut,
279 1171 483 1225 quoniam
525 1174 676 1212 nostra
719 1170 866 1211 futura
908 1173 1034 1213 08801,
1063 1170 1220 1225 gloria,
1263 1170 1503 1224 periculum

163 1243 332 1284 quoque
370 1232 414 1270 et
451 1229 656 1271 invidiam
692 1231 887 1271 nostram
923 1231 1185 1283 putaremus.
1247 1228 1361 1270 Nam
1394 1243 1503 1283 quae

109 1299 142 1324 80
162 1287 269 1329 mihi
293 1286 390 1342 ‘ipsi
426 1288 784 1331 tribuenda-laus
823 1290 954 1341 esset,
992 1302 1088 1329 cum
1126 1289 1298 1329 tantum
1329 1287 1375 1329 in
1406 1301 1502 1329 con-

162 1346 306 1403 sulatu
343 1360 438 1387 meo
476 1351 554 1400 pro
586 1346 710 1388 vobis
743 1361 791 1388 ac
822 1346 970 1387 liberis
1002 1345 1156 1387 vestris
1189 1360 1317 1387 ausus
1351 1360 1502 1400 essem,

162 1404 216 1445 si·
244 1404 305 1459 id,
353 1404 466 1460 quod
516 1405 721 1458 conabar,
772 1404 862 1445 sine
906 1404 1104 1445 maximis
1149 1404 1500 1446 dimicationibus

106 1461 112 1466 '
161 1463 267 1504 meis
300 1477 367 1504 me
399 1477 491 1504 esse
524 1469 728 1509 ausurum
760 1463 1022 1504 arbitrarer?
1079 1462 1197 1511 Quae
1229 1463 1383 1503 mulier
1415 1477 1502 1504 sce-

160 1521 345 1562 leratum
377 1535 425 1569 ac
455 1520 745 1575 perniciosum
772 1521 907 1563 civem
933 1521 1174 1562 interficere
1199 1535 1287 1562 non
1312 1521 1501 1576 auderet,

108 1596 141 1622 ‘25
162 1579 199 1620 si
229 1579 466 1633 periculum
495 1594 584 1621 non
613 1580 815 1621 timeret?
877 1578 1109 1632 Proposita
1138 1579 1316 1632 invidia,
1348 1582 1501 1633 morte,

160 1651 298 1692 poena
324 1637 396 1690 qui
421 1637 557 1678 nihilo
586 1638 758 1692 segnius
785 1652 876 1678 rem
900 1637 1119 1691 publicam
1144 1636 1345 1691 defendit,
1370 1637 1408 1678 is
1434 1638 1499 1678 vir

159 1709 257 1737 vere
289 1695 503 1749 putandus
535 1698 612 1736 est.
673 1695 829 1749 Populi
861 1695 975 1750 grati
1007 1697 1073 1735 est
1098 1695 1302 1748 praemiis
1329 1694 1498 1736 afficere

159 1754 266 1795 bene
305 1753 482 1794 meritos
521 1753 570 1794 de
607 1767 653 1794 re
683 1753 856 1806 publica
888 1752 1010 1805 civis,
1047 1752 1128 1792 viri
1159 1752 1286 1793 fortis
1317 1766 1370 1793 ne
1404 1767 1500 1806 sup-

160 1811 301 1866 pliciis
347 1811 518 1865 quidem
562 1811 741 1864 moveri,
784 1813 834 1851 ut
870 1810 1043 1851 fortiter
1079 1809 1231 1851 fecisse
1268 1810 1500 1863 paeniteat.

108 1888 142 1913 30
163 1870 300 1919 Quam
339 1870 393 1910 ob
426 1883 516 1910 rem
547 1871 742 1910 uteretur
772 1868 919 1909 eadem
952 1867 1219 1909 confessione
1250 1867 1296 1908 T.
1328 1867 1558 1913 Α1111111883

161 1943 244 1982 qua
270 1927 422 1981 Ahala,
455 1941 537 1981 qua
562 1926 733 1979 Nasica,
761 1941 843 1980 qua
869 1926 1079 1981 Opimius,
1105 1940 1189 1980 qua
1213 1925 1389 1979 Marius,
1415 1940 1500 1980 qua

158 1988 330 2028 nosmet
360 1985 445 2039 ipsi
476 1988 537 2038 et,
570 1985 605 2025 si
637 1987 763 2039 grata
793 1998 860 2026 res
892 1984 1065 2038 publica
1091 1987 1216 2038 esset,
1246 1984 1500 2039 laetaretur3

160 2045 196 2086 si
238 2045 428 2099 ingrata,
472 2045 617 2084 tamen
659 2043 705 2083 in
746 2042 868 2097 gravi
910 2042 1085 2083 fortuna
1123 2042 1384 2084 conscientia
1421 2056 1500 2084 sua

157 2102 379 2144 niteretur.

106 2178 140 2204 ³5
249 2159 332 2203 Sed
356 2159 483 2201 huius
508 2158 704 2200 beneficii
730 2158 928 2213 gratiam,
952 2158 1126 2212 iudices,
1151 2158 1326 2199 fortuna
1347 2158 1498 2212 populi

159 2218 344 2260 Romani
370 2220 414 2259 et
438 2219 583 2258 vestra
607 2216 792 2258 felicitas
819 2219 863 2257 et
889 2216 931 2257 di
955 2216 1222 2257 immortales
1249 2216 1332 2258 sibi
1352 2216 1498 2258 deberi

158 2279 324 2331 putant.
390 2274 482 2317 Nec
524 2289 624 2316 vero
669 2275 896 2328 quisquam
934 2274 1059 2315 aliter
1096 2274 1299 2316 arbitrari
1335 2277 1497 2330 potest,

1522 332 1580 373 30

1522 391 1562 422 81
