1671 2543
210 91 297 132 220
558 89 653 124 PRO
681 87 753 123 CN.
779 86 987 122 PLANCIO
1015 85 1194 121 ORATio

210 200 340 254 plena
372 197 689 250 observantiae,
714 195 842 250 plena
873 194 1005 236 etiam
1038 193 1324 248 antiquitatis.
1385 192 1478 234 Isto
1509 192 1556 233 in

212 272 368 313 genere
407 260 451 298 et
486 256 648 298 fuimus
686 254 788 308 ipsi,
826 268 923 296 cum
961 252 1212 293 ambitionis
1243 254 1419 293 nostrae
1450 253 1555 292 tem-

211 331 319 371 pora
355 315 656 370 postulabant,
694 315 737 353 et
776 312 1036 353 clarissimos
1074 311 1189 352 viros
1229 324 1321 352 esse
1358 310 1557 364 vidimus,

213 378 257 417 et
287 375 414 416 hodie
448 388 539 415 esse
572 372 770 413 volumus
803 385 930 425 quam
955 369 1165 424 plurimos
1192 369 1420 424 gratiosos.
1474 367 1556 409 De—

214 433 397 476 curiatio
418 431 657 484 tribulium,
678 429 900 484 discriptio
920 429 1082 484 populi,
1102 428 1308 483 suffragia
1326 426 1555 483 largitione
1591 435 1610 462 5

213 492 413 534 devincta
463 490 740 532 severitatem
789 491 964 530 senatus
1015 490 1059 529 et
1108 488 1320 528 bonorum
1365 486 1557 528 omnium

215 551 361 593 odium
387 565 436 591 ac
462 549 656 590 dolorem
682 547 936 588 excitarunt.
984 545 1104 588 Haec
1130 546 1245 599 doce,
1269 545 1376 586 haec
1401 544 1557 599 profer,

213 610 297 651 huc
334 608 552 661 incumbe,
594 605 860 659 Laterensis,
904 605 1145 647 decuriasse
1182 604 1424 657 Plancium,
1462 617 1557 645 con-

216 668 458 722 scripsisse,
497 668 764 720 sequestrem
801 664 952 717 fuisse,
989 663 1310 718 pronuntiasse,
1342 661 1557 715 divisisse,

214 730 309 768 tum
347 725 538 767 mirabor
575 727 619 765 te
657 724 711 765 iis
750 723 880 764 armis
918 723 1001 775 uti,
1045 736 1152 777 quae
1190 722 1272 762 tibi
1309 721 1379 762 lex
1415 721 1557 774 dabat,
1578 735 1612 760 ιο

213 785 416 826 noluisse.
477 782 728 824 Tribulibus
767 782 881 823 enim
918 781 1130 822 iudicibus
1167 795 1255 822 non
1286 780 1413 821 modo
1446 793 1558 821 seve-

215 845 392 885 ritatem
422 842 610 895 illorum,
643 841 680 882 si
710 841 798 882 ista
827 855 929 882 vera
960 842 1072 893 sunt,
1105 839 1179 881 sed
1208 853 1261 880 ne
1292 838 1438 879 vultus
1471 837 1559 892 qui-

156 909 200 938 46
216 903 312 943 dem
349 901 460 942 ferre
491 914 730 955 possemus.
789 898 914 941 Hanc
944 901 993 939 tu
1025 898 1237 939 rationem
1269 912 1365 939 cum
1395 896 1559 952 fugeris

216 975 398 1014 cumque
431 974 504 1001 eos
536 959 698 1000 iudices
730 958 888 999 habere
920 956 1122 1010 nolueris,
1154 970 1337 1010 quorum
1362 955 1408 997 in
1431 955 1558 996 huius

215 1020 372 1061 delicto
413 1033 510 1060 cum
548 1017 728 1059 scientia
767 1016 1025 1072 certissima,
1068 1018 1162 1056 tum
1200 1015 1322 1056 dolor
1359 1013 1559 1069 gravissi·
1578 1028 1612 1054 15

214 1093 310 1119 mus
350 1091 442 1119 esse
481 1076 694 1130 debuerit,
733 1075 834 1130 quid
872 1075 984 1129 apud
1020 1074 1100 1115 hos
1133 1074 1264 1128 dices,
1303 1073 1376 1128 qui
1408 1072 1484 1114 abs
1517 1075 1560 1114 te

215 1136 340 1178 taciti
377 1135 621 1189 requirunt,
659 1149 733 1176 cur
772 1133 857 1175 sibi
893 1134 976 1175 hoc
1015 1132 1156 1174 oneris
1188 1131 1448 1186 inposueris,
1487 1146 1561 1173 cur

217 1210 262 1237 se
293 1194 571 1249 potissimum
603 1193 825 1247 delegeris,
858 1207 932 1233 cur
963 1191 1143 1245 denique
1176 1205 1220 1232 se
1253 1190 1442 1232 divinare
1474 1204 1560 1231 ma-

150 1257 202 1298 19
217 1253 350 1294 lucris
390 1267 519 1306 quam
557 1266 646 1305 eos,
692 1251 764 1305 qui
802 1251 979 1304 scirent,
1016 1249 1234 1290 iudicare?
1301 1248 1398 1304 Ego
1436 1248 1560 1289 Plan-

218 1313 350 1365 cium,
393 1310 659 1363 Laterensis,
703 1312 747 1350 et
788 1309 932 1363 ipsum
976 1308 1216 1363 gratiosum
1253 1321 1345 1348 esse
1383 1307 1477 1348 dico
1516 1310 1560 1348 et
1579 1322 1614 1347 20

217 1370 420 1412 habuisse
463 1369 510 1409 in
552 1368 763 1422 petitione
806 1368 968 1408 multos
1008 1366 1185 1420 cupidos
1223 1366 1289 1407 sui
1327 1365 1561 1421 gratiosos3

219 1442 327 1483 quos
360 1431 409 1468 tu
441 1427 478 1468 si
505 1427 665 1468 sodalis
691 1440 831 1480 vocas,
864 1425 1101 1467 officiosam
1127 1424 1363 1466 amicitiam
1387 1424 1560 1466 nomine

217 1486 418 1541 inquinas
457 1485 708 1539 criminoso,
745 1485 829 1538 sin,
867 1484 968 1538 quia
1005 1483 1187 1539 gratiosi
1219 1483 1324 1536 sint,
1363 1497 1561 1525 accusan-

219 1546 296 1587 dos
328 1547 469 1599 putas,
500 1544 591 1585 noli
622 1543 771 1585 mirari
802 1546 845 1584 te
871 1543 926 1597 id,
959 1543 1071 1596 quod
1098 1545 1174 1583 tua
1200 1541 1390 1597 dignitas
1415 1544 1562 1596 postu-

218 1604 339 1657 larit,
377 1602 652 1657 repudiandis
690 1602 981 1657 gratiosorum
1014 1600 1217 1642 amicitiis
1248 1615 1336 1642 non
1368 1614 1460 1641 esse
1492 1600 1561 1641 ad·
1580 1614 1615 1640 25

159 1673 203 1703 47
221 1665 427 1704 secutum.
488 1660 620 1715 Nam,
657 1664 706 1702 ut
739 1674 818 1715 ego
851 1660 982 1701 doceo
1015 1659 1256 1715 gratiosum
1287 1672 1379 1700 esse
1410 1659 1456 1700 in
1486 1672 1563 1700 sua

219 1721 338 1762 tribu
381 1720 622 1773 Plancium,
673 1719 785 1774 quod
834 1718 982 1760 multis
1032 1718 1217 1773 benigne
1265 1716 1434 1771 fecerit,
1482 1731 1561 1772 pro

219 1779 369 1821 multis
402 1778 694 1833 spoponderit,
725 1778 771 1819 in
802 1791 954 1832 operas
980 1777 1188 1831 plurimos
1215 1775 1352 1831 patris
1379 1776 1563 1817 auctori-

220 1841 311 1880 tate
344 1840 387 1879 et
420 1837 563 1893 gratia
593 1836 778 1891 miserit,
817 1836 929 1891 quod
962 1836 1142 1889 denique
1176 1835 1374 1876 omnibus
1407 1833 1561 1876 officiis

220 1911 297 1951 per
329 1911 385 1951 se,
416 1910 492 1950 per
523 1898 703 1950 patrem,
734 1910 811 1949 per
835 1895 1019 1936 maiores
1046 1907 1146 1935 suos
1172 1896 1312 1935 totam
1337 1893 1561 1934 Atinatem
1580 1907 1617 1932 30

220 1955 537 2009 praefecturam
569 1953 958 2008 comprehenderit,
990 1953 1051 1994 sic
1082 1955 1131 1993 tu
1162 1952 1265 1993 doce
1298 1954 1563 2006 sequestrem

221 2013 371 2068 fuisse,
408 2013 616 2068 largitum
654 2026 764 2067 esse,
802 2011 1127 2066 conscripsisse,
1164 2010 1337 2051 tribulis
1376 2009 1563 2051 decuria-

221 2073 346 2113 visse.
421 2071 546 2120 Quod
590 2071 626 2112 si
669 2085 757 2112 non
799 2073 942 2125 potes,
990 2069 1081 2111 noli
1125 2069 1276 2110 tollere
1320 2083 1372 2109 ex
1415 2067 1562 2109 ordine

221 2133 373 2171 nostro
428 2129 756 2183 liberalitatem,
810 2129 902 2170 noli
956 2127 1214 2169 maleficium
1267 2129 1419 2180 putare
1469 2139 1562 2167 esse

221 2188 421 2242 gratiam,
451 2188 542 2229 noli
575 2187 896 2230 observantiam
928 2186 1092 2228 sancire
1123 2198 1271 2240 poena.
1581 2198 1615 2225 35

310 2246 463 2299 Itaque
500 2246 790 2288 haesitantem
826 2248 869 2286 te
907 2245 952 2286 in
981 2245 1064 2286 hoc
1096 2242 1398 2285 sodaliciorum
1429 2242 1563 2284 tribu-

223 2304 314 2345 ario
342 2305 518 2346 crimine
546 2305 599 2345 ad
626 2318 895 2346 communem
921 2303 1108 2344 ambitus
1136 2315 1307 2344 causam
1327 2301 1562 2349 contulisti,
