1671 2543
554 520 613 568 M.
643 519 832 567 TULLI
860 518 1190 567 CICERONIS

326 644 421 698 DE
465 640 860 696 PROVINCIIS
906 637 1433 696 CONSULARIBUS

519 725 587 778 IN
637 723 907 779 SENATU
952 722 1222 777 ORATHQ

678 931 1078 985 ARGUMENTUM.

304 1023 395 1058 Cum
421 1021 484 1058 Cn.
513 1021 682 1056 Cornelio
710 1020 868 1055 Lentulo
894 1020 932 1056 L.
959 1020 1098 1054 Marcio
1125 1019 1300 1065 Philippo
1331 1029 1423 1054 coss.
1452 1029 1550 1054 anno

204 1082 243 1115 p.
270 1081 303 1105 u.
331 1081 362 1105 e.
389 1074 456 1104 698
488 1068 703 1113 provinciae
737 1068 989 1102 decernendae
1022 1078 1044 1101 a
1076 1069 1207 1102 senatu
1233 1067 1359 1101 essent
1383 1066 1496 1109 duae,
1528 1075 1550 1100 e

207 1117 291 1161 lege
314 1116 542 1160 Sempronia,
570 1127 643 1159 qua
668 1115 738 1149 hoc
759 1116 840 1149 erat
859 1115 1053 1156 sancitum,
1080 1116 1122 1148 ut
1142 1117 1228 1148 ante
1248 1113 1400 1148 comitia
1419 1124 1549 1148 consu-

207 1164 305 1198 laria
330 1165 479 1198 senatus
507 1163 732 1205 decerneret,
759 1161 798 1195 in
824 1173 915 1205 quas
936 1161 1158 1205 provincias,
1184 1160 1248 1205 qui
1268 1161 1551 1205 designarentur

210 1211 390 1253 consuies,
416 1212 502 1255 post
527 1209 761 1243 consulatum
787 1209 895 1251 irent,
922 1211 960 1242 et
985 1209 1029 1243 de
1051 1210 1227 1252 quattuor
1245 1207 1448 1252 provinciis
1469 1217 1549 1241 sen-

209 1258 351 1292 tentiae
378 1260 503 1292 essent
523 1256 657 1298 dictae,
685 1256 729 1289 de
752 1255 884 1289 Galliis
911 1256 1063 1298 duabue,
1090 1267 1184 1299 quae
1204 1255 1269 1289 illo
1290 1257 1457 1299 tempore
1475 1264 1550 1288 uno

211 1304 247 1341 C.
269 1304 436 1339 Caesaris
457 1304 612 1347 imperio
634 1304 740 1336 erant
759 1302 990 1344 coniunctae,
1012 1304 1050 1336 et
1069 1302 1115 1336 de
1136 1302 1242 1345 Syria
1261 1304 1298 1336 et
1318 1300 1548 1343 Macedonia,

211 1363 367 1396 quarum
392 1351 497 1385 illam
524 1350 560 1385 L.
589 1349 810 1394 Calpurnius
837 1349 933 1385 Piso.
960 1349 1056 1383 hanc
1081 1350 1123 1383 A.
1146 1348 1326 1383 Gabinius
1354 1348 1553 1383 obtinebat

210 1398 366 1443 imperio
387 1397 584 1440 consulari,
605 1397 651 1430 M.
672 1396 815 1430 Tullius
836 1397 1060 1430 sententiam
1079 1399 1231 1440 rogatus
1251 1396 1321 1430 hac
1341 1395 1433 1440 ipsa,
1455 1405 1550 1439 quae

210 1445 309 1479 infra
340 1444 494 1488 legitur,
530 1444 696 1478 oratione
729 1443 875 1477 censuit
901 1443 1130 1485 consulibus,
1162 1442 1227 1487 qui
1254 1443 1549 1486 designarentur,

210 1492 250 1526 in
283 1503 417 1525 annum
452 1495 519 1526 700
551 1490 763 1535 provincias
791 1490 933 1533 Syriam
965 1492 1002 1523 et
1028 1490 1285 1524 Macedoniam
1318 1500 1398 1524 esse
1424 1489 1549 1524 decer-

211 1539 353 1573 nendas
391 1540 461 1581 ita,
500 1540 542 1571 ut
580 1548 642 1572 eas
679 1537 848 1581 proximo
887 1536 1037 1580 quidem
1069 1548 1165 1571 anno
1197 1549 1230 1581 p.
1259 1550 1292 1571 u.
1320 1547 1348 1571 c.
1377 1541 1444 1571 699
1477 1537 1550 1571 duo

210 1588 402 1630 praetores
428 1585 651 1628 obtinerent,
679 1584 715 1618 C.
743 1586 867 1618 autem
896 1584 1047 1618 Caesari
1073 1586 1164 1618 duas
1185 1583 1328 1617 Gallias
1354 1583 1551 1618 coniuncto

211 1633 367 1677 imperio
405 1643 486 1667 esse
522 1631 803 1675 relinquendas,
843 1630 902 1665 cui
941 1633 1006 1665 aut
1043 1631 1254 1665 citeriorem
1286 1629 1447 1665 Galliam
1486 1632 1553 1664 aut

211 1680 427 1714 ulteriorem
451 1690 526 1713 non
550 1678 645 1712 nulli
665 1678 860 1712 detrahere
881 1678 1091 1712 studebant.
1137 1677 1255 1712 Dictis
1275 1689 1298 1712 a.
1316 1677 1551 1712 senatoribus

212 1727 408 1761 sententiis
441 1729 591 1760 senatus
624 1725 835 1759 consultum
866 1724 904 1758 in
937 1725 1032 1759 hanc
1066 1725 1288 1759 sententiam
1315 1725 1457 1758 factum
1482 1727 1551 1768 est,

210 1776 253 1808 ut
272 1775 307 1810 C.
331 1773 482 1817 quidem
503 1772 651 1807 Caesari
677 1772 873 1816 imperium
900 1773 1090 1815 utriusque
1112 1771 1258 1806 Galliae
1277 1773 1550 1817 prorogaretur,

210 1820 248 1856 L.
277 1823 402 1855 autem
430 1820 554 1854 Pisoni
582 1820 622 1862 Q.
649 1819 858 1853 Ancharius
888 1819 926 1852 in
952 1819 1172 1853 Macedonia
1196 1821 1234 1854 et
1259 1822 1300 1854 A.
1329 1817 1486 1853 Gabinio
1513 1818 1552 1852 in

211 1868 319 1912 Syria
344 1868 393 1903 M.
420 1867 585 1902 Licinius
612 1866 765 1902 Crassus
793 1866 1043 1901 succederent.

173 1996 195 2036 1
302 2010 346 2053 Si
377 2010 471 2064 quis
500 2013 702 2063 vestrum,
733 2012 878 2063 patres
906 2009 1151 2063 conscripti,
1183 2010 1414 2062 exspectat,
1445 2023 1552 2063 quas

177 2055 294 2110 lsim
325 2069 567 2123 provincias
601 2068 866 2122 decreturus,
902 2068 1141 2110 consideret
1166 2067 1257 2121 ipse
1284 2081 1446 2120 secum,
1477 2067 1552 2121 qui

211 2128 318 2169 mihi
366 2127 562 2168 homines
614 2141 664 2168 ex
706 2127 938 2180 provinciis
981 2126 1258 2180 potissimum
1301 2124 1552 2166 detrahendi

213 2187 317 2239 sint3
353 2200 440 2226 non
472 2185 706 2237 dubitabit,
744 2185 844 2238 quid
878 2186 1037 2226 sentire
1069 2199 1136 2225 me
1169 2184 1411 2236 conveniat,
1443 2198 1551 2238 cum,

214 2245 314 2297 quid
349 2244 456 2284 mihi
489 2244 647 2285 sentire
677 2258 851 2284 necesse
884 2244 959 2297 sit,
998 2242 1212 2298 cogitarit.
1273 2242 1338 2283 Ac
1369 2242 1406 2282 si
1438 2242 1552 2296 prin-

212 2317 311 2356 ceps
347 2316 440 2342 eam
473 2302 732 2342 sententiam
763 2302 964 2355 dicerem,
1002 2300 1233 2342 laudaretis
1264 2299 1477 2354 profecto,
1515 2300 1553 2342 si
