1671 2543
203 35 262 77 26
593 36 686 71 PRO
713 37 752 71 P.
779 35 940 72 SESTIO
966 36 1154 73 ORATIO.

207 145 298 187 eius
336 145 473 200 regis,
511 145 583 199 qui
621 159 717 186 cum
750 146 863 186 esset
893 144 938 185 in
969 144 1115 186 eadem
1148 159 1292 198 causa,
1328 144 1415 185 iam
1446 147 1539 185 erat

207 218 231 244 a
255 206 408 245 senatu
427 203 635 245 honorem
654 203 788 244 istum
808 206 1073 257 consecutus,
1099 206 1192 244 erat
1211 203 1360 244 eodem
1385 217 1538 258 genere

207 262 452 315 eisdemque
479 261 725 315 maioribus,
755 261 901 302 eadem
926 264 1142 303 vetustate
1169 261 1402 315 societatis,
1427 261 1539 302 deni-

207 335 288 374 que
315 323 407 361 erat
432 335 506 361 rex
532 320 568 360 si
592 320 781 361 nondum
806 319 958 374 socius,
984 323 1030 361 at
1053 334 1141 361 non
1166 320 1324 375 hostis3
1348 322 1538 374 pacatus,

207 379 390 432 quietus,
421 378 557 419 fretus
590 378 770 431 imperio
802 378 951 432 populi
979 378 1163 420 Romani
1194 392 1327 433 regno
1359 381 1538 432 paterno
1574 393 1591 419 5

207 440 335 490 atque
369 437 484 477 avito
517 436 653 492 regali
686 436 774 477 otio
807 436 1105 490 perfruebatur
1134 453 1203 477 —:
1237 438 1287 478 de
1318 436 1400 478 hoc
1430 436 1539 478 nihil

206 495 443 550 cogitante,
483 495 591 536 nihil
631 495 873 548 suspicante
912 495 1070 536 eisdem
1109 496 1248 550 operis
1287 495 1539 551 suffragium

205 554 443 594 ferentibus
489 556 554 594 est
598 556 816 607 rogatum,
859 556 908 594 ut
949 554 1098 595 sedens
1137 568 1233 595 cum
1270 569 1460 619 purpura
1495 556 1539 594 et

207 614 377 666 sceptro
428 614 471 653 et
520 612 605 652 illis
649 587 898 666 insignibus
948 613 1078 667 regiis
1122 613 1323 666 praeconi
1364 612 1537 677 publico
1599 636 1602 639 -

206 670 473 711 subiceimetui
512 673 554 711 et
588 670 827 724 imperante
858 671 1017 724 populo
1050 670 1264 725 Romano,
1303 671 1376 724 qui
1408 671 1539 712 etiam
1559 686 1592 711 10

205 728 320 770 bello
342 729 467 769 victis
488 729 661 783 regibus
681 742 815 783 regna
833 729 1006 770 reddere
1027 729 1260 783 consuevit,
1282 743 1357 769 rex
1377 729 1538 770 amicus

204 787 324 829 nulla
352 787 509 827 injuria
535 790 880 841 commemorata,
911 787 1040 828 nullis
1066 788 1194 829 rebus
1219 787 1415 842 repetitis
1443 801 1540 828 cum

206 845 331 886 bonis
365 845 562 886 omnibus
593 845 898 899 publicaretur.

134 890 191 981 257
294 903 432 945 Multa
454 904 618 958 acerba,
638 904 775 945 multa
795 904 950 959 turpia,
970 904 1107 946 multa
1126 904 1375 946 turbulenta
1386 903 1540 945 habuit

147 950 278 1003 581116
311 977 465 1015 61111113;
497 965 643 1003 tamen
673 962 736 1003 illi
770 963 931 1017 sceleri,
964 963 1112 1017 quod
1100 978 1147 1004 111
1172 978 1238 1004 1116
1264 963 1474 1004 illorum
1463 977 1539 1003 im·
1559 977 1593 1003 15

205 1021 390 1061 manitas
421 996 564 1074 edidit,
595 1020 709 1071 haud
736 1022 824 1062 scio
852 1036 906 1062 an
932 1024 1046 1063 recte
1071 1021 1154 1063 hoc
1179 1021 1421 1075 ploximum
1448 1035 1540 1062 esse

205 1079 406 1120 dicamus.
462 1054 727 1120 Antiochum
765 1078 971 1134 Magnum
1013 1080 1135 1121 illum
1179 1080 1362 1121 maiores
1399 1079 1540 1121 nostri

205 1151 362 1192 magna
386 1137 490 1178 belli
513 1138 787 1178 contentione
808 1141 924 1179 terra
943 1139 1135 1192 marique
1157 1141 1406 1192 superatum
1425 1138 1542 1178 intra

205 1199 397 1237 montem
428 1195 617 1236 Taurum
648 1210 826 1250 regnare
851 1196 1081 1250 iusserunt,
1112 1196 1274 1250 Asiam,
1306 1211 1390 1250 qua
1415 1196 1539 1236 illum

205 1254 456 1308 multarunt,
482 1254 645 1307 Attalo,
671 1258 720 1294 ut
745 1254 781 1295 is
802 1257 1002 1309 regnaret
1021 1255 1066 1295 in
1086 1269 1146 1308 ea,
1173 1255 1538 1309 condonaverunt3
1558 1269 1592 1294 20

205 1327 298 1353 cum
338 1312 641 1353 Armeniorum
679 1326 778 1367 rege
817 1312 1000 1367 Tigrane
1040 1327 1168 1367 grave
1205 1313 1367 1354 bellum
1403 1326 1539 1366 nuper

204 1370 288 1424 ipsi
315 1370 647 1424 diuturnumque
674 1371 898 1425 gessimus,
925 1386 1021 1413 cum
1047 1371 1118 1412 1116
1144 1371 1312 1412 iniuriis
1333 1371 1378 1411 in
1398 1371 1537 1412 socios

203 1431 376 1469 nostros
408 1428 638 1469 inferendis
671 1429 784 1470 bello
816 1444 949 1483 prope
977 1444 1055 1470 nos
1081 1430 1336 1471 lacessisset.
1385 1428 1469 1470 Hic
1495 1431 1538 1470 et

204 1487 295 1540 ipse
327 1501 403 1540 per
431 1501 476 1527 se
502 1486 729 1528 vehemens
756 1487 839 1528 fuit
866 1491 908 1528 et
935 1488 1190 1529 acerrimum
1215 1487 1385 1529 hostem
1410 1487 1537 1528 huius

205 1545 374 1599 imperii
399 1544 697 1587 Mithridatem
729 1546 901 1599 pulsum
927 1545 1066 1587 Ponto
1094 1547 1247 1600 opibus
1275 1546 1362 1587 suis
1389 1559 1538 1600 regno·
1558 1561 1591 1586 25

206 1617 287 1657 que
320 1603 507 1644 defendit
533 1606 576 1644 et
602 1618 626 1644 a
650 1604 699 1646 L.
725 1603 917 1658 Lucullo,
943 1619 1109 1646 summo
1135 1605 1227 1646 viro
1254 1607 1382 1658 atque
1407 1604 1539 1669 impe-

205 1664 365 1726 ratore,
398 1662 548 1715 pulsus
582 1662 723 1703 animo
756 1665 900 1704 tamen
931 1662 1080 1704 hostili
1114 1677 1209 1704 cum
1240 1662 1416 1716 reliquis
1449 1662 1538 1703 suis

206 1720 340 1773 copiis
372 1720 417 1760 in
448 1720 632 1785 pristina
663 1723 805 1762 mente
837 1721 1007 1762 mansit.
1056 1721 1183 1763 Hunc
1209 1720 1283 1763 Cn.
1308 1720 1537 1775 Pompeius

206 1792 302 1819 cum
328 1778 372 1818 in
399 1778 486 1819 suis
514 1779 665 1820 castris
693 1779 929 1833 supplicem
955 1779 1169 1822 abiectum
1188 1779 1378 1833 vidisset,
1404 1778 1538 1820 erexit

206 1839 333 1890 atque
360 1837 527 1891 insigne
554 1837 732 1892 regium,
759 1838 871 1891 quod
891 1838 963 1880 ille
984 1839 1033 1879 de
1055 1853 1131 1880 suo
1152 1838 1291 1892 capite
1312 1812 1536 1891 abiecerat,
1556 1853 1590 1878 30

205 1895 397 1949 reposuit
442 1899 484 1936 et
522 1896 649 1936 certis
682 1897 808 1937 rebus
841 1897 1062 1951 imperatis
1094 1910 1272 1952 regnare
1303 1895 1430 1936 iussit
1459 1909 1539 1937 1166

207 1953 347 1994 minus
381 1956 423 1994 et
455 1954 538 1994 sibi
570 1957 612 1995 et
643 1954 743 1996 huic
773 1955 953 2009 imperio
986 1955 1223 2010 gloriosum
1247 1953 1417 2008 putavit
1443 1967 1537 1995 con-

147 2024 191 2055 59
207 2012 409 2053 stitutum
447 2026 471 2053 a
510 2026 554 2053 se
592 2026 737 2067 regem
771 2028 898 2067 quam
931 2014 1213 2055 constrictum
1243 2011 1387 2053 videri.
1443 2011 1538 2064 Hie,

205 2071 275 2123 qui
324 2070 469 2111 bellum
511 2071 676 2125 intulit,
725 2072 878 2137 gessit,
931 2072 1003 2126 qui
1052 2074 1095 2113 et
1136 2072 1229 2126 ipse
1270 2070 1410 2111 hostis
1453 2069 1536 2110 fuit

204 2128 353 2183 populi
385 2128 569 2170 Romani
606 2132 649 2171 et
687 2130 939 2171 acerrimum
975 2130 1148 2172 hostem
1183 2129 1228 2170 in
1264 2141 1444 2193 regnum
1475 2142 1535 2168 re·
1555 2143 1590 2169 35

207 2186 331 2241 cepit,
364 2187 435 2241 qui
468 2187 672 2242 conflixit,
704 2188 776 2242 qui
803 2188 926 2243 signa
952 2188 1148 2241 contulit,
1180 2187 1253 2241 qui
1278 2186 1328 2227 de
1354 2185 1535 2239 imperio

205 2260 338 2300 paene
377 2246 574 2300 certavit,
611 2248 764 2302 regnat
800 2246 925 2288 hodie
964 2249 1007 2287 et
1045 2245 1257 2287 amicitiae
1293 2258 1450 2285 nomen
1487 2257 1536 2286 66
