1671 2543
557 60 658 96 CAP.
685 65 776 96 4—6
804 65 823 104 ξ
850 66 976 98 9-15.
1357 63 1442 105 263

94 172 145 213 de
182 171 284 213 reo?
348 169 412 212 De
451 170 593 224 equite
631 169 838 212 Romano.
900 170 961 212 At
997 171 1080 212 iste
1119 171 1222 213 ordo
1260 171 1354 226 lege
1394 185 1444 212 ea

94 245 183 272 non
226 232 407 271 tenetur.
477 227 601 283 ‘Illo,'
646 228 805 283 inquit,
851 228 1025 284 ‘capitez
1068 244 1145 283 quo
1188 244 1235 271 ea
1263 232 1442 283 pecunia

89 287 341 341 pervenerit?
405 288 525 329 Nihil
565 288 718 329 audisti
755 287 799 329 in
836 287 1110 343 Postumum,
1149 304 1246 330 cum
1283 289 1329 330 in
1362 287 1443 330 Ga-

96 347 262 389 binium
299 346 425 388 iudex
466 360 601 401 esses,
637 346 746 387 nihil
781 345 963 389 Gabinio
1003 348 1224 402 damnato,
1262 363 1360 389 cum
1396 348 1442 389 in

59 420 193 448 5eum
230 406 329 447 lites
368 406 628 446 aestimares.
691 404 767 446 ‘At
803 420 916 447 nunc
954 407 1090 448 audio.
1157 406 1273 448 Reus
1305 407 1442 462 igitur

95 465 327 506 Postumus
360 466 426 505 est
457 478 506 505 ea
537 464 649 519 lege,
682 478 766 518 qua
795 479 882 506 non
914 465 1040 506 modo
1072 465 1182 520 ipse,
1215 466 1288 507 sed
1319 468 1440 507 totus

97 524 229 565 etiam
261 523 364 565 ordo
398 523 565 564 solutus
598 537 647 564 ac
677 523 788 564 liber
821 526 897 564 est.
1454 548 1480 589 6

185 581 268 623 Η16
306 596 385 637 ego
423 596 536 623 nunc
571 596 660 623 non
696 596 771 623 vos
810 582 929 637 prius
968 582 1230 638 implorabo,
1269 583 1438 637 equites
1455 608 1499 638 13

95 640 292 695 Romani,
319 655 499 695 quorum
519 640 585 681 ius
605 640 763 682 iudicio
785 643 1035 695 temptatur,
1063 656 1192 695 quam
1211 656 1300 696 vos,
1321 656 1438 683 sena-

45 707 79 732 10
98 702 227 753 tores,
255 714 437 753 quorum
464 699 608 754 agitur
639 699 744 740 fides
771 699 816 740 in
840 699 954 741 hunc
981 700 1192 754 ordinem3
1219 715 1326 754 quae
1350 700 1440 755 qui·

96 759 193 800 dem
232 773 329 799 cum
367 772 492 812 saepe
533 761 649 812 ante,
687 761 780 799 tum
818 758 863 799 in
900 759 980 800 liac
1019 759 1113 813 ipsa
1146 773 1275 800 causa
1303 774 1441 813 nuper

97 819 164 858 est
208 817 393 872 cognita.
460 815 591 870 Nam,
636 831 732 858 cum
777 817 942 871 optimo
982 820 1025 858 et
1062 817 1438 871 praestantissimo

97 875 283 929 consule,
310 874 384 917 Cn.
405 875 625 929 Pompeio,
652 876 702 916 de
727 875 808 917 hac
834 876 930 930 ipsa
956 876 1207 930 quaestione
1228 876 1439 918 referente

97 934 331 975 existerent
367 948 455 975 non
491 934 652 987 nullae,
694 934 768 975 sed
804 949 1042 989 perpaucae
1080 937 1226 976 tamen
1261 936 1439 976 acerbae

45 1005 78 1031 15
99 993 351 1044 sententiae,
385 1007 492 1046 quae
519 995 752 1046 censerent,
783 995 833 1033 ut
859 993 1034 1047 tribuni,
1065 996 1115 1035 ut
1140 993 1359 1048 praefecti,
1390 996 1441 1035 ut

98 1051 275 1105 scribae,
300 1054 350 1092 ut
375 1050 555 1092 comites
583 1065 730 1092 omnes
755 1052 1091 1107 magistratuum
1110 1052 1205 1107 lege
1225 1053 1306 1094 hac
1326 1055 1441 1094 tene-

97 1113 258 1164 rentur,
288 1124 376 1163 vos,
407 1124 496 1163 vos,
527 1110 715 1163 inquam,
746 1110 829 1164 ipsi
863 1113 905 1152 et
938 1113 1112 1152 senatus
1144 1111 1346 1165 frequens
1379 1125 1441 1152 re-

98 1168 231 1223 stitit,
270 1171 329 1221 et,
369 1182 629 1222 quamquam
667 1171 760 1209 tum
796 1172 973 1223 propter
1010 1169 1247 1213 multorum
1284 1170 1442 1211 delicta

98 1227 230 1268 etiam
274 1226 326 1268 ad
363 1227 657 1268 innocentium
694 1227 933 1281 periculum
971 1231 1141 1282 tempus
1179 1228 1286 1269 illud
1324 1243 1440 1270 exar-

45 1299 79 1324 20
98 1288 231 1339 serat,
269 1288 431 1339 tamen,
470 1286 750 1333 cum'odium
783 1287 923 1328 nostri
954 1287 1301 1343 restingueretis,
1338 1287 1439 1328 huic

99 1344 238 1386 ordini
276 1344 421 1399 ignem
451 1354 612 1386 n‘ovum
644 1345 780 1386 subici
810 1360 899 1387 non
931 1346 1104 1387 sivistis.
1166 1346 1262 1387 Hoc
1295 1346 1438 1387 animo
1455 1353 1499 1385 14

97 1401 239 1458 igitur
265 1406 451 1445 senatus.
472 1448 479 1459 ,Β
505 1403 646 1452 Quid?
678 1418 766 1458 vos,
798 1404 964 1458 equites
992 1404 1188 1458 Romani,
1221 1404 1323 1459 quid
1349 1407 1441 1446 tan-

99 1461 195 1502 dem
221 1460 518 1503 estisactusri‘?
552 1460 744 1518 Glaucia
770 1462 949 1518 solebat,
974 1463 1104 1505 homo
1131 1464 1338 1518 impuruS,
1366 1463 1441 1505 sed

99 1521 245 1560 tamen
282 1522 451 1574 acutus,
487 1521 696 1574 populum
731 1536 923 1575 monere,
960 1525 1027 1575 ut,
1066 1536 1163 1563 cum
1193 1522 1263 1563 lex
1295 1522 1440 1576 aliqua

46 1590 81 1616 ‘25
102 1577 374 1631 recitaretur,
429 1579 616 1632 primum
671 1594 842 1620 versum
895 1580 1146 1621 attenderet.
1229 1579 1275 1622 Si
1325 1583 1439 1621 esset

102 1635 372 1686 ‘DICTATOR,
404 1647 594 1690 CONSUL,
620 1649 845 1688 PRAETOR,
872 1649 1103 1679 MAGISTER
1127 1638 1360 1693 EQUITUM',
1386 1653 1439 1680 ne

100 1694 338 1747 laboraret3
394 1694 523 1735 sciret
569 1695 680 1735 nihil
730 1696 783 1736 ad
832 1710 877 1737 se
925 1696 1158 1751 pertinere,
1208 1697 1275 1738 sin
1325 1700 1440 1738 esset

103 1752 394 1801 ‘QUICUMQUE
427 1762 542 1794 Posi*
568 1764 693 1794 HANG
719 1754 902 1807 LEGEM’,
933 1754 1108 1807 videret,
1138 1769 1191 1795 ne
1219 1770 1303 1809 qua
1327 1769 1441 1796 nova

103 1811 352 1866 quaestione
397 1810 659 1865 alligaretur.
727 1811 854 1853 Nunc
895 1826 990 1865 vos,
1035 1812 1200 1866 equites
1242 1812 1497 1867 Romani,15

50 1883 84 1908 30
103 1869 254 1910 videte.
319 1867 447 1910 Scitis
486 1883 552 1910 me
591 1871 734 1909 ortum
765 1884 786 1910 e
818 1869 940 1910 vobis
975 1870 1118 1911 omnia
1150 1885 1319 1925 semper
1350 1885 1441 1912 sen-

103 1927 210 1969 sisse
253 1941 330 1981 pro
374 1927 508 1968 vobis.
575 1926 696 1968 Nihil
739 1927 895 1968 horum
936 1928 1026 1969 sine
1064 1943 1221 1984 magna
1260 1943 1361 1970 cura
1397 1932 1441 1970 et

104 2000 272 2027 summa
321 1986 500 2027 caritate
544 1986 677 2026 vestri
721 1985 880 2027 ordinis
924 1986 1088 2041 loquor.
1161 1987 1286 2028 Alius
1331 1987 1440 2029 alios

102 2044 299 2086 homines
335 2046 378 2085 et
410 2044 597 2098 ordineS,
635 2057 714 2099 ego
746 2059 822 2085 vos
856 2059 1023 2099 semper
1055 2045 1300 2099 complexus
1334 2060 1442 2088 811111..

104 2101 259 2144 Moneo
311 2104 354 2143 et
402 2102 619 2156 praedico,
668 2102 839 2157 integra
881 2118 925 2144 re
971 2118 1180 2158 causaque
1224 2105 1441 2158 denuntio,

52 2174 86 2199 35
107 2175 253 2202 omnes
289 2160 485 2202 homines
523 2160 707 2214 deosque
744 2163 898 2202 testor:
952 2161 1068 2202 Dum
1101 2162 1302 2217 potestis,
1340 2163 1441 2204 dum

106 2218 226 2271 licet,
262 2219 500 2273 providete,
537 2233 589 2260 ne
627 2219 842 2260 duriorem
875 2220 998 2261 vobis
1032 2221 1325 2262 condicionem
1356 2225 1440 2262 sta-

106 2277 241 2318 tuatis
285 2278 506 2332 ordinique
549 2280 712 2331 vestro,
756 2292 885 2331 quam
921 2277 1032 2320 ferre
1067 2279 1218 2333 possit.
1288 2278 1442 2334 Serpet

1095 406 1107 423 9
