1671 2543
197 92 255 132 50
586 89 679 125 PRO
705 89 745 124 P.
771 88 934 124 SESTIO
963 88 1150 125 ORATIO.

198 199 271 240 sed
319 212 407 240 non
455 197 839 253 praestantissimis
885 197 1038 251 opibus
1082 199 1125 238 et
1169 195 1327 252 gratia3
1373 196 1536 237 tribum

198 272 320 299 suam
349 271 437 298 non
468 257 589 311 tulit,
625 256 868 297 Palatinam
892 256 1092 310 denique,
1122 270 1198 310 per
1230 268 1358 309 quam
1390 268 1536 296 omnes

197 316 297 357 illae
328 318 472 370 pestes
503 330 655 357 vexare
687 329 777 356 rem
808 314 1025 368 publicam
1057 314 1320 367 dicebantur,
1350 312 1538 367 perdidit

196 389 274 416 nec
313 375 542 428 quicquam
580 374 666 414 illis
705 373 908 426 comitiis,
954 373 1068 427 quod
1105 372 1209 414 boni
1247 371 1329 412 viri
1365 371 1537 426 vellent,

197 433 281 475 nisi
325 434 541 487 repulsam
584 432 698 473 tulit.
761 431 930 472 Videtis
968 431 1104 486 igitur
1140 431 1347 485 populum
1384 430 1574 485 ipsum‚5

198 494 248 532 ut
278 491 342 532 ita
372 492 527 546 dicam,
558 491 645 532 iam
675 504 763 532 non
794 504 885 531 esse
916 490 1185 545 popularem,
1218 489 1291 544 qui
1321 489 1386 530 ita
1415 487 1547 530 vehes

199 552 365 591 menter
414 565 503 604 eos,
554 550 627 604 qui
670 548 898 603 populares
940 548 1174 602 habentur,
1223 549 1415 602 respuat,
1465 561 1538 589 608

199 612 356 663 autem,
392 608 464 663 qui
497 609 534 650 ei
566 607 713 664 generi
745 607 1035 662 adversantur,
1066 607 1228 649 honore
1260 606 1537 662 dignissimos

199 667 370 709 iudicet.

288 725 522 767 Veniamus
561 725 613 765 ad
649 724 784 766 ludos.
851 723 975 765 Facit
1013 724 1144 778 enim,
1181 724 1360 779 iudices,
1396 726 1539 765 vester
1559 741 1593 765 ιο

199 784 282 826 iste
313 785 358 825 in
389 799 456 825 me
489 784 729 825 animorum
763 783 1068 837 oculorumque
1097 782 1328 837 coniectus,
1357 785 1408 823 ut
1432 782 1539 824 mihi

199 844 285 884 iam
322 843 450 884 licere
485 845 629 896 putem
665 841 907 883 remissiore
938 842 1004 882 uti
1036 855 1189 896 genere
1222 841 1400 882 1116611111.
1462 839 1540 883 Co-

199 902 422 943 mitiorum
461 904 504 942 et
543 900 791 942 contionum
823 900 1161 955 significationes
1193 902 1294 941 sunt
1324 899 1540 940 interdum

198 974 341 1014 verae,
379 962 481 1001 sunt
516 974 603 1001 non
640 973 874 1013 numquam
911 959 1089 999 vitiatae
1128 961 1256 1012 atque
1296 960 1540 1013 corruptae,

199 1018 433 1060 theatrales
478 1017 810 1072 gladiatoriique
855 1031 1079 1058 consessus
1123 1017 1323 1058 dicuntur
1366 1016 1538 1058 omnino
1561 1034 1594 1060 15

200 1077 337 1118 solere
368 1076 545 1117 levitate
576 1089 664 1117 non
694 1076 911 1117 nullorum
943 1079 1110 1129 emptos
1142 1076 1317 1129 plausus
1349 1076 1472 1117 exilis
1498 1078 1542 1116 et

201 1149 320 1176 raros
352 1134 557 1189 excitare,
589 1148 637 1175 ac
669 1136 814 1175 tamen
844 1134 969 1175 facile
1002 1137 1085 1187 est,
1118 1148 1214 1175 cum
1245 1134 1288 1175 id
1320 1134 1382 1188 fit,
1414 1148 1541 1188 quem

200 1194 252 1234 ad
285 1193 459 1234 modum
492 1195 534 1233 et
564 1206 588 1233 a
615 1192 769 1246 quibus
795 1193 883 1246 fiat,
915 1195 958 1233 et
985 1193 1085 1246 quid
1111 1193 1281 1247 integra
1307 1193 1540 1233 multitudo

204 1252 344 1306 faciat,
374 1251 527 1292 videre.
591 1250 702 1299 Quid
728 1265 807 1305 ego
833 1265 946 1292 nunc
972 1251 1121 1303 dicam,
1154 1251 1309 1304 quibus
1335 1250 1439 1291 viris
1465 1254 1541 1291 aut

202 1310 269 1351 cui
290 1309 437 1364 generi
451 1309 607 1350 civium
621 1309 803 1350 maxime
818 1309 1076 1363 plaudatur?
1108 1308 1335 1350 Neminem
1349 1312 1541 1350 vestrum
1560 1328 1595 1352 20

200 1368 327 1409 fallit.
390 1366 457 1409 Sit
487 1367 569 1409 1106
602 1382 702 1409 sane
733 1367 837 1422 leve,
873 1368 984 1421 quod
1015 1382 1102 1408 non
1134 1368 1196 1408 ita
1228 1371 1305 1422 est,
1338 1368 1540 1422 quoniam

202 1426 367 1481 optimo
412 1425 564 1480 cuique
607 1426 871 1480 impertitur,
915 1426 1005 1480 sed,
1046 1426 1083 1467 si
1121 1428 1186 1467 est
1222 1426 1332 1480 leve,
1375 1426 1540 1468 homini

202 1484 324 1540 gravi
361 1485 453 1525 leve
493 1487 574 1538 est,
614 1484 651 1525 61
689 1499 807 1537 vero,
847 1485 919 1538 qui
952 1485 1109 1538 pendet
1140 1485 1268 1526 rebus
1299 1485 1541 1539 levissimis,

202 1543 277 1597 qui
308 1557 477 1584 rumore
510 1546 564 1597 et,
595 1545 644 1583 ut
672 1542 756 1597 ipsi
781 1542 993 1597 locuntur,
1024 1543 1168 1584 favore
1194 1543 1344 1597 populi
1369 1546 1542 1584 tenetur

202 1604 247 1643 et
278 1601 465 1656 ducitur,
496 1601 695 1656 plausum
726 1601 1118 1655 immortalitatem,
1150 1602 1325 1643 sibilum
1356 1604 1541 1643 mortem
1560 1620 1594 1646 25

122 1670 189 1701 116
204 1660 340 1701 videri
369 1674 541 1701 necesse
574 1663 650 1701 est.
711 1659 778 1701 Ex
810 1662 852 1700 te
884 1660 1029 1715 igitur,
1066 1659 1235 1714 Scaure,
1266 1661 1541 1714 potissimum

204 1733 375 1773 quaero,
396 1719 469 1772 qui
488 1719 612 1760 ludos
633 1719 986 1773 apparatissimos
1006 1719 1540 1774 magnificentissimosque

202 1777 357 1831 fecisti,
383 1777 528 1831 ecquis
554 1778 737 1818 istorum
762 1777 1035 1831 popularium
1054 1780 1152 1818 tuos
1172 1778 1294 1819 ludos
1315 1778 1540 1832 aspexerit,

203 1836 349 1889 ecquis
376 1850 419 1876 se
447 1835 618 1876 theatro
645 1836 889 1890 populoque
909 1835 1103 1877 Romano
1125 1837 1398 1878 commiserit.
1440 1835 1539 1890 Ipse

202 1894 275 1935 ille
307 1894 490 1935 maxime
522 1894 675 1947 ludius,
706 1904 792 1935 non
824 1895 963 1935 solum
992 1897 1220 1949 spectator,
1252 1895 1325 1936 sed
1350 1896 1471 1936 actor
1497 1897 1540 1935 et
1559 1913 1594 1937 30
1655 1925 1656 1929 ,

205 1967 413 2006 acroama,
446 1953 518 2006 qui
552 1953 694 1994 omnia
720 1953 880 1994 sororis
907 1954 1093 1994 embolia
1116 1953 1248 2006 novit,
1281 1953 1353 2006 qui
1379 1953 1424 1994 in
1450 1967 1540 1995 606-

205 2013 298 2051 tum
329 2011 557 2052 mulierum
588 2025 666 2065 pro
698 2012 879 2065 psaltria
911 2012 1146 2066 adducitur,
1179 2026 1256 2052 nec
1286 2014 1385 2052 tuos
1416 2012 1540 2052 ludos

206 2070 373 2122 aspexit
410 2069 454 2110 in
491 2070 566 2111 illo
606 2069 772 2110 ardenti
810 2070 1033 2110 tribunatu
1071 2084 1147 2111 suo
1182 2082 1258 2110 nec
1289 2069 1400 2110 ullos
1433 2070 1539 2110 alios
1658 2103 1659 2128 ἦ

204 2127 289 2168 nisi
321 2141 410 2181 eos,
444 2142 468 2168 a
500 2128 654 2182 quibus
686 2128 757 2168 vix
788 2128 908 2169 vivus
941 2129 1102 2183 effugit.
1165 2126 1321 2182 Semel,
1352 2128 1539 2193 inquam,
1656 2141 1657 2187 1

207 2198 251 2225 86
294 2184 406 2226 ludis
450 2186 580 2227 homo
617 2186 837 2240 popularis
876 2187 1090 2228 commisit
1129 2186 1317 2239 omnino,
1362 2200 1458 2227 cum
1495 2187 1539 2227 in
1558 2204 1592 2229 35

207 2243 368 2296 templo
404 2243 594 2285 Virtutis
638 2244 775 2285 honos
817 2244 992 2286 habitus
1037 2247 1148 2286 esset
1185 2244 1336 2285 virtuti
1375 2243 1538 2299 Gaique

206 2299 330 2355 Mari,
363 2303 675 2343 conservatoris
701 2302 827 2343 huius
853 2303 1032 2357 imperii,
1058 2305 1380 2344 monumentum
1405 2304 1539 2344 muni·
1655 2321 1657 2380 1

128 703 186 744 54

119 763 210 794 115.
