1671 2543
596 94 695 128 CAP.
723 98 813 128 2—5
840 98 859 137 ς
886 99 1011 129 6—11.
1384 95 1468 136 509

132 206 198 246 est
230 202 362 244 animi
395 217 523 257 quam
555 202 758 256 corporis,
789 202 870 243 hoc
903 205 1002 243 sunt
1035 202 1233 257 graviora
1265 216 1324 255 ea,
1361 217 1468 256 quae

133 262 432 316 concipiuntur
459 261 612 315 animo,
639 275 767 315 quam
792 261 879 314 illa,
906 275 1012 314 quae
1033 274 1220 315 corpore.
1270 259 1469 302 Miserior

134 321 280 376 igitur,
312 320 385 374 qui
418 320 598 374 suscipit
629 319 675 360 in
707 333 750 361 se
784 319 933 372 scelus,
966 333 1093 373 quam
1124 319 1161 361 si
1193 319 1266 373 qui
1293 319 1467 360 alterius

133 379 298 421 facinus
343 379 486 420 subire
530 378 710 433 cogitur.
785 377 1027 420 ‘Cruciatus
1071 380 1137 419 est
1176 392 1201 418 a
1242 377 1469 419 Dolabella

98 455 113 479 5
134 437 399 479 Trebonius?
449 437 508 478 Et
543 437 714 491 quidem
747 451 771 478 a
797 436 1232 491 Karthaginiensibus
1264 435 1468 492 Regulus.

135 496 292 549 Quare,
324 510 421 537 cum
453 495 736 538 crudelissimi
768 495 900 537 Poeni
932 495 1108 536 iudicati
1141 495 1228 536 sint
1258 495 1303 536 in
1333 495 1470 548 hoste,

135 555 235 610 quid
273 554 318 595 in
350 555 439 596 cive
471 555 521 596 de
552 554 779 595 Dolabella
809 554 1081 596 iudicandum
1113 554 1208 595 est‘?
1268 553 1339 594 An
1369 568 1468 595 vero

133 613 215 655 hoc
253 612 555 655 conferendum
592 616 658 654 est
696 615 770 654 aut
808 612 1106 666 dubitandum,
1142 615 1238 653 uter
1274 612 1470 654 miserior

135 672 210 725 sit,
236 671 344 725 isne,
377 672 495 713 cuius
528 674 711 714 mortem
745 675 918 713 senatus
950 671 1218 725 populusque
1250 670 1469 712 Romanus

85 747 115 772 ιο
133 730 283 772 ulcisci
327 730 462 785 cupit,
506 745 560 772 an
603 730 657 784 is,
703 731 775 784 qui
820 730 983 771 cunctis
1028 732 1200 771 senatus
1245 729 1469 770 sententiis

133 789 273 831 hostis
305 792 371 831 est
402 789 644 831 iudicatus?
699 788 813 830 Nam
845 789 998 830 ceteris
1030 788 1201 842 quidem
1233 788 1346 829 vitae
1377 802 1470 842 par-

134 848 252 889 tibus
291 848 386 902 quis
424 851 490 889 est
527 848 600 902 qui
637 848 776 902 possit
813 847 903 889 sine
935 847 1121 888 Treboni
1159 847 1344 887 maxima
1376 860 1470 888 con-

135 906 312 948 tumelia
367 906 558 948 conferre
614 907 748 947 vitam
803 906 989 947 Treboni
1045 920 1140 947 cum
1189 904 1468 947 Dolabellae?

136 965 327 1007 Alterius
360 965 603 1019 consilium,
640 965 877 1021 ingenium,
911 964 1242 1017 humanitatem,
1274 964 1470 1005 innocen-

85 1041 116 1065 15
137 1024 260 1078 tiam,
303 1024 643 1079 magnitudinem
686 1024 818 1065 animi
861 1023 905 1064 in
941 1023 1082 1077 patria
1117 1023 1338 1064 liberanda
1374 1023 1469 1076 quis

136 1082 336 1138 ignorat?
380 1082 506 1123 alteri
549 1097 574 1123 a
613 1094 745 1136 puero
788 1097 865 1136 pro
907 1081 1070 1122 deliciis
1108 1081 1337 1123 crudelitas
1375 1080 1470 1134 fuit,

136 1141 284 1182 deinde
323 1155 372 1182 ea
408 1141 634 1182 libidinum
672 1141 912 1195 turpitudo,
949 1143 998 1181 ut
1028 1140 1073 1181 in
1103 1139 1184 1181 hoc
1216 1140 1273 1181 sit
1304 1154 1471 1193 semper

135 1200 227 1254 ipse
258 1200 461 1253 laetatus,
499 1199 612 1253 quod
644 1214 693 1241 ea
722 1199 901 1253 faceret,
935 1213 1041 1253 quae
1074 1199 1156 1240 sibi
1189 1198 1301 1239 obici
1331 1212 1383 1239 ne
1417 1198 1469 1239 ab

135 1258 308 1300 inimico
336 1258 506 1312 quidem
530 1260 707 1312 possent
732 1257 980 1299 verecundo.
1034 1256 1093 1298 Et
1116 1257 1199 1310 hic,
1231 1257 1308 1298 di'
1298 1271 1470 1298 1mmor-
1486 1262 1526 1293 10

84 1334 118 1358 κο
138 1317 258 1371 tales,
290 1316 516 1370 aliquando
548 1316 632 1357 fuit
663 1317 800 1358 meus!
857 1315 1037 1358 Occulta
1068 1315 1180 1356 enim
1213 1318 1334 1356 erant
1365 1315 1471 1356 vitia

137 1390 223 1417 non
258 1375 502 1430 inquirenti.
563 1374 714 1429 Neque
754 1389 866 1417 nunc
903 1374 1087 1416 fortasse
1125 1374 1289 1415 alienus
1328 1374 1381 1415 ab
1420 1388 1468 1415 eo

137 1448 285 1484 essem,
315 1433 400 1475 nisi
430 1433 503 1475 ille
528 1433 665 1487 nobis,
696 1433 780 1475 nisi
806 1433 1027 1474 moenibus
1054 1432 1230 1487 patriae,
1260 1432 1345 1474 nisi
1370 1432 1469 1474 huic

138 1492 250 1545 urbi,
292 1492 376 1533 nisi
419 1492 483 1534 dis
520 1492 765 1547 penatibus,
806 1492 891 1533 nisi
929 1492 1014 1533 aris
1051 1494 1095 1532 et
1131 1491 1238 1532 focis
1277 1490 1468 1533 omnium

138 1552 345 1603 nostrum,
375 1550 459 1591 nisi
490 1550 670 1604 denique
701 1554 878 1592 naturae
906 1553 949 1591 et
979 1549 1240 1591 humanitati
1271 1549 1469 1591 inventus

86 1626 117 1650 25
138 1611 252 1649 esset
287 1608 497 1650 inimicus.
556 1609 595 1650 A
634 1623 716 1662 quo
755 1609 962 1650 admoniti
999 1607 1248 1662 diligentius
1287 1610 1330 1648 et
1365 1608 1470 1662 vigi-

138 1667 297 1708 lantius
331 1680 552 1708 caveamus
585 1667 832 1708 Antonium.

225 1725 398 1766 Etenim
435 1724 661 1766 Dolabella
701 1739 788 1766 non
830 1726 891 1765 ita
934 1725 1092 1766 multos
1137 1739 1280 1766 secum
1316 1724 1509 1770 habuit5
1572 1744 1577 1749 ¹

136 1786 264 1825 notos
291 1787 419 1838 atque
444 1783 625 1838 insignis
651 1784 858 1836 latrones,
884 1786 929 1824 at
954 1783 1118 1836 videtis,
1145 1797 1252 1836 quos
1277 1785 1469 1838 etquam

138 1842 297 1883 multos
307 1842 464 1883 habeat
478 1841 702 1882 Antonius.
734 1840 925 1882 Primum
939 1840 1118 1883 Lucium
1130 1840 1321 1895 fratrem,
1342 1856 1467 1896 quam

86 1917 119 1942 30
139 1900 287 1954 facem,
319 1901 361 1941 di
386 1900 663 1953 immortales,
690 1900 801 1953 quod
827 1899 1003 1952 facinus,
1030 1899 1142 1953 quod
1168 1900 1318 1953 scelus,
1345 1914 1470 1954 quem

139 1959 373 2013 gurgitem,
412 1972 540 2012 quam
577 1958 840 2013 voraginem!
904 1957 1014 2007 Quid
1051 1972 1147 1999 eum
1179 1973 1266 2000 non
1298 1959 1469 2000 sorbere

139 2017 293 2070 animo,
325 2017 424 2070 quid
455 2031 541 2057 non
571 2016 741 2057 haurire
768 2016 1041 2071 cogitatione,
1074 2017 1192 2058 cuius
1219 2017 1466 2072 sanguinem

138 2089 223 2116 non
243 2075 388 2116 bibere
409 2075 604 2129 censetiS,
622 2075 666 2115 in
687 2075 804 2116 cuius
823 2075 1114 2129 possessiones
1131 2078 1258 2129 atque
1270 2074 1467 2117 fortunas

138 2148 224 2175 non
266 2133 644 2187 inpudentissimos
688 2133 833 2174 oculos
878 2147 951 2187 spe
995 2135 1038 2174 et
1078 2136 1219 2174 mente
1256 2133 1469 2188 defigere?

85 2208 119 2233 85
140 2191 251 2241 Quid
283 2191 592 2234 Censorinum?
625 2192 697 2245 qui
729 2206 772 2232 se
804 2192 933 2232 verbo
965 2194 1206 2245 praetorem
1231 2206 1322 2233 6336
1348 2192 1469 2233 urba·
1485 2207 1522 2236 11

137 2264 240 2291 num
278 2264 429 2304 cupere
462 2250 640 2303 dicebat,
671 2264 715 2290 re
748 2252 861 2291 certe
892 2249 1041 2291 noluit.
1105 2249 1215 2299 Quid
1246 2249 1468 2292 Bestiam?

139 2309 211 2361 qui
250 2309 518 2349 consulatum
555 2308 599 2349 in
631 2307 757 2349 Bruti
794 2308 935 2350 locum
972 2322 1016 2349 se
1053 2311 1198 2362 petere
1228 2309 1468 2363 profitetur.
