<?xml version="1.0" encoding="UTF-8"?>
<!DOCTYPE html PUBLIC "-//W3C//DTD XHTML 1.0 Transitional//EN"
    "http://www.w3.org/TR/xhtml1/DTD/xhtml1-transitional.dtd">
<html xmlns="http://www.w3.org/1999/xhtml" xml:lang="en" lang="en">
 <head>
  <title>
</title>
<meta http-equiv="Content-Type" content="text/html;charset=utf-8" />
  <meta name='ocr-system' content='tesseract 3.04.00' />
  <meta name='ocr-capabilities' content='ocr_page ocr_carea ocr_par ocr_line ocrx_word'/>
</head>
<body>
  <div class='ocr_page' id='page_1' title='image "./p3scriptaquaemanse02ciceuoft_0185.png"; bbox 0 0 1671 2543; ppageno 0'>
   <div class='ocr_carea' id='block_1_1' title="bbox 0 1969 7 2543">
    <p class='ocr_par' dir='ltr' id='par_1_1' title="bbox 0 1969 7 2543">
     <span class='ocr_line' id='line_1_1' title="bbox 0 1969 7 2543; baseline 0 0"><span class='ocrx_word' id='word_1_1' title='bbox 0 1969 7 2543; x_wconf 95' lang='lat' dir='ltr'> </span> 
     </span>
    </p>
   </div>
   <div class='ocr_carea' id='block_1_2' title="bbox 525 81 1449 125">
    <p class='ocr_par' dir='ltr' id='par_1_2' title="bbox 525 81 1449 125">
     <span class='ocr_line' id='line_1_2' title="bbox 525 81 1449 125; baseline -0.003 -7"><span class='ocrx_word' id='word_1_2' title='bbox 525 82 627 118; x_wconf 88' lang='lat' dir='ltr'><strong>CAP.</strong></span> <span class='ocrx_word' id='word_1_3' title='bbox 654 87 792 118; x_wconf 81' lang='lat'>46-49</span> <span class='ocrx_word' id='word_1_4' title='bbox 819 86 838 125; x_wconf 69' lang='grc' dir='ltr'>ξ</span> <span class='ocrx_word' id='word_1_5' title='bbox 863 86 1034 117; x_wconf 78' lang='lat'>99-104.</span> <span class='ocrx_word' id='word_1_6' title='bbox 1390 81 1449 122; x_wconf 80' lang='grc'>45</span> 
     </span>
    </p>
   </div>
   <div class='ocr_carea' id='block_1_3' title="bbox 398 189 1172 234">
    <p class='ocr_par' dir='ltr' id='par_1_3' title="bbox 398 189 1172 234">
     <span class='ocr_line' id='line_1_3' title="bbox 398 189 1172 234; baseline -0.001 -1"><span class='ocrx_word' id='word_1_7' title='bbox 398 192 588 234; x_wconf 75' lang='lat' dir='ltr'>multae</span> <span class='ocrx_word' id='word_1_8' title='bbox 620 191 840 232; x_wconf 81' lang='lat' dir='ltr'>insidiae</span> <span class='ocrx_word' id='word_1_9' title='bbox 874 193 992 232; x_wconf 75' lang='lat' dir='ltr'>siint</span> <span class='ocrx_word' id='word_1_10' title='bbox 1022 189 1172 232; x_wconf 86' lang='lat' dir='ltr'>bonis</span> 
     </span>
    </p>
   </div>
   <div class='ocr_carea' id='block_1_4' title="bbox 119 273 827 329">
    <p class='ocr_par' dir='ltr' id='par_1_4' title="bbox 119 273 827 329">
     <span class='ocr_line' id='line_1_4' title="bbox 119 273 827 329; baseline -0.004 -12"><span class='ocrx_word' id='word_1_11' title='bbox 119 275 337 317; x_wconf 82' lang='lat' dir='ltr'>verissime</span> <span class='ocrx_word' id='word_1_12' title='bbox 370 274 532 317; x_wconf 88' lang='lat' dir='ltr'>dictum</span> <span class='ocrx_word' id='word_1_13' title='bbox 564 276 648 329; x_wconf 73' lang='lat' dir='ltr'>est3</span> <span class='ocrx_word' id='word_1_14' title='bbox 680 273 753 315; x_wconf 93' lang='lat' dir='ltr'>sed</span> <span class='ocrx_word' id='word_1_15' title='bbox 784 276 827 314; x_wconf 91' lang='lat' dir='ltr'>te</span> 
     </span>
    </p>
   </div>
   <div class='ocr_carea' id='block_1_5' title="bbox 83 360 1451 644">
    <p class='ocr_par' dir='ltr' id='par_1_5' title="bbox 83 360 1451 518">
     <span class='ocr_line' id='line_1_5' title="bbox 183 360 1451 423; baseline -0.002 -12"><span class='ocrx_word' id='word_1_16' title='bbox 183 360 256 423; x_wconf 71' lang='lat' dir='ltr'>id,</span> <span class='ocrx_word' id='word_1_17' title='bbox 283 369 414 423; x_wconf 90' lang='lat' dir='ltr'>quod</span> <span class='ocrx_word' id='word_1_18' title='bbox 440 368 588 410; x_wconf 89' lang='lat' dir='ltr'>multi</span> <span class='ocrx_word' id='word_1_19' title='bbox 614 366 880 409; x_wconf 77' lang='lat' dir='ltr'>invideant</span> <span class='ocrx_word' id='word_1_20' title='bbox 906 367 1158 421; x_wconf 89' lang='lat' dir='ltr'>multique</span> <span class='ocrx_word' id='word_1_21' title='bbox 1185 368 1451 421; x_wconf 72' lang='lat' dir='ltr'>expetant,</span> 
     </span>
     <span class='ocr_line' id='line_1_6' title="bbox 83 425 951 518; baseline -0.005 -47"><span class='ocrx_word' id='word_1_22' title='bbox 83 480 100 506; x_wconf 69' lang='lat'><strong>5</strong></span> <span class='ocrx_word' id='word_1_23' title='bbox 121 464 261 518; x_wconf 52' lang='lat' dir='ltr'>inquit</span> <span class='ocrx_word' id='word_1_24' title='bbox 609 425 824 468; x_wconf 74' lang='lat' dir='ltr'><strong>inscitia</strong></span> <span class='ocrx_word' id='word_1_25' title='bbox 855 428 951 480; x_wconf 87' lang='lat' dir='ltr'>est,</span> 
     </span>
    </p>

    <p class='ocr_par' dir='ltr' id='par_1_6' title="bbox 269 497 278 517">
     <span class='ocr_line' id='line_1_7' title="bbox 269 497 278 517; baseline 0 0"><span class='ocrx_word' id='word_1_26' title='bbox 269 497 278 517; x_wconf 77' lang='lat'>7</span> 
     </span>
    </p>

    <p class='ocr_par' dir='ltr' id='par_1_7' title="bbox 183 544 1381 644">
     <span class='ocr_line' id='line_1_8' title="bbox 183 544 1381 600; baseline -0.003 -13"><span class='ocrx_word' id='word_1_27' title='bbox 183 545 473 600; x_wconf 77' lang='lat' dir='ltr'>Postulare,</span> <span class='ocrx_word' id='word_1_28' title='bbox 503 544 605 586; x_wconf 83' lang='lat' dir='ltr'>nisi</span> <span class='ocrx_word' id='word_1_29' title='bbox 637 545 865 586; x_wconf 89' lang='lat' dir='ltr'>laborem</span> <span class='ocrx_word' id='word_1_30' title='bbox 898 548 1089 586; x_wconf 77' lang='lat' dir='ltr'>summa</span> <span class='ocrx_word' id='word_1_31' title='bbox 1121 559 1230 585; x_wconf 86' lang='lat' dir='ltr'>cum</span> <span class='ocrx_word' id='word_1_32' title='bbox 1262 558 1381 585; x_wconf 87' lang='lat' dir='ltr'>cura</span> 
     </span>
     <span class='ocr_line' id='line_1_9' title="bbox 680 603 889 644; baseline 0 0"><span class='ocrx_word' id='word_1_33' title='bbox 680 603 889 644; x_wconf 75' lang='lat' dir='ltr'>ecferas.</span> 
     </span>
    </p>
   </div>
   <div class='ocr_carea' id='block_1_6' title="bbox 119 707 1453 824">
    <p class='ocr_par' dir='ltr' id='par_1_8' title="bbox 119 707 1453 824">
     <span class='ocr_line' id='line_1_10' title="bbox 119 707 1453 763; baseline -0.002 -11"><span class='ocrx_word' id='word_1_34' title='bbox 119 710 292 752; x_wconf 84' lang='lat' dir='ltr'>Nollem</span> <span class='ocrx_word' id='word_1_35' title='bbox 329 710 441 752; x_wconf 89' lang='lat' dir='ltr'>idem</span> <span class='ocrx_word' id='word_1_36' title='bbox 479 709 564 751; x_wconf 88' lang='lat' dir='ltr'>alio</span> <span class='ocrx_word' id='word_1_37' title='bbox 602 709 697 751; x_wconf 93' lang='lat' dir='ltr'>loco</span> <span class='ocrx_word' id='word_1_38' title='bbox 737 709 934 763; x_wconf 85' lang='lat' dir='ltr'>dixisset,</span> <span class='ocrx_word' id='word_1_39' title='bbox 972 709 1085 763; x_wconf 86' lang='lat' dir='ltr'>quod</span> <span class='ocrx_word' id='word_1_40' title='bbox 1117 708 1361 763; x_wconf 74' lang='lat' dir='ltr'>exciperent</span> <span class='ocrx_word' id='word_1_41' title='bbox 1392 707 1453 749; x_wconf 89' lang='lat' dir='ltr'>in·</span> 
     </span>
     <span class='ocr_line' id='line_1_11' title="bbox 120 769 409 824; baseline -0.003 -13"><span class='ocrx_word' id='word_1_42' title='bbox 120 770 245 824; x_wconf 87' lang='lat' dir='ltr'>probi</span> <span class='ocrx_word' id='word_1_43' title='bbox 277 769 409 811; x_wconf 87' lang='lat' dir='ltr'>cives:</span> 
     </span>
    </p>
   </div>
   <div class='ocr_carea' id='block_1_7' title="bbox 0 840 1112 903">
    <p class='ocr_par' dir='ltr' id='par_1_9' title="bbox 0 840 1112 903">
     <span class='ocr_line' id='line_1_12' title="bbox 0 840 1112 903; baseline 0.006 -19"><span class='ocrx_word' id='word_1_44' title='bbox 0 871 3 874; x_wconf 93' lang='lat'><em>-</em></span> <span class='ocrx_word' id='word_1_45' title='bbox 70 861 103 885; x_wconf 77' lang='lat' dir='ltr'>xo</span> <span class='ocrx_word' id='word_1_46' title='bbox 462 840 692 903; x_wconf 79' lang='lat' dir='ltr'>Oderint,</span> <span class='ocrx_word' id='word_1_47' title='bbox 726 850 837 891; x_wconf 90' lang='lat' dir='ltr'>dum</span> <span class='ocrx_word' id='word_1_48' title='bbox 870 852 1112 891; x_wconf 75' lang='lat' dir='ltr'>metuant.</span> 
     </span>
    </p>
   </div>
   <div class='ocr_carea' id='block_1_8' title="bbox 72 942 1572 2348">
    <p class='ocr_par' dir='ltr' id='par_1_10' title="bbox 121 942 1536 1175">
     <span class='ocr_line' id='line_1_13' title="bbox 121 942 1536 998; baseline -0.006 -10"><span class='ocrx_word' id='word_1_49' title='bbox 121 946 347 988; x_wconf 87' lang='lat' dir='ltr'>Praeclara</span> <span class='ocrx_word' id='word_1_50' title='bbox 378 944 491 987; x_wconf 89' lang='lat' dir='ltr'>enim</span> <span class='ocrx_word' id='word_1_51' title='bbox 522 944 598 985; x_wconf 89' lang='lat' dir='ltr'>illa</span> <span class='ocrx_word' id='word_1_52' title='bbox 628 947 858 998; x_wconf 86' lang='lat' dir='ltr'>praecepta</span> <span class='ocrx_word' id='word_1_53' title='bbox 883 944 1057 986; x_wconf 89' lang='lat' dir='ltr'>dederat</span> <span class='ocrx_word' id='word_1_54' title='bbox 1083 944 1308 986; x_wconf 87' lang='lat' dir='ltr'>iuventuti.</span> <span class='ocrx_word' id='word_1_55' title='bbox 1371 942 1454 985; x_wconf 83' lang='lat' dir='ltr'>Sed</span> <span class='ocrx_word' id='word_1_56' title='bbox 1470 950 1536 981; x_wconf 84' lang='lat'>103</span> 
     </span>
     <span class='ocr_line' id='line_1_14' title="bbox 121 1003 1455 1057; baseline -0.002 -10"><span class='ocrx_word' id='word_1_57' title='bbox 121 1010 265 1047; x_wconf 86' lang='lat' dir='ltr'>tamen</span> <span class='ocrx_word' id='word_1_58' title='bbox 296 1005 401 1046; x_wconf 89' lang='lat' dir='ltr'>haec</span> <span class='ocrx_word' id='word_1_59' title='bbox 425 1003 496 1044; x_wconf 89' lang='lat' dir='ltr'>via</span> <span class='ocrx_word' id='word_1_60' title='bbox 520 1017 569 1044; x_wconf 88' lang='lat' dir='ltr'>ac</span> <span class='ocrx_word' id='word_1_61' title='bbox 595 1003 707 1045; x_wconf 87' lang='lat' dir='ltr'>ratio</span> <span class='ocrx_word' id='word_1_62' title='bbox 733 1004 794 1044; x_wconf 88' lang='lat' dir='ltr'>rei</span> <span class='ocrx_word' id='word_1_63' title='bbox 819 1003 1014 1057; x_wconf 88' lang='lat' dir='ltr'>publicae</span> <span class='ocrx_word' id='word_1_64' title='bbox 1042 1003 1323 1057; x_wconf 81' lang='lat' dir='ltr'>capessendae</span> <span class='ocrx_word' id='word_1_65' title='bbox 1350 1003 1455 1044; x_wconf 90' lang='lat' dir='ltr'>olim</span> 
     </span>
     <span class='ocr_line' id='line_1_15' title="bbox 122 1062 1455 1118; baseline -0.002 -12"><span class='ocrx_word' id='word_1_66' title='bbox 122 1068 215 1106; x_wconf 89' lang='lat' dir='ltr'>erat</span> <span class='ocrx_word' id='word_1_67' title='bbox 241 1063 378 1118; x_wconf 89' lang='lat' dir='ltr'>magis</span> <span class='ocrx_word' id='word_1_68' title='bbox 405 1062 757 1116; x_wconf 87' lang='lat' dir='ltr'>pertimescenda,</span> <span class='ocrx_word' id='word_1_69' title='bbox 791 1077 887 1103; x_wconf 87' lang='lat' dir='ltr'>cum</span> <span class='ocrx_word' id='word_1_70' title='bbox 913 1062 1062 1103; x_wconf 90' lang='lat' dir='ltr'>multis</span> <span class='ocrx_word' id='word_1_71' title='bbox 1088 1062 1133 1103; x_wconf 91' lang='lat' dir='ltr'>in</span> <span class='ocrx_word' id='word_1_72' title='bbox 1158 1063 1285 1103; x_wconf 88' lang='lat' dir='ltr'>rebus</span> <span class='ocrx_word' id='word_1_73' title='bbox 1312 1062 1455 1103; x_wconf 90' lang='lat' dir='ltr'>multi-</span> 
     </span>
     <span class='ocr_line' id='line_1_16' title="bbox 122 1121 1454 1175; baseline -0.002 -11"><span class='ocrx_word' id='word_1_74' title='bbox 122 1123 284 1164; x_wconf 80' lang='lat' dir='ltr'>tudinis</span> <span class='ocrx_word' id='word_1_75' title='bbox 335 1121 525 1163; x_wconf 90' lang='lat' dir='ltr'>studium</span> <span class='ocrx_word' id='word_1_76' title='bbox 568 1135 617 1162; x_wconf 88' lang='lat' dir='ltr'>ac</span> <span class='ocrx_word' id='word_1_77' title='bbox 657 1121 806 1175; x_wconf 89' lang='lat' dir='ltr'>populi</span> <span class='ocrx_word' id='word_1_78' title='bbox 851 1121 1122 1162; x_wconf 91' lang='lat' dir='ltr'>commodum</span> <span class='ocrx_word' id='word_1_79' title='bbox 1166 1121 1218 1162; x_wconf 90' lang='lat' dir='ltr'>ab</span> <span class='ocrx_word' id='word_1_80' title='bbox 1262 1121 1454 1161; x_wconf 84' lang='lat' dir='ltr'>utilitate</span> 
     </span>
    </p>

    <p class='ocr_par' dir='ltr' id='par_1_11' title="bbox 72 1179 1457 1472">
     <span class='ocr_line' id='line_1_17' title="bbox 72 1179 1453 1235; baseline -0.004 -10"><span class='ocrx_word' id='word_1_81' title='bbox 72 1200 103 1225; x_wconf 84' lang='lat'>15</span> <span class='ocrx_word' id='word_1_82' title='bbox 123 1182 184 1223; x_wconf 88' lang='lat' dir='ltr'>rei</span> <span class='ocrx_word' id='word_1_83' title='bbox 214 1181 411 1235; x_wconf 89' lang='lat' dir='ltr'>publicae</span> <span class='ocrx_word' id='word_1_84' title='bbox 443 1179 723 1234; x_wconf 88' lang='lat' dir='ltr'>discrepabat.</span> <span class='ocrx_word' id='word_1_85' title='bbox 785 1179 1028 1221; x_wconf 83' lang='lat' dir='ltr'>Tabellaria</span> <span class='ocrx_word' id='word_1_86' title='bbox 1056 1180 1124 1220; x_wconf 84' lang='lat' dir='ltr'>lex</span> <span class='ocrx_word' id='word_1_87' title='bbox 1150 1180 1204 1220; x_wconf 91' lang='lat' dir='ltr'>ab</span> <span class='ocrx_word' id='word_1_88' title='bbox 1231 1179 1277 1220; x_wconf 93' lang='lat' dir='ltr'>L.</span> <span class='ocrx_word' id='word_1_89' title='bbox 1305 1179 1453 1221; x_wconf 85' lang='lat' dir='ltr'>Cassio</span> 
     </span>
     <span class='ocr_line' id='line_1_18' title="bbox 122 1237 1456 1294; baseline -0.002 -12"><span class='ocrx_word' id='word_1_90' title='bbox 122 1241 352 1282; x_wconf 86' lang='lat' dir='ltr'>ferebatur.</span> <span class='ocrx_word' id='word_1_91' title='bbox 401 1238 592 1293; x_wconf 88' lang='lat' dir='ltr'>Populus</span> <span class='ocrx_word' id='word_1_92' title='bbox 615 1238 864 1279; x_wconf 88' lang='lat' dir='ltr'>libertatem</span> <span class='ocrx_word' id='word_1_93' title='bbox 883 1239 955 1294; x_wconf 87' lang='lat' dir='ltr'>agi</span> <span class='ocrx_word' id='word_1_94' title='bbox 974 1239 1158 1293; x_wconf 88' lang='lat' dir='ltr'>putabat</span> <span class='ocrx_word' id='word_1_95' title='bbox 1178 1253 1311 1279; x_wconf 89' lang='lat' dir='ltr'>suam.</span> <span class='ocrx_word' id='word_1_96' title='bbox 1360 1237 1456 1279; x_wconf 83' lang='lat' dir='ltr'>Dis-</span> 
     </span>
     <span class='ocr_line' id='line_1_19' title="bbox 124 1297 1457 1352; baseline -0.003 -11"><span class='ocrx_word' id='word_1_97' title='bbox 124 1299 368 1342; x_wconf 85' lang='lat' dir='ltr'>sentiebant</span> <span class='ocrx_word' id='word_1_98' title='bbox 397 1297 612 1352; x_wconf 80' lang='lat' dir='ltr'>principes</span> <span class='ocrx_word' id='word_1_99' title='bbox 645 1300 688 1338; x_wconf 91' lang='lat' dir='ltr'>et</span> <span class='ocrx_word' id='word_1_100' title='bbox 719 1297 764 1338; x_wconf 91' lang='lat' dir='ltr'>in</span> <span class='ocrx_word' id='word_1_101' title='bbox 795 1297 934 1338; x_wconf 88' lang='lat' dir='ltr'>salute</span> <span class='ocrx_word' id='word_1_102' title='bbox 967 1297 1257 1351; x_wconf 89' lang='lat' dir='ltr'>optumatium</span> <span class='ocrx_word' id='word_1_103' title='bbox 1288 1297 1457 1338; x_wconf 91' lang='lat' dir='ltr'>temeri-</span> 
     </span>
     <span class='ocr_line' id='line_1_20' title="bbox 124 1356 1456 1410; baseline -0.002 -10"><span class='ocrx_word' id='word_1_104' title='bbox 124 1361 259 1400; x_wconf 84' lang='lat' dir='ltr'>tatem</span> <span class='ocrx_word' id='word_1_105' title='bbox 279 1356 569 1398; x_wconf 70' lang='lat' dir='ltr'>multitudinis</span> <span class='ocrx_word' id='word_1_106' title='bbox 591 1358 634 1397; x_wconf 87' lang='lat' dir='ltr'>et</span> <span class='ocrx_word' id='word_1_107' title='bbox 650 1356 835 1397; x_wconf 87' lang='lat' dir='ltr'>tabellae</span> <span class='ocrx_word' id='word_1_108' title='bbox 849 1356 1069 1397; x_wconf 86' lang='lat' dir='ltr'>licentiam</span> <span class='ocrx_word' id='word_1_109' title='bbox 1082 1356 1456 1410; x_wconf 84' lang='lat' dir='ltr'>pertimescebant.</span> 
     </span>
     <span class='ocr_line' id='line_1_21' title="bbox 124 1414 1457 1472; baseline -0.002 -14"><span class='ocrx_word' id='word_1_110' title='bbox 124 1416 354 1472; x_wconf 84' lang='lat' dir='ltr'>Agrariam</span> <span class='ocrx_word' id='word_1_111' title='bbox 379 1415 442 1456; x_wconf 88' lang='lat' dir='ltr'>Ti.</span> <span class='ocrx_word' id='word_1_112' title='bbox 464 1414 682 1456; x_wconf 84' lang='lat' dir='ltr'>Gracchus</span> <span class='ocrx_word' id='word_1_113' title='bbox 707 1415 846 1470; x_wconf 87' lang='lat' dir='ltr'>legem</span> <span class='ocrx_word' id='word_1_114' title='bbox 872 1414 1048 1456; x_wconf 86' lang='lat' dir='ltr'>ferebat.</span> <span class='ocrx_word' id='word_1_115' title='bbox 1106 1414 1241 1456; x_wconf 88' lang='lat' dir='ltr'>Grata</span> <span class='ocrx_word' id='word_1_116' title='bbox 1267 1417 1360 1455; x_wconf 89' lang='lat' dir='ltr'>erat</span> <span class='ocrx_word' id='word_1_117' title='bbox 1384 1429 1457 1468; x_wconf 90' lang='lat' dir='ltr'>po-</span> 
     </span>
    </p>

    <p class='ocr_par' dir='ltr' id='par_1_12' title="bbox 72 1472 1457 1763">
     <span class='ocr_line' id='line_1_22' title="bbox 72 1472 1457 1530; baseline -0.003 -12"><span class='ocrx_word' id='word_1_118' title='bbox 72 1494 106 1519; x_wconf 79' lang='lat'>20</span> <span class='ocrx_word' id='word_1_119' title='bbox 124 1476 245 1530; x_wconf 63' lang='lat' dir='ltr'>pulog</span> <span class='ocrx_word' id='word_1_120' title='bbox 275 1474 473 1517; x_wconf 87' lang='lat' dir='ltr'>fortunae</span> <span class='ocrx_word' id='word_1_121' title='bbox 505 1474 713 1516; x_wconf 87' lang='lat' dir='ltr'>constitui</span> <span class='ocrx_word' id='word_1_122' title='bbox 738 1473 982 1514; x_wconf 87' lang='lat' dir='ltr'>tenuiorum</span> <span class='ocrx_word' id='word_1_123' title='bbox 1008 1473 1276 1515; x_wconf 83' lang='lat' dir='ltr'>videbantur.</span> <span class='ocrx_word' id='word_1_124' title='bbox 1336 1472 1457 1514; x_wconf 88' lang='lat' dir='ltr'>Nite-</span> 
     </span>
     <span class='ocr_line' id='line_1_23' title="bbox 125 1532 1457 1587; baseline -0.002 -12"><span class='ocrx_word' id='word_1_125' title='bbox 125 1535 282 1575; x_wconf 86' lang='lat' dir='ltr'>bantur</span> <span class='ocrx_word' id='word_1_126' title='bbox 313 1535 463 1575; x_wconf 87' lang='lat' dir='ltr'>contra</span> <span class='ocrx_word' id='word_1_127' title='bbox 495 1535 752 1587; x_wconf 74' lang='lat' dir='ltr'>optumates,</span> <span class='ocrx_word' id='word_1_128' title='bbox 785 1532 898 1586; x_wconf 90' lang='lat' dir='ltr'>quod</span> <span class='ocrx_word' id='word_1_129' title='bbox 926 1535 970 1574; x_wconf 91' lang='lat' dir='ltr'>et</span> <span class='ocrx_word' id='word_1_130' title='bbox 995 1532 1253 1574; x_wconf 89' lang='lat' dir='ltr'>discordiam</span> <span class='ocrx_word' id='word_1_131' title='bbox 1279 1532 1457 1574; x_wconf 80' lang='lat' dir='ltr'>excitari</span> 
     </span>
     <span class='ocr_line' id='line_1_24' title="bbox 125 1590 1456 1646; baseline -0.002 -13"><span class='ocrx_word' id='word_1_132' title='bbox 125 1592 328 1633; x_wconf 87' lang='lat' dir='ltr'>videbant</span> <span class='ocrx_word' id='word_1_133' title='bbox 364 1594 424 1646; x_wconf 90' lang='lat' dir='ltr'>et,</span> <span class='ocrx_word' id='word_1_134' title='bbox 461 1606 558 1633; x_wconf 89' lang='lat' dir='ltr'>cum</span> <span class='ocrx_word' id='word_1_135' title='bbox 594 1591 831 1645; x_wconf 87' lang='lat' dir='ltr'>locupletes</span> <span class='ocrx_word' id='word_1_136' title='bbox 865 1591 1210 1645; x_wconf 82' lang='lat' dir='ltr'>possessionibus</span> <span class='ocrx_word' id='word_1_137' title='bbox 1243 1590 1456 1632; x_wconf 80' lang='lat' dir='ltr'>diuturnis</span> 
     </span>
     <span class='ocr_line' id='line_1_25' title="bbox 126 1649 1453 1705; baseline -0.002 -13"><span class='ocrx_word' id='word_1_138' title='bbox 126 1653 409 1704; x_wconf 80' lang='lat' dir='ltr'>moverentur,</span> <span class='ocrx_word' id='word_1_139' title='bbox 423 1649 599 1703; x_wconf 89' lang='lat' dir='ltr'>spoliari</span> <span class='ocrx_word' id='word_1_140' title='bbox 611 1664 700 1691; x_wconf 87' lang='lat' dir='ltr'>rem</span> <span class='ocrx_word' id='word_1_141' title='bbox 710 1649 927 1703; x_wconf 89' lang='lat' dir='ltr'>publicam</span> <span class='ocrx_word' id='word_1_142' title='bbox 938 1650 1332 1705; x_wconf 82' lang='lat' dir='ltr'>propugnatoribus</span> <span class='ocrx_word' id='word_1_143' title='bbox 1345 1649 1453 1690; x_wconf 91' lang='lat' dir='ltr'>arbi-</span> 
     </span>
     <span class='ocr_line' id='line_1_26' title="bbox 127 1707 1457 1763; baseline -0.002 -12"><span class='ocrx_word' id='word_1_144' title='bbox 127 1709 364 1751; x_wconf 89' lang='lat' dir='ltr'>trabantur.</span> <span class='ocrx_word' id='word_1_145' title='bbox 424 1708 768 1749; x_wconf 88' lang='lat' dir='ltr'>Frumentariam</span> <span class='ocrx_word' id='word_1_146' title='bbox 797 1708 936 1763; x_wconf 88' lang='lat' dir='ltr'>legem</span> <span class='ocrx_word' id='word_1_147' title='bbox 962 1707 1006 1749; x_wconf 83' lang='lat' dir='ltr'>C.</span> <span class='ocrx_word' id='word_1_148' title='bbox 1034 1707 1253 1750; x_wconf 85' lang='lat' dir='ltr'>Gracchus</span> <span class='ocrx_word' id='word_1_149' title='bbox 1279 1708 1457 1750; x_wconf 85' lang='lat' dir='ltr'>ferebat.</span> 
     </span>
    </p>

    <p class='ocr_par' dir='ltr' id='par_1_13' title="bbox 74 1766 1459 1985">
     <span class='ocr_line' id='line_1_27' title="bbox 74 1766 1457 1821; baseline -0.003 -10"><span class='ocrx_word' id='word_1_150' title='bbox 74 1786 107 1811; x_wconf 80' lang='lat'>25</span> <span class='ocrx_word' id='word_1_151' title='bbox 127 1767 316 1810; x_wconf 85' lang='lat' dir='ltr'>Iucunda</span> <span class='ocrx_word' id='word_1_152' title='bbox 347 1780 414 1808; x_wconf 85' lang='lat' dir='ltr'>res</span> <span class='ocrx_word' id='word_1_153' title='bbox 446 1766 604 1820; x_wconf 70' lang='lat' dir='ltr'>plebei,</span> <span class='ocrx_word' id='word_1_154' title='bbox 634 1766 773 1808; x_wconf 88' lang='lat' dir='ltr'>victus</span> <span class='ocrx_word' id='word_1_155' title='bbox 806 1767 919 1807; x_wconf 89' lang='lat' dir='ltr'>enim</span> <span class='ocrx_word' id='word_1_156' title='bbox 950 1767 1308 1820; x_wconf 90' lang='lat' dir='ltr'>suppeditabatur</span> <span class='ocrx_word' id='word_1_157' title='bbox 1338 1767 1457 1821; x_wconf 89' lang='lat' dir='ltr'>large</span> 
     </span>
     <span class='ocr_line' id='line_1_28' title="bbox 128 1824 1459 1879; baseline -0.002 -11"><span class='ocrx_word' id='word_1_158' title='bbox 128 1828 217 1869; x_wconf 89' lang='lat' dir='ltr'>sine</span> <span class='ocrx_word' id='word_1_159' title='bbox 249 1825 406 1867; x_wconf 89' lang='lat' dir='ltr'>labore.</span> <span class='ocrx_word' id='word_1_160' title='bbox 467 1824 784 1879; x_wconf 85' lang='lat' dir='ltr'>Repugnabant</span> <span class='ocrx_word' id='word_1_161' title='bbox 812 1825 927 1878; x_wconf 90' lang='lat' dir='ltr'>boni,</span> <span class='ocrx_word' id='word_1_162' title='bbox 959 1825 1072 1878; x_wconf 92' lang='lat' dir='ltr'>quod</span> <span class='ocrx_word' id='word_1_163' title='bbox 1098 1827 1142 1865; x_wconf 90' lang='lat' dir='ltr'>et</span> <span class='ocrx_word' id='word_1_164' title='bbox 1167 1825 1219 1865; x_wconf 90' lang='lat' dir='ltr'>ab</span> <span class='ocrx_word' id='word_1_165' title='bbox 1246 1825 1459 1866; x_wconf 87' lang='lat' dir='ltr'>industria</span> 
     </span>
     <span class='ocr_line' id='line_1_29' title="bbox 127 1883 1459 1939; baseline -0.001 -13"><span class='ocrx_word' id='word_1_166' title='bbox 127 1885 296 1939; x_wconf 87' lang='lat' dir='ltr'>plebem</span> <span class='ocrx_word' id='word_1_167' title='bbox 328 1884 380 1925; x_wconf 88' lang='lat' dir='ltr'>ad</span> <span class='ocrx_word' id='word_1_168' title='bbox 412 1883 618 1925; x_wconf 85' lang='lat' dir='ltr'>desidiam</span> <span class='ocrx_word' id='word_1_169' title='bbox 648 1883 818 1924; x_wconf 85' lang='lat' dir='ltr'>avocari</span> <span class='ocrx_word' id='word_1_170' title='bbox 846 1883 1059 1937; x_wconf 89' lang='lat' dir='ltr'>putabant</span> <span class='ocrx_word' id='word_1_171' title='bbox 1085 1886 1128 1924; x_wconf 90' lang='lat' dir='ltr'>et</span> <span class='ocrx_word' id='word_1_172' title='bbox 1154 1883 1366 1924; x_wconf 87' lang='lat' dir='ltr'>aerarium</span> <span class='ocrx_word' id='word_1_173' title='bbox 1392 1898 1459 1925; x_wconf 85' lang='lat' dir='ltr'>ex-</span> 
     </span>
     <span class='ocr_line' id='line_1_30' title="bbox 127 1942 535 1985; baseline -0.007 0"><span class='ocrx_word' id='word_1_174' title='bbox 127 1943 290 1985; x_wconf 87' lang='lat' dir='ltr'>hauriri</span> <span class='ocrx_word' id='word_1_175' title='bbox 321 1942 535 1983; x_wconf 86' lang='lat' dir='ltr'>videbant.</span> 
     </span>
    </p>

    <p class='ocr_par' dir='ltr' id='par_1_14' title="bbox 215 1992 1540 2055">
     <span class='ocr_line' id='line_1_31' title="bbox 215 1992 1540 2055; baseline 0 -13"><span class='ocrx_word' id='word_1_176' title='bbox 215 2001 355 2042; x_wconf 87' lang='lat' dir='ltr'>Multa</span> <span class='ocrx_word' id='word_1_177' title='bbox 366 2001 496 2042; x_wconf 88' lang='lat' dir='ltr'>etiam</span> <span class='ocrx_word' id='word_1_178' title='bbox 506 2002 656 2041; x_wconf 89' lang='lat' dir='ltr'>nostra</span> <span class='ocrx_word' id='word_1_179' title='bbox 666 2000 882 2054; x_wconf 85' lang='lat' dir='ltr'>memoria,</span> <span class='ocrx_word' id='word_1_180' title='bbox 898 2014 1004 2055; x_wconf 89' lang='lat' dir='ltr'>quae</span> <span class='ocrx_word' id='word_1_181' title='bbox 1017 2000 1213 2042; x_wconf 82' lang='lat' dir='ltr'>consulto</span> <span class='ocrx_word' id='word_1_182' title='bbox 1224 2003 1458 2055; x_wconf 83' lang='lat' dir='ltr'>praetereo,</span> <span class='ocrx_word' id='word_1_183' title='bbox 1484 1992 1540 2033; x_wconf 82' lang='lat'>49</span> 
     </span>
    </p>

    <p class='ocr_par' dir='ltr' id='par_1_15' title="bbox 75 2049 1572 2348">
     <span class='ocr_line' id='line_1_32' title="bbox 75 2049 1572 2114; baseline -0.001 -11"><span class='ocrx_word' id='word_1_184' title='bbox 75 2076 111 2104; x_wconf 83' lang='lat'>30</span> <span class='ocrx_word' id='word_1_185' title='bbox 128 2060 301 2102; x_wconf 77' lang='lat' dir='ltr'>fuerunt</span> <span class='ocrx_word' id='word_1_186' title='bbox 338 2060 383 2100; x_wconf 90' lang='lat' dir='ltr'>in</span> <span class='ocrx_word' id='word_1_187' title='bbox 420 2074 469 2100; x_wconf 89' lang='lat' dir='ltr'>ea</span> <span class='ocrx_word' id='word_1_188' title='bbox 506 2059 797 2112; x_wconf 80' lang='lat' dir='ltr'>contentione,</span> <span class='ocrx_word' id='word_1_189' title='bbox 838 2062 887 2100; x_wconf 92' lang='lat' dir='ltr'>ut</span> <span class='ocrx_word' id='word_1_190' title='bbox 926 2059 1146 2114; x_wconf 90' lang='lat' dir='ltr'>popularis</span> <span class='ocrx_word' id='word_1_191' title='bbox 1184 2059 1396 2114; x_wconf 85' lang='lat' dir='ltr'>cupiditas</span> <span class='ocrx_word' id='word_1_192' title='bbox 1434 2049 1572 2102; x_wconf 70' lang='lat' dir='ltr'>a(¹⁰4)</span> 
     </span>
     <span class='ocr_line' id='line_1_33' title="bbox 130 2117 1541 2172; baseline 0 -12"><span class='ocrx_word' id='word_1_193' title='bbox 130 2119 308 2161; x_wconf 89' lang='lat' dir='ltr'>consilio</span> <span class='ocrx_word' id='word_1_194' title='bbox 351 2118 594 2172; x_wconf 90' lang='lat' dir='ltr'>principum</span> <span class='ocrx_word' id='word_1_195' title='bbox 632 2117 868 2158; x_wconf 85' lang='lat' dir='ltr'>dissideret.</span> <span class='ocrx_word' id='word_1_196' title='bbox 942 2117 1069 2159; x_wconf 89' lang='lat' dir='ltr'>Nunc</span> <span class='ocrx_word' id='word_1_197' title='bbox 1105 2118 1192 2158; x_wconf 86' lang='lat' dir='ltr'>iam</span> <span class='ocrx_word' id='word_1_198' title='bbox 1228 2118 1336 2159; x_wconf 87' lang='lat' dir='ltr'>nihil</span> <span class='ocrx_word' id='word_1_199' title='bbox 1381 2121 1458 2172; x_wconf 87' lang='lat' dir='ltr'>est,</span> <span class='ocrx_word' id='word_1_200' title='bbox 1474 2134 1541 2165; x_wconf 74' lang='lat'>104</span> 
     </span>
     <span class='ocr_line' id='line_1_34' title="bbox 131 2176 1460 2232; baseline 0 -14"><span class='ocrx_word' id='word_1_201' title='bbox 131 2178 242 2232; x_wconf 87' lang='lat' dir='ltr'>quod</span> <span class='ocrx_word' id='word_1_202' title='bbox 273 2177 457 2231; x_wconf 89' lang='lat' dir='ltr'>populus</span> <span class='ocrx_word' id='word_1_203' title='bbox 484 2191 508 2217; x_wconf 90' lang='lat' dir='ltr'>a</span> <span class='ocrx_word' id='word_1_204' title='bbox 534 2176 708 2217; x_wconf 90' lang='lat' dir='ltr'>delectis</span> <span class='ocrx_word' id='word_1_205' title='bbox 734 2176 1085 2231; x_wconf 88' lang='lat' dir='ltr'>principibusque</span> <span class='ocrx_word' id='word_1_206' title='bbox 1112 2176 1350 2231; x_wconf 82' lang='lat' dir='ltr'>dissentiat,</span> <span class='ocrx_word' id='word_1_207' title='bbox 1380 2192 1460 2218; x_wconf 87' lang='lat' dir='ltr'>nec</span> 
     </span>
     <span class='ocr_line' id='line_1_35' title="bbox 130 2235 1460 2290; baseline 0 -13"><span class='ocrx_word' id='word_1_208' title='bbox 130 2236 300 2290; x_wconf 84' lang='lat' dir='ltr'>flagitat</span> <span class='ocrx_word' id='word_1_209' title='bbox 343 2250 433 2276; x_wconf 90' lang='lat' dir='ltr'>rem</span> <span class='ocrx_word' id='word_1_210' title='bbox 470 2236 603 2276; x_wconf 88' lang='lat' dir='ltr'>ullam</span> <span class='ocrx_word' id='word_1_211' title='bbox 641 2248 778 2288; x_wconf 88' lang='lat' dir='ltr'>neque</span> <span class='ocrx_word' id='word_1_212' title='bbox 814 2249 1023 2276; x_wconf 86' lang='lat' dir='ltr'>novarum</span> <span class='ocrx_word' id='word_1_213' title='bbox 1060 2249 1203 2276; x_wconf 88' lang='lat' dir='ltr'>rerum</span> <span class='ocrx_word' id='word_1_214' title='bbox 1241 2238 1307 2277; x_wconf 87' lang='lat' dir='ltr'>est</span> <span class='ocrx_word' id='word_1_215' title='bbox 1346 2235 1460 2290; x_wconf 87' lang='lat' dir='ltr'>cupi-</span> 
     </span>
     <span class='ocr_line' id='line_1_36' title="bbox 129 2293 1462 2348; baseline 0.001 -13"><span class='ocrx_word' id='word_1_216' title='bbox 129 2294 208 2335; x_wconf 91' lang='lat' dir='ltr'>dus</span> <span class='ocrx_word' id='word_1_217' title='bbox 245 2297 289 2335; x_wconf 86' lang='lat' dir='ltr'>et</span> <span class='ocrx_word' id='word_1_218' title='bbox 326 2294 415 2335; x_wconf 87' lang='lat' dir='ltr'>otio</span> <span class='ocrx_word' id='word_1_219' title='bbox 448 2308 524 2335; x_wconf 92' lang='lat' dir='ltr'>suo</span> <span class='ocrx_word' id='word_1_220' title='bbox 557 2296 600 2334; x_wconf 90' lang='lat' dir='ltr'>et</span> <span class='ocrx_word' id='word_1_221' title='bbox 631 2293 841 2348; x_wconf 85' lang='lat' dir='ltr'>dignitate</span> <span class='ocrx_word' id='word_1_222' title='bbox 874 2293 1028 2348; x_wconf 90' lang='lat' dir='ltr'>optimi</span> <span class='ocrx_word' id='word_1_223' title='bbox 1060 2293 1263 2348; x_wconf 85' lang='lat' dir='ltr'>cuiusque</span> <span class='ocrx_word' id='word_1_224' title='bbox 1296 2296 1339 2336; x_wconf 88' lang='lat' dir='ltr'>et</span> <span class='ocrx_word' id='word_1_225' title='bbox 1370 2295 1462 2336; x_wconf 85' lang='lat' dir='ltr'>uni-</span> 
     </span>
    </p>
   </div>
  </div>
 </body>
</html>
