<?xml version="1.0" encoding="UTF-8"?>
<!DOCTYPE html PUBLIC "-//W3C//DTD XHTML 1.0 Transitional//EN"
    "http://www.w3.org/TR/xhtml1/DTD/xhtml1-transitional.dtd">
<html xmlns="http://www.w3.org/1999/xhtml" xml:lang="en" lang="en">
 <head>
  <title>
</title>
<meta http-equiv="Content-Type" content="text/html;charset=utf-8" />
  <meta name='ocr-system' content='tesseract 3.04.00' />
  <meta name='ocr-capabilities' content='ocr_page ocr_carea ocr_par ocr_line ocrx_word'/>
</head>
<body>
  <div class='ocr_page' id='page_1' title='image "./p3scriptaquaemanse02ciceuoft_0532.png"; bbox 0 0 1671 2543; ppageno 0'>
   <div class='ocr_carea' id='block_1_1' title="bbox 194 90 1362 135">
    <p class='ocr_par' dir='ltr' id='par_1_1' title="bbox 194 90 1362 135">
     <span class='ocr_line' id='line_1_1' title="bbox 194 90 1362 135; baseline 0 -8"><span class='ocrx_word' id='word_1_1' title='bbox 194 94 281 135; x_wconf 84' lang='lat'>380</span> <span class='ocrx_word' id='word_1_2' title='bbox 375 92 428 127; x_wconf 88' lang='lat' dir='ltr'>IN</span> <span class='ocrx_word' id='word_1_3' title='bbox 453 92 503 127; x_wconf 87' lang='lat' dir='ltr'>M.</span> <span class='ocrx_word' id='word_1_4' title='bbox 530 90 793 127; x_wconf 85' lang='lat' dir='ltr'>ANTONIUM</span> <span class='ocrx_word' id='word_1_5' title='bbox 817 90 995 126; x_wconf 80' lang='lat' dir='ltr'><strong>ORATIO</strong></span> <span class='ocrx_word' id='word_1_6' title='bbox 1021 90 1294 126; x_wconf 87' lang='lat' dir='ltr'>PHILIPPICA</span> <span class='ocrx_word' id='word_1_7' title='bbox 1318 91 1362 127; x_wconf 92' lang='grc' dir='ltr'>ΙΙ.</span> 
     </span>
    </p>
   </div>
   <div class='ocr_carea' id='block_1_2' title="bbox 131 198 1594 2358">
    <p class='ocr_par' dir='ltr' id='par_1_2' title="bbox 155 198 1542 431">
     <span class='ocr_line' id='line_1_2' title="bbox 155 198 1542 256; baseline -0.001 -13"><span class='ocrx_word' id='word_1_8' title='bbox 155 208 178 248; x_wconf 83' lang='grc'>7</span> <span class='ocrx_word' id='word_1_9' title='bbox 194 201 464 256; x_wconf 90' lang='lat' dir='ltr'>perniciosus</span> <span class='ocrx_word' id='word_1_10' title='bbox 491 214 622 241; x_wconf 89' lang='lat' dir='ltr'>meus.</span> <span class='ocrx_word' id='word_1_11' title='bbox 661 199 837 240; x_wconf 83' lang='lat' dir='ltr'>Adeone</span> <span class='ocrx_word' id='word_1_12' title='bbox 862 199 1069 253; x_wconf 90' lang='lat' dir='ltr'>pudorem</span> <span class='ocrx_word' id='word_1_13' title='bbox 1096 213 1193 240; x_wconf 91' lang='lat' dir='ltr'>cum</span> <span class='ocrx_word' id='word_1_14' title='bbox 1218 198 1427 253; x_wconf 81' lang='lat' dir='ltr'>pudicitia</span> <span class='ocrx_word' id='word_1_15' title='bbox 1449 213 1542 254; x_wconf 90' lang='lat' dir='ltr'>per-</span> 
     </span>
     <span class='ocr_line' id='line_1_3' title="bbox 194 257 1540 314; baseline -0.001 -13"><span class='ocrx_word' id='word_1_16' title='bbox 194 259 355 314; x_wconf 87' lang='lat' dir='ltr'>didisti,</span> <span class='ocrx_word' id='word_1_17' title='bbox 389 261 439 300; x_wconf 90' lang='lat' dir='ltr'>ut</span> <span class='ocrx_word' id='word_1_18' title='bbox 469 258 552 300; x_wconf 92' lang='lat' dir='ltr'>hoc</span> <span class='ocrx_word' id='word_1_19' title='bbox 584 258 629 299; x_wconf 90' lang='lat' dir='ltr'>in</span> <span class='ocrx_word' id='word_1_20' title='bbox 660 272 709 299; x_wconf 93' lang='lat' dir='ltr'>eo</span> <span class='ocrx_word' id='word_1_21' title='bbox 742 257 906 312; x_wconf 91' lang='lat' dir='ltr'>templo</span> <span class='ocrx_word' id='word_1_22' title='bbox 938 257 1078 299; x_wconf 81' lang='lat' dir='ltr'>dicere</span> <span class='ocrx_word' id='word_1_23' title='bbox 1112 271 1241 299; x_wconf 90' lang='lat' dir='ltr'>ausus</span> <span class='ocrx_word' id='word_1_24' title='bbox 1274 257 1347 312; x_wconf 87' lang='lat' dir='ltr'>sis,</span> <span class='ocrx_word' id='word_1_25' title='bbox 1377 258 1423 299; x_wconf 89' lang='lat' dir='ltr'>in</span> <span class='ocrx_word' id='word_1_26' title='bbox 1455 271 1540 312; x_wconf 92' lang='lat' dir='ltr'>quo</span> 
     </span>
     <span class='ocr_line' id='line_1_4' title="bbox 193 315 1535 374; baseline -0.001 -14"><span class='ocrx_word' id='word_1_27' title='bbox 193 332 274 374; x_wconf 85' lang='lat' dir='ltr'>ego</span> <span class='ocrx_word' id='word_1_28' title='bbox 300 320 498 359; x_wconf 88' lang='lat' dir='ltr'>senatum</span> <span class='ocrx_word' id='word_1_29' title='bbox 523 316 659 369; x_wconf 91' lang='lat' dir='ltr'>illum,</span> <span class='ocrx_word' id='word_1_30' title='bbox 686 316 760 370; x_wconf 89' lang='lat' dir='ltr'>qui</span> <span class='ocrx_word' id='word_1_31' title='bbox 786 315 1001 371; x_wconf 89' lang='lat' dir='ltr'>quondam</span> <span class='ocrx_word' id='word_1_32' title='bbox 1027 316 1184 357; x_wconf 88' lang='lat' dir='ltr'>florens</span> <span class='ocrx_word' id='word_1_33' title='bbox 1206 316 1301 358; x_wconf 87' lang='lat' dir='ltr'>orbi</span> <span class='ocrx_word' id='word_1_34' title='bbox 1321 319 1535 358; x_wconf 88' lang='lat' dir='ltr'>terrarum</span> 
     </span>
     <span class='ocr_line' id='line_1_5' title="bbox 192 374 1539 431; baseline -0.001 -13"><span class='ocrx_word' id='word_1_35' title='bbox 192 377 479 431; x_wconf 71' lang='lat' dir='ltr'>praesidebat,</span> <span class='ocrx_word' id='word_1_36' title='bbox 507 375 797 429; x_wconf 83' lang='lat' dir='ltr'>consulebam,</span> <span class='ocrx_word' id='word_1_37' title='bbox 816 377 865 416; x_wconf 89' lang='lat' dir='ltr'>tu</span> <span class='ocrx_word' id='word_1_38' title='bbox 884 374 1082 416; x_wconf 89' lang='lat' dir='ltr'>homines</span> <span class='ocrx_word' id='word_1_39' title='bbox 1102 375 1421 428; x_wconf 81' lang='lat' dir='ltr'>perditissimos</span> <span class='ocrx_word' id='word_1_40' title='bbox 1442 389 1539 416; x_wconf 89' lang='lat' dir='ltr'>cum</span> 
     </span>
    </p>

    <p class='ocr_par' dir='ltr' id='par_1_3' title="bbox 137 431 1594 1074">
     <span class='ocr_line' id='line_1_6' title="bbox 137 431 1591 490; baseline -0.004 -9"><span class='ocrx_word' id='word_1_41' title='bbox 137 449 178 480; x_wconf 81' lang='grc'>16</span> <span class='ocrx_word' id='word_1_42' title='bbox 193 435 349 490; x_wconf 84' lang='lat' dir='ltr'>gladiis</span> <span class='ocrx_word' id='word_1_43' title='bbox 383 433 693 476; x_wconf 82' lang='lat' dir='ltr'>conlocavisti‘?</span> <span class='ocrx_word' id='word_1_44' title='bbox 746 433 808 474; x_wconf 90' lang='lat' dir='ltr'>At</span> <span class='ocrx_word' id='word_1_45' title='bbox 839 433 971 474; x_wconf 90' lang='lat' dir='ltr'>etiam</span> <span class='ocrx_word' id='word_1_46' title='bbox 1004 447 1133 474; x_wconf 89' lang='lat' dir='ltr'>ausus</span> <span class='ocrx_word' id='word_1_47' title='bbox 1166 447 1210 474; x_wconf 90' lang='lat' dir='ltr'>es</span> <span class='ocrx_word' id='word_1_48' title='bbox 1245 431 1366 489; x_wconf 89' lang='lat' dir='ltr'>(quid</span> <span class='ocrx_word' id='word_1_49' title='bbox 1392 436 1538 475; x_wconf 89' lang='lat' dir='ltr'>autem</span> <span class='ocrx_word' id='word_1_50' title='bbox 1575 449 1591 475; x_wconf 82' lang='lat'><strong>5</strong></span> 
     </span>
     <span class='ocr_line' id='line_1_7' title="bbox 194 490 1539 547; baseline -0.001 -12"><span class='ocrx_word' id='word_1_51' title='bbox 194 497 272 547; x_wconf 87' lang='lat' dir='ltr'>est,</span> <span class='ocrx_word' id='word_1_52' title='bbox 305 493 418 547; x_wconf 88' lang='lat' dir='ltr'>quod</span> <span class='ocrx_word' id='word_1_53' title='bbox 451 495 498 534; x_wconf 90' lang='lat' dir='ltr'>tu</span> <span class='ocrx_word' id='word_1_54' title='bbox 529 506 619 534; x_wconf 92' lang='lat' dir='ltr'>non</span> <span class='ocrx_word' id='word_1_55' title='bbox 650 492 806 534; x_wconf 87' lang='lat' dir='ltr'>audeas</span> <span class='ocrx_word' id='word_1_56' title='bbox 818 490 858 546; x_wconf 85' lang='lat'>‘?)</span> <span class='ocrx_word' id='word_1_57' title='bbox 892 491 1051 534; x_wconf 87' lang='lat' dir='ltr'>clivum</span> <span class='ocrx_word' id='word_1_58' title='bbox 1078 490 1373 546; x_wconf 88' lang='lat' dir='ltr'>Capitolinum</span> <span class='ocrx_word' id='word_1_59' title='bbox 1399 492 1539 534; x_wconf 85' lang='lat' dir='ltr'>dicere</span> 
     </span>
     <span class='ocr_line' id='line_1_8' title="bbox 192 549 1541 605; baseline -0.001 -12"><span class='ocrx_word' id='word_1_60' title='bbox 192 566 260 593; x_wconf 91' lang='lat' dir='ltr'>me</span> <span class='ocrx_word' id='word_1_61' title='bbox 302 551 476 593; x_wconf 89' lang='lat' dir='ltr'>consule</span> <span class='ocrx_word' id='word_1_62' title='bbox 511 551 687 605; x_wconf 89' lang='lat' dir='ltr'>plenum</span> <span class='ocrx_word' id='word_1_63' title='bbox 719 564 941 592; x_wconf 84' lang='lat' dir='ltr'>servorum</span> <span class='ocrx_word' id='word_1_64' title='bbox 973 553 1239 592; x_wconf 84' lang='lat' dir='ltr'>armatorum</span> <span class='ocrx_word' id='word_1_65' title='bbox 1270 550 1415 592; x_wconf 84' lang='lat' dir='ltr'>fuisse.</span> <span class='ocrx_word' id='word_1_66' title='bbox 1477 549 1541 592; x_wconf 93' lang='lat' dir='ltr'>Ut</span> 
     </span>
     <span class='ocr_line' id='line_1_9' title="bbox 193 608 1539 664; baseline -0.001 -13"><span class='ocrx_word' id='word_1_67' title='bbox 193 611 287 664; x_wconf 89' lang='lat' dir='ltr'>illa,</span> <span class='ocrx_word' id='word_1_68' title='bbox 325 610 468 663; x_wconf 90' lang='lat' dir='ltr'>credo,</span> <span class='ocrx_word' id='word_1_69' title='bbox 504 608 672 650; x_wconf 84' lang='lat' dir='ltr'>nefaria</span> <span class='ocrx_word' id='word_1_70' title='bbox 704 612 878 651; x_wconf 89' lang='lat' dir='ltr'>senatus</span> <span class='ocrx_word' id='word_1_71' title='bbox 913 609 1109 650; x_wconf 89' lang='lat' dir='ltr'>consulta</span> <span class='ocrx_word' id='word_1_72' title='bbox 1140 609 1311 660; x_wconf 86' lang='lat' dir='ltr'>fierent,</span> <span class='ocrx_word' id='word_1_73' title='bbox 1349 609 1438 651; x_wconf 85' lang='lat' dir='ltr'>vim</span> <span class='ocrx_word' id='word_1_74' title='bbox 1470 609 1539 650; x_wconf 88' lang='lat' dir='ltr'>ad-</span> 
     </span>
     <span class='ocr_line' id='line_1_10' title="bbox 192 667 1540 721; baseline 0 -11"><span class='ocrx_word' id='word_1_75' title='bbox 192 669 384 710; x_wconf 86' lang='lat' dir='ltr'>ferebam</span> <span class='ocrx_word' id='word_1_76' title='bbox 427 668 608 710; x_wconf 90' lang='lat' dir='ltr'>senatui.</span> <span class='ocrx_word' id='word_1_77' title='bbox 678 667 713 709; x_wconf 92' lang='lat' dir='ltr'>O</span> <span class='ocrx_word' id='word_1_78' title='bbox 753 667 901 721; x_wconf 91' lang='lat' dir='ltr'>miser,</span> <span class='ocrx_word' id='word_1_79' title='bbox 949 668 1037 709; x_wconf 84' lang='lat' dir='ltr'>sive</span> <span class='ocrx_word' id='word_1_80' title='bbox 1075 668 1151 708; x_wconf 90' lang='lat' dir='ltr'>illa</span> <span class='ocrx_word' id='word_1_81' title='bbox 1188 667 1270 709; x_wconf 91' lang='lat' dir='ltr'>tibi</span> <span class='ocrx_word' id='word_1_82' title='bbox 1310 671 1416 710; x_wconf 88' lang='lat' dir='ltr'>nota</span> <span class='ocrx_word' id='word_1_83' title='bbox 1451 683 1540 710; x_wconf 93' lang='lat' dir='ltr'>non</span> 
     </span>
     <span class='ocr_line' id='line_1_11' title="bbox 192 723 1594 783; baseline 0 -14"><span class='ocrx_word' id='word_1_84' title='bbox 192 730 292 769; x_wconf 91' lang='lat' dir='ltr'>sunt</span> <span class='ocrx_word' id='word_1_85' title='bbox 323 726 451 783; x_wconf 86' lang='lat' dir='ltr'>(nihil</span> <span class='ocrx_word' id='word_1_86' title='bbox 483 727 598 768; x_wconf 88' lang='lat' dir='ltr'>enim</span> <span class='ocrx_word' id='word_1_87' title='bbox 629 726 733 768; x_wconf 84' lang='lat' dir='ltr'>bom‘</span> <span class='ocrx_word' id='word_1_88' title='bbox 764 723 900 782; x_wconf 87' lang='lat' dir='ltr'>nosti)</span> <span class='ocrx_word' id='word_1_89' title='bbox 935 726 1023 768; x_wconf 83' lang='lat' dir='ltr'>sive</span> <span class='ocrx_word' id='word_1_90' title='bbox 1049 730 1162 780; x_wconf 88' lang='lat' dir='ltr'>sunt,</span> <span class='ocrx_word' id='word_1_91' title='bbox 1196 727 1269 780; x_wconf 90' lang='lat' dir='ltr'>qui</span> <span class='ocrx_word' id='word_1_92' title='bbox 1296 727 1407 781; x_wconf 90' lang='lat' dir='ltr'>apud</span> <span class='ocrx_word' id='word_1_93' title='bbox 1435 726 1537 768; x_wconf 91' lang='lat' dir='ltr'>talis</span> <span class='ocrx_word' id='word_1_94' title='bbox 1559 743 1594 769; x_wconf 82' lang='grc' dir='ltr'>ιο</span> 
     </span>
     <span class='ocr_line' id='line_1_12' title="bbox 191 784 1539 840; baseline 0 -13"><span class='ocrx_word' id='word_1_95' title='bbox 191 786 306 828; x_wconf 84' lang='lat' dir='ltr'>viros</span> <span class='ocrx_word' id='word_1_96' title='bbox 339 788 431 827; x_wconf 88' lang='lat' dir='ltr'>tam</span> <span class='ocrx_word' id='word_1_97' title='bbox 463 785 734 840; x_wconf 89' lang='lat' dir='ltr'>impudenter</span> <span class='ocrx_word' id='word_1_98' title='bbox 765 785 960 839; x_wconf 88' lang='lat' dir='ltr'>loquare!</span> <span class='ocrx_word' id='word_1_99' title='bbox 1014 784 1119 834; x_wconf 84' lang='lat' dir='ltr'>Quis</span> <span class='ocrx_word' id='word_1_100' title='bbox 1153 785 1267 826; x_wconf 90' lang='lat' dir='ltr'>enim</span> <span class='ocrx_word' id='word_1_101' title='bbox 1300 799 1429 840; x_wconf 89' lang='lat' dir='ltr'>eques</span> <span class='ocrx_word' id='word_1_102' title='bbox 1455 785 1539 827; x_wconf 83' lang='lat' dir='ltr'>Ro-</span> 
     </span>
     <span class='ocr_line' id='line_1_13' title="bbox 191 843 1536 899; baseline 0 -13"><span class='ocrx_word' id='word_1_103' title='bbox 191 859 356 899; x_wconf 89' lang='lat' dir='ltr'>manus,</span> <span class='ocrx_word' id='word_1_104' title='bbox 389 844 484 899; x_wconf 89' lang='lat' dir='ltr'>quis</span> <span class='ocrx_word' id='word_1_105' title='bbox 516 847 688 898; x_wconf 89' lang='lat' dir='ltr'>praeter</span> <span class='ocrx_word' id='word_1_106' title='bbox 720 846 762 884; x_wconf 88' lang='lat' dir='ltr'>te</span> <span class='ocrx_word' id='word_1_107' title='bbox 796 843 1045 885; x_wconf 89' lang='lat' dir='ltr'>adulescens</span> <span class='ocrx_word' id='word_1_108' title='bbox 1074 844 1247 897; x_wconf 91' lang='lat' dir='ltr'>nobilis,</span> <span class='ocrx_word' id='word_1_109' title='bbox 1280 844 1376 898; x_wconf 91' lang='lat' dir='ltr'>quis</span> <span class='ocrx_word' id='word_1_110' title='bbox 1405 843 1536 886; x_wconf 78' lang='lat' dir='ltr'>ullius</span> 
     </span>
     <span class='ocr_line' id='line_1_14' title="bbox 191 902 1537 957; baseline -0.001 -12"><span class='ocrx_word' id='word_1_111' title='bbox 191 903 372 957; x_wconf 83' lang='lat' dir='ltr'>ordinis,</span> <span class='ocrx_word' id='word_1_112' title='bbox 411 903 485 957; x_wconf 90' lang='lat' dir='ltr'>qui</span> <span class='ocrx_word' id='word_1_113' title='bbox 523 917 567 944; x_wconf 92' lang='lat' dir='ltr'>se</span> <span class='ocrx_word' id='word_1_114' title='bbox 608 902 745 949; x_wconf 86' lang='lat' dir='ltr'>civem</span> <span class='ocrx_word' id='word_1_115' title='bbox 782 916 875 944; x_wconf 91' lang='lat' dir='ltr'>esse</span> <span class='ocrx_word' id='word_1_116' title='bbox 907 902 1194 956; x_wconf 78' lang='lat' dir='ltr'>meminisset,</span> <span class='ocrx_word' id='word_1_117' title='bbox 1233 917 1330 944; x_wconf 90' lang='lat' dir='ltr'>cum</span> <span class='ocrx_word' id='word_1_118' title='bbox 1362 906 1537 944; x_wconf 89' lang='lat' dir='ltr'>senatus</span> 
     </span>
     <span class='ocr_line' id='line_1_15' title="bbox 190 959 1537 1016; baseline 0 -13"><span class='ocrx_word' id='word_1_119' title='bbox 190 962 236 1003; x_wconf 96' lang='lat' dir='ltr'>in</span> <span class='ocrx_word' id='word_1_120' title='bbox 263 962 346 1003; x_wconf 94' lang='grc'>1100</span> <span class='ocrx_word' id='word_1_121' title='bbox 375 962 538 1016; x_wconf 91' lang='lat' dir='ltr'>templo</span> <span class='ocrx_word' id='word_1_122' title='bbox 566 964 692 1013; x_wconf 90' lang='lat' dir='ltr'>esset,</span> <span class='ocrx_word' id='word_1_123' title='bbox 724 961 769 1002; x_wconf 90' lang='lat' dir='ltr'>in</span> <span class='ocrx_word' id='word_1_124' title='bbox 795 961 905 1002; x_wconf 84' lang='lat' dir='ltr'>clivo</span> <span class='ocrx_word' id='word_1_125' title='bbox 934 959 1180 1015; x_wconf 83' lang='lat' dir='ltr'>Capitolino</span> <span class='ocrx_word' id='word_1_126' title='bbox 1206 975 1294 1002; x_wconf 92' lang='lat' dir='ltr'>non</span> <span class='ocrx_word' id='word_1_127' title='bbox 1312 960 1409 1015; x_wconf 90' lang='lat' dir='ltr'>fuit,</span> <span class='ocrx_word' id='word_1_128' title='bbox 1441 962 1537 1016; x_wconf 91' lang='lat' dir='ltr'>quis</span> 
     </span>
     <span class='ocr_line' id='line_1_16' title="bbox 189 995 1592 1074; baseline 0 -12"><span class='ocrx_word' id='word_1_129' title='bbox 189 1035 347 1062; x_wconf 89' lang='lat' dir='ltr'>nornen</span> <span class='ocrx_word' id='word_1_130' title='bbox 369 1035 457 1061; x_wconf 93' lang='lat' dir='ltr'>non</span> <span class='ocrx_word' id='word_1_131' title='bbox 483 1020 630 1061; x_wconf 77' lang='lat' dir='ltr'>dedit?</span> <span class='ocrx_word' id='word_1_132' title='bbox 656 1034 919 1074; x_wconf 87' lang='lat' dir='ltr'>quamquam</span> <span class='ocrx_word' id='word_1_133' title='bbox 943 1033 1023 1061; x_wconf 88' lang='lat' dir='ltr'>nec</span> <span class='ocrx_word' id='word_1_134' title='bbox 1049 1020 1216 1061; x_wconf 88' lang='lat' dir='ltr'>scribae</span> <span class='ocrx_word' id='word_1_135' title='bbox 1244 995 1439 1061; x_wconf 69' lang='lat' dir='ltr'>sufficeie</span> <span class='ocrx_word' id='word_1_136' title='bbox 1458 1034 1535 1062; x_wconf 89' lang='lat' dir='ltr'>nec</span> <span class='ocrx_word' id='word_1_137' title='bbox 1559 1036 1592 1062; x_wconf 81' lang='lat'>15</span> 
     </span>
    </p>

    <p class='ocr_par' dir='ltr' id='par_1_4' title="bbox 134 1077 1591 1776">
     <span class='ocr_line' id='line_1_17' title="bbox 134 1077 1536 1133; baseline 0 -13"><span class='ocrx_word' id='word_1_138' title='bbox 134 1090 173 1120; x_wconf 83' lang='lat'>17</span> <span class='ocrx_word' id='word_1_139' title='bbox 189 1079 363 1120; x_wconf 88' lang='lat' dir='ltr'>tabulae</span> <span class='ocrx_word' id='word_1_140' title='bbox 407 1078 584 1120; x_wconf 90' lang='lat' dir='ltr'>nomina</span> <span class='ocrx_word' id='word_1_141' title='bbox 625 1078 802 1119; x_wconf 91' lang='lat' dir='ltr'>illorum</span> <span class='ocrx_word' id='word_1_142' title='bbox 840 1092 990 1132; x_wconf 85' lang='lat' dir='ltr'>capere</span> <span class='ocrx_word' id='word_1_143' title='bbox 1029 1081 1277 1133; x_wconf 84' lang='lat' dir='ltr'>potuerunt.</span> <span class='ocrx_word' id='word_1_144' title='bbox 1346 1077 1536 1132; x_wconf 78' lang='lat' dir='ltr'>Etenim,</span> 
     </span>
     <span class='ocr_line' id='line_1_18' title="bbox 189 1136 1538 1191; baseline -0.001 -12"><span class='ocrx_word' id='word_1_145' title='bbox 189 1152 286 1179; x_wconf 92' lang='lat' dir='ltr'>cum</span> <span class='ocrx_word' id='word_1_146' title='bbox 311 1137 508 1179; x_wconf 90' lang='lat' dir='ltr'>homines</span> <span class='ocrx_word' id='word_1_147' title='bbox 534 1136 690 1178; x_wconf 88' lang='lat' dir='ltr'>nefarii</span> <span class='ocrx_word' id='word_1_148' title='bbox 718 1137 767 1178; x_wconf 88' lang='lat' dir='ltr'>de</span> <span class='ocrx_word' id='word_1_149' title='bbox 788 1137 955 1191; x_wconf 87' lang='lat' dir='ltr'>patriae</span> <span class='ocrx_word' id='word_1_150' title='bbox 975 1137 1207 1191; x_wconf 88' lang='lat' dir='ltr'>parricidio</span> <span class='ocrx_word' id='word_1_151' title='bbox 1228 1137 1538 1179; x_wconf 87' lang='lat' dir='ltr'>confiterentur</span> 
     </span>
     <span class='ocr_line' id='line_1_19' title="bbox 189 1195 1535 1250; baseline 0 -13"><span class='ocrx_word' id='word_1_152' title='bbox 189 1196 461 1238; x_wconf 90' lang='lat' dir='ltr'>consciorum</span> <span class='ocrx_word' id='word_1_153' title='bbox 492 1195 675 1249; x_wconf 88' lang='lat' dir='ltr'>indiciis,</span> <span class='ocrx_word' id='word_1_154' title='bbox 707 1209 784 1236; x_wconf 87' lang='grc'>3110</span> <span class='ocrx_word' id='word_1_155' title='bbox 815 1210 957 1249; x_wconf 89' lang='grc'>11101111,</span> <span class='ocrx_word' id='word_1_156' title='bbox 988 1210 1092 1237; x_wconf 89' lang='lat' dir='ltr'>voce</span> <span class='ocrx_word' id='word_1_157' title='bbox 1124 1210 1257 1250; x_wconf 88' lang='lat' dir='ltr'>paene</span> <span class='ocrx_word' id='word_1_158' title='bbox 1287 1195 1535 1238; x_wconf 91' lang='lat' dir='ltr'>litterarum</span> 
     </span>
     <span class='ocr_line' id='line_1_20' title="bbox 188 1230 1534 1308; baseline 0.001 -13"><span class='ocrx_word' id='word_1_159' title='bbox 188 1254 328 1296; x_wconf 89' lang='lat' dir='ltr'>coacti</span> <span class='ocrx_word' id='word_1_160' title='bbox 360 1269 404 1295; x_wconf 92' lang='lat' dir='ltr'>se</span> <span class='ocrx_word' id='word_1_161' title='bbox 436 1254 588 1295; x_wconf 89' lang='lat' dir='ltr'>urbem</span> <span class='ocrx_word' id='word_1_162' title='bbox 620 1230 906 1307; x_wconf 66' lang='lat' dir='ltr'>inllammare,</span> <span class='ocrx_word' id='word_1_163' title='bbox 944 1253 1056 1295; x_wconf 87' lang='lat' dir='ltr'>cives</span> <span class='ocrx_word' id='word_1_164' title='bbox 1091 1254 1325 1308; x_wconf 86' lang='lat' dir='ltr'>trucidare,</span> <span class='ocrx_word' id='word_1_165' title='bbox 1364 1257 1534 1296; x_wconf 86' lang='lat' dir='ltr'>vastare</span> 
     </span>
     <span class='ocr_line' id='line_1_21' title="bbox 187 1311 1591 1366; baseline 0.001 -13"><span class='ocrx_word' id='word_1_166' title='bbox 187 1311 380 1365; x_wconf 90' lang='lat' dir='ltr'>Italiam,</span> <span class='ocrx_word' id='word_1_167' title='bbox 413 1312 554 1353; x_wconf 90' lang='lat' dir='ltr'>delere</span> <span class='ocrx_word' id='word_1_168' title='bbox 586 1326 677 1353; x_wconf 86' lang='lat' dir='ltr'>rem</span> <span class='ocrx_word' id='word_1_169' title='bbox 708 1312 927 1366; x_wconf 88' lang='lat' dir='ltr'>publicam</span> <span class='ocrx_word' id='word_1_170' title='bbox 960 1312 1246 1366; x_wconf 84' lang='lat' dir='ltr'>consensisse,</span> <span class='ocrx_word' id='word_1_171' title='bbox 1279 1313 1375 1366; x_wconf 91' lang='lat' dir='ltr'>quis</span> <span class='ocrx_word' id='word_1_172' title='bbox 1409 1316 1534 1363; x_wconf 85' lang='lat' dir='ltr'>esset,</span> <span class='ocrx_word' id='word_1_173' title='bbox 1555 1329 1591 1354; x_wconf 81' lang='lat'>20</span> 
     </span>
     <span class='ocr_line' id='line_1_22' title="bbox 188 1369 1533 1424; baseline 0.001 -13"><span class='ocrx_word' id='word_1_174' title='bbox 188 1371 262 1424; x_wconf 90' lang='lat' dir='ltr'>qui</span> <span class='ocrx_word' id='word_1_175' title='bbox 295 1371 348 1411; x_wconf 88' lang='lat' dir='ltr'>ad</span> <span class='ocrx_word' id='word_1_176' title='bbox 375 1370 560 1411; x_wconf 86' lang='lat' dir='ltr'>salutem</span> <span class='ocrx_word' id='word_1_177' title='bbox 586 1384 857 1411; x_wconf 87' lang='lat' dir='ltr'>communem</span> <span class='ocrx_word' id='word_1_178' title='bbox 884 1369 1190 1411; x_wconf 86' lang='lat' dir='ltr'>defendendam</span> <span class='ocrx_word' id='word_1_179' title='bbox 1215 1384 1302 1411; x_wconf 92' lang='lat' dir='ltr'>non</span> <span class='ocrx_word' id='word_1_180' title='bbox 1328 1371 1533 1412; x_wconf 84' lang='lat' dir='ltr'>excitare·</span> 
     </span>
     <span class='ocr_line' id='line_1_23' title="bbox 186 1428 1532 1482; baseline 0.001 -12"><span class='ocrx_word' id='word_1_181' title='bbox 186 1432 276 1482; x_wconf 91' lang='lat' dir='ltr'>tur,</span> <span class='ocrx_word' id='word_1_182' title='bbox 324 1429 581 1482; x_wconf 88' lang='lat' dir='ltr'>praesertim</span> <span class='ocrx_word' id='word_1_183' title='bbox 631 1442 728 1469; x_wconf 90' lang='grc'>011111</span> <span class='ocrx_word' id='word_1_184' title='bbox 776 1431 950 1469; x_wconf 87' lang='lat' dir='ltr'>senatus</span> <span class='ocrx_word' id='word_1_185' title='bbox 996 1428 1264 1482; x_wconf 91' lang='lat' dir='ltr'>populusque</span> <span class='ocrx_word' id='word_1_186' title='bbox 1310 1428 1532 1472; x_wconf 88' lang='lat' dir='ltr'>Romanus</span> 
     </span>
     <span class='ocr_line' id='line_1_24' title="bbox 185 1486 1532 1543; baseline 0.001 -15"><span class='ocrx_word' id='word_1_187' title='bbox 185 1487 367 1528; x_wconf 89' lang='lat' dir='ltr'>haberet</span> <span class='ocrx_word' id='word_1_188' title='bbox 404 1487 573 1539; x_wconf 90' lang='lat' dir='ltr'>ducem,</span> <span class='ocrx_word' id='word_1_189' title='bbox 612 1486 751 1541; x_wconf 88' lang='lat' dir='ltr'>qualis</span> <span class='ocrx_word' id='word_1_190' title='bbox 791 1486 826 1528; x_wconf 91' lang='lat' dir='ltr'>si</span> <span class='ocrx_word' id='word_1_191' title='bbox 865 1487 938 1540; x_wconf 91' lang='lat' dir='ltr'>qui</span> <span class='ocrx_word' id='word_1_192' title='bbox 975 1501 1087 1528; x_wconf 88' lang='lat' dir='ltr'>nunc</span> <span class='ocrx_word' id='word_1_193' title='bbox 1120 1490 1253 1541; x_wconf 89' lang='lat' dir='ltr'>esset,</span> <span class='ocrx_word' id='word_1_194' title='bbox 1291 1487 1373 1529; x_wconf 92' lang='lat' dir='ltr'>tibi</span> <span class='ocrx_word' id='word_1_195' title='bbox 1405 1488 1532 1543; x_wconf 65' lang='lat' dir='ltr'>idem,</span> 
     </span>
     <span class='ocr_line' id='line_1_25' title="bbox 187 1545 1531 1602; baseline 0.001 -16"><span class='ocrx_word' id='word_1_196' title='bbox 187 1545 301 1599; x_wconf 89' lang='lat' dir='ltr'>quod</span> <span class='ocrx_word' id='word_1_197' title='bbox 333 1545 420 1587; x_wconf 87' lang='lat' dir='ltr'>illis</span> <span class='ocrx_word' id='word_1_198' title='bbox 447 1545 616 1599; x_wconf 86' lang='lat' dir='ltr'>accidit,</span> <span class='ocrx_word' id='word_1_199' title='bbox 648 1545 934 1600; x_wconf 76' lang='lat' dir='ltr'>contigisset?</span> <span class='ocrx_word' id='word_1_200' title='bbox 984 1545 1053 1586; x_wconf 89' lang='lat' dir='ltr'>Ad</span> <span class='ocrx_word' id='word_1_201' title='bbox 1080 1546 1348 1600; x_wconf 83' lang='lat' dir='ltr'>sepulturam</span> <span class='ocrx_word' id='word_1_202' title='bbox 1375 1560 1531 1602; x_wconf 88' lang='lat' dir='ltr'>corpus</span> 
     </span>
     <span class='ocr_line' id='line_1_26' title="bbox 186 1581 1586 1660; baseline 0.002 -16"><span class='ocrx_word' id='word_1_203' title='bbox 186 1604 329 1645; x_wconf 84' lang='lat' dir='ltr'>vitrici</span> <span class='ocrx_word' id='word_1_204' title='bbox 368 1604 435 1645; x_wconf 88' lang='lat' dir='ltr'>sui</span> <span class='ocrx_word' id='word_1_205' title='bbox 471 1606 604 1659; x_wconf 86' lang='lat' dir='ltr'>negat</span> <span class='ocrx_word' id='word_1_206' title='bbox 639 1618 663 1644; x_wconf 87' lang='lat' dir='ltr'>a</span> <span class='ocrx_word' id='word_1_207' title='bbox 696 1618 762 1645; x_wconf 90' lang='lat' dir='ltr'>me</span> <span class='ocrx_word' id='word_1_208' title='bbox 768 1581 954 1645; x_wconf 73' lang='lat' dir='ltr'>0datum.</span> <span class='ocrx_word' id='word_1_209' title='bbox 1016 1603 1112 1646; x_wconf 90' lang='lat' dir='ltr'>Hoc</span> <span class='ocrx_word' id='word_1_210' title='bbox 1144 1618 1243 1646; x_wconf 88' lang='lat' dir='ltr'>vero</span> <span class='ocrx_word' id='word_1_211' title='bbox 1275 1619 1328 1645; x_wconf 93' lang='lat' dir='ltr'>ne</span> <span class='ocrx_word' id='word_1_212' title='bbox 1361 1603 1407 1646; x_wconf 90' lang='lat' dir='ltr'>P.</span> <span class='ocrx_word' id='word_1_213' title='bbox 1441 1605 1531 1660; x_wconf 91' lang='lat' dir='ltr'>qui-</span> <span class='ocrx_word' id='word_1_214' title='bbox 1551 1621 1586 1648; x_wconf 81' lang='lat'>25</span> 
     </span>
     <span class='ocr_line' id='line_1_27' title="bbox 187 1661 1532 1717; baseline 0.001 -13"><span class='ocrx_word' id='word_1_215' title='bbox 187 1662 283 1704; x_wconf 90' lang='lat' dir='ltr'>dem</span> <span class='ocrx_word' id='word_1_216' title='bbox 322 1661 497 1704; x_wconf 87' lang='lat' dir='ltr'>Clodius</span> <span class='ocrx_word' id='word_1_217' title='bbox 537 1662 645 1703; x_wconf 83' lang='lat' dir='ltr'>dixit</span> <span class='ocrx_word' id='word_1_218' title='bbox 683 1676 906 1717; x_wconf 83' lang='lat' dir='ltr'>umquam3</span> <span class='ocrx_word' id='word_1_219' title='bbox 945 1677 1089 1716; x_wconf 91' lang='lat' dir='ltr'>quem,</span> <span class='ocrx_word' id='word_1_220' title='bbox 1129 1663 1229 1716; x_wconf 91' lang='lat' dir='ltr'>quia</span> <span class='ocrx_word' id='word_1_221' title='bbox 1260 1663 1351 1704; x_wconf 91' lang='lat' dir='ltr'>iure</span> <span class='ocrx_word' id='word_1_222' title='bbox 1384 1663 1423 1705; x_wconf 88' lang='lat' dir='ltr'>ei</span> <span class='ocrx_word' id='word_1_223' title='bbox 1454 1664 1532 1705; x_wconf 86' lang='lat' dir='ltr'>ini-</span> 
     </span>
     <span class='ocr_line' id='line_1_28' title="bbox 187 1721 1532 1776; baseline 0.002 -14"><span class='ocrx_word' id='word_1_224' title='bbox 187 1721 323 1762; x_wconf 90' lang='lat' dir='ltr'>micus</span> <span class='ocrx_word' id='word_1_225' title='bbox 355 1721 430 1774; x_wconf 88' lang='lat' dir='ltr'>fui,</span> <span class='ocrx_word' id='word_1_226' title='bbox 462 1721 585 1762; x_wconf 91' lang='lat' dir='ltr'>doleo</span> <span class='ocrx_word' id='word_1_227' title='bbox 618 1736 643 1762; x_wconf 91' lang='lat' dir='ltr'>a</span> <span class='ocrx_word' id='word_1_228' title='bbox 674 1723 717 1762; x_wconf 93' lang='lat' dir='ltr'>te</span> <span class='ocrx_word' id='word_1_229' title='bbox 751 1721 950 1762; x_wconf 89' lang='lat' dir='ltr'>omnibus</span> <span class='ocrx_word' id='word_1_230' title='bbox 982 1721 1099 1762; x_wconf 86' lang='lat' dir='ltr'>vitiis</span> <span class='ocrx_word' id='word_1_231' title='bbox 1129 1721 1216 1762; x_wconf 85' lang='lat' dir='ltr'>iam</span> <span class='ocrx_word' id='word_1_232' title='bbox 1242 1735 1335 1763; x_wconf 91' lang='lat' dir='ltr'>esse</span> <span class='ocrx_word' id='word_1_233' title='bbox 1362 1736 1532 1776; x_wconf 89' lang='lat' dir='ltr'>supera-</span> 
     </span>
    </p>

    <p class='ocr_par' dir='ltr' id='par_1_5' title="bbox 131 1779 1586 2009">
     <span class='ocr_line' id='line_1_29' title="bbox 131 1779 1532 1835; baseline 0.001 -15"><span class='ocrx_word' id='word_1_234' title='bbox 131 1788 174 1819; x_wconf 89' lang='lat'>18</span> <span class='ocrx_word' id='word_1_235' title='bbox 188 1783 292 1820; x_wconf 91' lang='lat' dir='ltr'>tum.</span> <span class='ocrx_word' id='word_1_236' title='bbox 363 1779 446 1828; x_wconf 86' lang='lat' dir='ltr'>Qui</span> <span class='ocrx_word' id='word_1_237' title='bbox 491 1782 635 1820; x_wconf 92' lang='lat' dir='ltr'>autem</span> <span class='ocrx_word' id='word_1_238' title='bbox 674 1779 755 1820; x_wconf 92' lang='lat' dir='ltr'>tibi</span> <span class='ocrx_word' id='word_1_239' title='bbox 793 1779 910 1820; x_wconf 81' lang='lat' dir='ltr'>venit</span> <span class='ocrx_word' id='word_1_240' title='bbox 947 1779 993 1820; x_wconf 88' lang='lat' dir='ltr'>in</span> <span class='ocrx_word' id='word_1_241' title='bbox 1030 1782 1219 1820; x_wconf 90' lang='lat' dir='ltr'>mentem</span> <span class='ocrx_word' id='word_1_242' title='bbox 1257 1780 1450 1835; x_wconf 86' lang='lat' dir='ltr'>redigere</span> <span class='ocrx_word' id='word_1_243' title='bbox 1487 1781 1532 1822; x_wconf 89' lang='lat' dir='ltr'>in</span> 
     </span>
     <span class='ocr_line' id='line_1_30' title="bbox 188 1836 1532 1881; baseline 0.001 -2"><span class='ocrx_word' id='word_1_244' title='bbox 188 1838 441 1880; x_wconf 88' lang='lat' dir='ltr'>memoriam</span> <span class='ocrx_word' id='word_1_245' title='bbox 483 1840 679 1879; x_wconf 86' lang='lat' dir='ltr'>nostram</span> <span class='ocrx_word' id='word_1_246' title='bbox 720 1840 763 1879; x_wconf 91' lang='lat' dir='ltr'>te</span> <span class='ocrx_word' id='word_1_247' title='bbox 801 1837 917 1879; x_wconf 89' lang='lat' dir='ltr'>domi</span> <span class='ocrx_word' id='word_1_248' title='bbox 955 1837 1001 1879; x_wconf 89' lang='lat' dir='ltr'>P.</span> <span class='ocrx_word' id='word_1_249' title='bbox 1039 1836 1213 1879; x_wconf 86' lang='lat' dir='ltr'>Lentuli</span> <span class='ocrx_word' id='word_1_250' title='bbox 1252 1852 1344 1879; x_wconf 90' lang='lat' dir='ltr'>esse</span> <span class='ocrx_word' id='word_1_251' title='bbox 1382 1839 1532 1881; x_wconf 84' lang='lat' dir='ltr'>educa-</span> 
     </span>
     <span class='ocr_line' id='line_1_31' title="bbox 189 1896 1586 1950; baseline 0.001 -13"><span class='ocrx_word' id='word_1_252' title='bbox 189 1896 312 1938; x_wconf 84' lang='lat' dir='ltr'>tum?</span> <span class='ocrx_word' id='word_1_253' title='bbox 385 1896 454 1937; x_wconf 89' lang='lat' dir='ltr'>An</span> <span class='ocrx_word' id='word_1_254' title='bbox 498 1897 720 1949; x_wconf 86' lang='lat' dir='ltr'>verebare,</span> <span class='ocrx_word' id='word_1_255' title='bbox 767 1910 820 1937; x_wconf 92' lang='lat' dir='ltr'>ne</span> <span class='ocrx_word' id='word_1_256' title='bbox 863 1910 950 1938; x_wconf 93' lang='lat' dir='ltr'>non</span> <span class='ocrx_word' id='word_1_257' title='bbox 993 1899 1243 1950; x_wconf 89' lang='lat' dir='ltr'>putaremus</span> <span class='ocrx_word' id='word_1_258' title='bbox 1287 1899 1445 1938; x_wconf 86' lang='lat' dir='ltr'>natura</span> <span class='ocrx_word' id='word_1_259' title='bbox 1488 1900 1530 1939; x_wconf 89' lang='lat' dir='ltr'>te</span> <span class='ocrx_word' id='word_1_260' title='bbox 1549 1914 1586 1939; x_wconf 80' lang='lat'>30</span> 
     </span>
     <span class='ocr_line' id='line_1_32' title="bbox 188 1954 1531 2009; baseline 0.001 -14"><span class='ocrx_word' id='word_1_261' title='bbox 188 1955 382 2009; x_wconf 88' lang='lat' dir='ltr'>potuisse</span> <span class='ocrx_word' id='word_1_262' title='bbox 409 1958 500 1995; x_wconf 90' lang='lat' dir='ltr'>tam</span> <span class='ocrx_word' id='word_1_263' title='bbox 526 1955 773 2009; x_wconf 87' lang='lat' dir='ltr'>improbum</span> <span class='ocrx_word' id='word_1_264' title='bbox 799 1955 988 2007; x_wconf 87' lang='lat' dir='ltr'>evadere,</span> <span class='ocrx_word' id='word_1_265' title='bbox 1013 1954 1097 1995; x_wconf 92' lang='lat' dir='ltr'>nisi</span> <span class='ocrx_word' id='word_1_266' title='bbox 1128 1955 1380 1996; x_wconf 87' lang='lat' dir='ltr'>accessisset</span> <span class='ocrx_word' id='word_1_267' title='bbox 1400 1955 1531 1997; x_wconf 87' lang='lat' dir='ltr'>etiam</span> 
     </span>
    </p>

    <p class='ocr_par' dir='ltr' id='par_1_6' title="bbox 148 2012 1582 2358">
     <span class='ocr_line' id='line_1_33' title="bbox 148 2012 1531 2068; baseline 0.001 -14"><span class='ocrx_word' id='word_1_268' title='bbox 148 2013 446 2068; x_wconf 81' lang='lat' dir='ltr'>8disciplina‘?</span> <span class='ocrx_word' id='word_1_269' title='bbox 508 2012 616 2054; x_wconf 85' lang='lat' dir='ltr'>Tam</span> <span class='ocrx_word' id='word_1_270' title='bbox 648 2015 793 2054; x_wconf 87' lang='lat' dir='ltr'>autem</span> <span class='ocrx_word' id='word_1_271' title='bbox 825 2027 918 2054; x_wconf 88' lang='lat' dir='ltr'>eras</span> <span class='ocrx_word' id='word_1_272' title='bbox 952 2027 1120 2066; x_wconf 86' lang='lat' dir='ltr'>excors,</span> <span class='ocrx_word' id='word_1_273' title='bbox 1157 2016 1206 2054; x_wconf 92' lang='lat' dir='ltr'>ut</span> <span class='ocrx_word' id='word_1_274' title='bbox 1238 2016 1333 2055; x_wconf 90' lang='lat' dir='ltr'>tota</span> <span class='ocrx_word' id='word_1_275' title='bbox 1364 2014 1409 2055; x_wconf 89' lang='lat' dir='ltr'>in</span> <span class='ocrx_word' id='word_1_276' title='bbox 1440 2028 1531 2055; x_wconf 85' lang='lat' dir='ltr'>ora-</span> 
     </span>
     <span class='ocr_line' id='line_1_34' title="bbox 188 2071 1530 2126; baseline 0.001 -14"><span class='ocrx_word' id='word_1_277' title='bbox 188 2071 306 2113; x_wconf 89' lang='lat' dir='ltr'>tione</span> <span class='ocrx_word' id='word_1_278' title='bbox 338 2075 415 2113; x_wconf 89' lang='lat' dir='ltr'>tua</span> <span class='ocrx_word' id='word_1_279' title='bbox 447 2074 589 2113; x_wconf 87' lang='lat' dir='ltr'>tecum</span> <span class='ocrx_word' id='word_1_280' title='bbox 621 2072 712 2126; x_wconf 88' lang='lat' dir='ltr'>ipse</span> <span class='ocrx_word' id='word_1_281' title='bbox 745 2084 973 2126; x_wconf 84' lang='lat' dir='ltr'>pugnares,</span> <span class='ocrx_word' id='word_1_282' title='bbox 1004 2085 1092 2112; x_wconf 89' lang='lat' dir='ltr'>non</span> <span class='ocrx_word' id='word_1_283' title='bbox 1117 2071 1244 2113; x_wconf 91' lang='lat' dir='ltr'>modo</span> <span class='ocrx_word' id='word_1_284' title='bbox 1269 2086 1357 2113; x_wconf 89' lang='lat' dir='ltr'>non</span> <span class='ocrx_word' id='word_1_285' title='bbox 1382 2071 1530 2113; x_wconf 88' lang='lat' dir='ltr'>cohae-</span> 
     </span>
     <span class='ocr_line' id='line_1_35' title="bbox 188 2129 1528 2184; baseline 0 -14"><span class='ocrx_word' id='word_1_286' title='bbox 188 2130 328 2171; x_wconf 85' lang='lat' dir='ltr'>rentia</span> <span class='ocrx_word' id='word_1_287' title='bbox 367 2130 480 2171; x_wconf 87' lang='lat' dir='ltr'>inter</span> <span class='ocrx_word' id='word_1_288' title='bbox 519 2144 563 2171; x_wconf 91' lang='lat' dir='ltr'>se</span> <span class='ocrx_word' id='word_1_289' title='bbox 601 2129 782 2182; x_wconf 85' lang='lat' dir='ltr'>diceres,</span> <span class='ocrx_word' id='word_1_290' title='bbox 820 2130 893 2170; x_wconf 92' lang='lat' dir='ltr'>sed</span> <span class='ocrx_word' id='word_1_291' title='bbox 932 2130 1116 2171; x_wconf 83' lang='lat' dir='ltr'>maxime</span> <span class='ocrx_word' id='word_1_292' title='bbox 1154 2130 1369 2171; x_wconf 88' lang='lat' dir='ltr'>disiuncta</span> <span class='ocrx_word' id='word_1_293' title='bbox 1400 2132 1528 2184; x_wconf 90' lang='lat' dir='ltr'>atque</span> 
     </span>
     <span class='ocr_line' id='line_1_36' title="bbox 188 2187 1582 2242; baseline 0.002 -13"><span class='ocrx_word' id='word_1_294' title='bbox 188 2188 422 2242; x_wconf 85' lang='lat' dir='ltr'>contraria,</span> <span class='ocrx_word' id='word_1_295' title='bbox 465 2191 514 2229; x_wconf 91' lang='lat' dir='ltr'>ut</span> <span class='ocrx_word' id='word_1_296' title='bbox 556 2202 644 2229; x_wconf 93' lang='lat' dir='ltr'>non</span> <span class='ocrx_word' id='word_1_297' title='bbox 687 2190 810 2229; x_wconf 88' lang='lat' dir='ltr'>tanta</span> <span class='ocrx_word' id='word_1_298' title='bbox 853 2202 1021 2229; x_wconf 90' lang='lat' dir='ltr'>mecum</span> <span class='ocrx_word' id='word_1_299' title='bbox 1065 2190 1227 2242; x_wconf 88' lang='lat' dir='ltr'>quanta</span> <span class='ocrx_word' id='word_1_300' title='bbox 1267 2187 1348 2228; x_wconf 92' lang='lat' dir='ltr'>tibi</span> <span class='ocrx_word' id='word_1_301' title='bbox 1387 2190 1529 2229; x_wconf 91' lang='lat' dir='ltr'>tecum</span> <span class='ocrx_word' id='word_1_302' title='bbox 1548 2205 1582 2232; x_wconf 76' lang='lat'>35</span> 
     </span>
     <span class='ocr_line' id='line_1_37' title="bbox 189 2245 1530 2288; baseline 0.001 -2"><span class='ocrx_word' id='word_1_303' title='bbox 189 2250 301 2286; x_wconf 83' lang='lat' dir='ltr'>esset</span> <span class='ocrx_word' id='word_1_304' title='bbox 341 2247 572 2288; x_wconf 91' lang='lat' dir='ltr'>contentio.</span> <span class='ocrx_word' id='word_1_305' title='bbox 635 2245 852 2288; x_wconf 87' lang='lat' dir='ltr'>Vitricum</span> <span class='ocrx_word' id='word_1_306' title='bbox 890 2249 1013 2287; x_wconf 88' lang='lat' dir='ltr'>tuum</span> <span class='ocrx_word' id='word_1_307' title='bbox 1047 2245 1181 2287; x_wconf 84' lang='lat' dir='ltr'>fuisse</span> <span class='ocrx_word' id='word_1_308' title='bbox 1212 2246 1257 2286; x_wconf 90' lang='lat' dir='ltr'>in</span> <span class='ocrx_word' id='word_1_309' title='bbox 1288 2247 1410 2287; x_wconf 89' lang='lat' dir='ltr'>tanto</span> <span class='ocrx_word' id='word_1_310' title='bbox 1443 2260 1530 2288; x_wconf 90' lang='lat' dir='ltr'>sce-</span> 
     </span>
     <span class='ocr_line' id='line_1_38' title="bbox 187 2302 1530 2358; baseline 0.003 -16"><span class='ocrx_word' id='word_1_311' title='bbox 187 2302 273 2343; x_wconf 82' lang='lat' dir='ltr'>lere</span> <span class='ocrx_word' id='word_1_312' title='bbox 313 2303 526 2358; x_wconf 86' lang='lat' dir='ltr'>fatebare,</span> <span class='ocrx_word' id='word_1_313' title='bbox 562 2319 702 2358; x_wconf 88' lang='lat' dir='ltr'>poena</span> <span class='ocrx_word' id='word_1_314' title='bbox 740 2303 955 2345; x_wconf 88' lang='lat' dir='ltr'>adfectum</span> <span class='ocrx_word' id='word_1_315' title='bbox 988 2304 1230 2358; x_wconf 86' lang='lat' dir='ltr'>querebare.</span> <span class='ocrx_word' id='word_1_316' title='bbox 1291 2302 1378 2357; x_wconf 80' lang='lat' dir='ltr'>Ita,</span> <span class='ocrx_word' id='word_1_317' title='bbox 1417 2305 1530 2357; x_wconf 90' lang='lat' dir='ltr'>quod</span> 
     </span>
    </p>
   </div>
   <div class='ocr_carea' id='block_1_3' title="bbox 1640 0 1671 2543">
    <p class='ocr_par' dir='ltr' id='par_1_7' title="bbox 1640 0 1671 2543">
     <span class='ocr_line' id='line_1_39' title="bbox 1640 0 1671 2543; baseline 0 0"><span class='ocrx_word' id='word_1_318' title='bbox 1640 0 1671 2543; x_wconf 95' lang='lat' dir='ltr'> </span> 
     </span>
    </p>
   </div>
  </div>
 </body>
</html>
