1671 2543
578 104 679 140 CAP.
707 109 799 139 2—4
825 108 844 147 ξ
870 109 972 140 4-9.
1371 106 1458 146 419

112 226 235 253 300113
273 214 402 267 atque
434 213 625 254 omnium
656 212 1058 267 praestantissimus
1090 212 1226 268 gessit
1258 215 1302 254 et
1334 213 1458 268 gerit,

110 270 218 312 haec
251 270 510 312 auctoritate
535 273 686 313 nostra
713 272 1048 326 comprobentur
1073 274 1457 325 veteranorumque

111 328 452 371 fortissimorum
483 330 692 382 virorum,
725 333 818 371 tum
844 330 1027 385 legionis
1054 329 1237 371 Martiae
1264 333 1459 384 quartae-

114 403 195 442 que
222 388 433 430 mirabilis
460 403 692 430 consensus
717 389 770 430 ad
789 404 878 430 rem
899 388 1117 443 publicam
1138 388 1457 443 reciperandam

76 464 92 489 5
112 447 237 488 laude
264 450 308 488 et
333 447 582 489 testimonio
609 450 759 489 nostro
781 448 1069 502 confirmetur,
1095 461 1326 501 eorumque
1348 461 1458 489 com-

113 506 251 560 moda,
281 505 480 560 honores,
505 506 708 560 praemia,
736 521 832 548 cum
860 506 1055 547 consules
1083 506 1299 561 designati
1325 507 1458 561 magi-

113 567 300 606 stratum
326 564 514 619 inierint,
540 579 664 606 curae
696 565 822 606 nobis
848 564 939 606 fore
965 564 1172 606 hodierno
1193 564 1260 605 die
1281 565 1458 619 sponde-

113 637 246 664 amus.

201 682 346 736 Atque
391 696 441 724 ea
484 681 674 736 quidem,
719 697 825 736 quae
870 681 956 722 dixi
1002 682 1052 723 de
1095 680 1277 723 Caesare
1322 681 1492 746 deque8

60 758 94 782 ιο
114 741 205 782 01113
239 741 440 795 exercitu,
472 740 558 782 iam
590 740 663 782 diu
688 744 794 782 nota
819 743 920 781 sunt
945 740 1083 781 nobis.
1139 739 1316 781 Virtute
1343 740 1456 781 enim

113 799 358 841 admirabili
380 798 575 841 Caesaris
597 799 925 852 constantiaque
947 799 1136 840 militum
1155 801 1457 839 veteranorum

112 857 417 913 legionumque
450 873 608 911 earum,
641 872 748 912 quae
776 857 941 911 optimo
967 856 1123 898 iudicio
1152 857 1456 898 auctoritatem

112 919 314 970 vestram,
345 916 594 958 libertatem
620 916 770 970 populi
796 916 994 969 Romani,
1026 916 1232 956 virtutem
1260 914 1455 957 Caesaris

113 979 285 1017 secutae
327 977 445 1029 sunt,
489 990 514 1016 a
551 975 788 1016 cervicibus
825 974 987 1015 nostris
1027 977 1093 1015 est
1131 974 1333 1028 depulsus
1371 974 1457 1015 An-

59 1050 93 1074 15
113 1034 270 1075 tonius.
334 1032 416 1075 Sed
447 1033 564 1086 haec,
595 1036 644 1074 ut
671 1033 769 1087 dixi,
802 1033 1041 1087 superiora3
1072 1032 1154 1074 hoc
1180 1047 1280 1073 vero
1308 1046 1455 1073 recens

113 1093 302 1134 edictum
338 1091 389 1133 D.
427 1091 572 1145 Bruti,
612 1092 725 1145 quod
762 1092 891 1146 paulo
931 1094 1029 1132 ante
1067 1091 1340 1145 propositum
1378 1093 1457 1144 est,

113 1154 228 1193 certe
267 1150 440 1192 silentio
477 1165 566 1192 non
599 1153 746 1204 potest
776 1150 1014 1204 praeteriri.
1076 1148 1311 1190 Pollicetur
1343 1149 1456 1190 enim

112 1224 158 1251 se
189 1209 456 1264 provinciam
490 1207 676 1250 Galliam
708 1211 977 1250 retenturum
1008 1209 1051 1248 in
1085 1210 1259 1248 senatus
1291 1207 1457 1261 populi·

113 1282 195 1323 que
227 1268 413 1310 Romani
444 1270 674 1333 potestate.
738 1266 772 1308 O
808 1267 943 1308 civem
973 1269 1126 1307 natum
1157 1266 1215 1307 rei
1246 1266 1456 1320 publicae,

59 1342 94 1367 20
113 1341 348 1368 memorem
368 1326 435 1368 sui
454 1326 641 1368 nominis
662 1326 1011 1379 imitatoremque
1030 1325 1259 1366 maiorum!
1305 1323 1456 1378 Neque

112 1386 227 1427 enim
263 1385 498 1439 Tarquinio
543 1385 720 1439 expulso
764 1384 999 1426 maioribus
1037 1383 1200 1424 nostris
1238 1386 1329 1423 tam
1373 1383 1457 1423 fuit

113 1446 265 1498 optata
318 1444 516 1497 libertas,
576 1458 705 1497 quam
761 1446 828 1485 est
883 1442 1058 1496 depulso
1120 1442 1207 1482 iam
1262 1441 1454 1482 Antonio

112 1502 336 1543 retinenda
377 1503 516 1543 nobis.
590 1502 660 1542 Illi
699 1502 872 1557 regibus
910 1515 1060 1555 parere
1099 1500 1184 1541 iam
1222 1514 1247 1540 a
1285 1499 1491 1540 condita⁹

113 1560 219 1601 urbe
246 1559 500 1614 didicerant,
525 1575 604 1601 nos
630 1563 731 1614 post
756 1574 878 1615 reges
906 1562 1078 1600 exactos
1105 1557 1327 1599 servitutis
1352 1558 1456 1598 obli-

60 1633 95 1658 25
115 1619 184 1660 vio
231 1621 412 1672 ceperat.
480 1618 624 1671 Atque
667 1619 740 1659 ille
783 1617 1061 1671 Tarquinius,
1106 1630 1233 1670 quem
1271 1615 1455 1657 maiores

114 1676 254 1718 nostri
293 1690 380 1717 non
417 1676 626 1728 tulerunt,
668 1691 754 1717 non
794 1675 995 1728 erudelis,
1037 1689 1125 1715 non
1161 1673 1337 1727 impius,
1382 1674 1456 1714 sed

116 1734 324 1789 superbus
365 1736 430 1774 est
466 1734 641 1774 habitus
681 1737 724 1775 et
761 1734 918 1797 dictus3
957 1709 1068 1786 qiiod
1105 1746 1184 1772 nos
1222 1731 1376 1772 vitium
1411 1731 1456 1772 in

115 1793 295 1848 privatis
334 1805 459 1845 saepe
498 1791 694 1843 tulimus,
730 1791 773 1832 id
811 1791 994 1832 maiores
1026 1790 1164 1830 nostri
1196 1804 1248 1830 ne
1280 1789 1325 1829 in
1356 1803 1455 1844 rege

117 1852 288 1906 quidem
322 1850 433 1891 ferre
463 1853 711 1903 potuerunt.
772 1848 818 1889 L.
850 1848 1012 1890 Brutus
1044 1861 1190 1902 regem
1222 1847 1454 1900 superbum

61 1924 96 1949 30
114 1925 202 1952 non
227 1909 347 1963 tulit3
372 1907 423 1949 D.
446 1907 607 1949 Brutus
635 1907 888 1948 sceleratum
916 1910 1043 1960 atque
1071 1906 1250 1959 impium
1276 1919 1454 1960 regnare

115 1968 306 2023 patietur
351 1966 618 2007 Antonium?
694 1965 804 2014 Quid
847 1964 1105 2018 Tarquinius
1157 1964 1261 2014 tale,
1312 1963 1455 2017 qualia

116 2025 448 2068 innumerabilia
491 2027 534 2065 et
572 2023 676 2065 facit
714 2026 757 2065 et
793 2023 896 2064 fecit
934 2022 1179 2064 Antonius?
1249 2020 1454 2062 Senatum

117 2086 248 2127 etiam
274 2098 397 2138 reges
423 2083 660 2136 habebant3
690 2095 769 2123 nee
794 2085 936 2122 tamen
963 2083 1012 2121 ut
1038 2080 1229 2121 Antonio
1257 2082 1453 2120 senatum

10 2191 11 2195 Ἰ
114 2144 302 2186 habente
332 2142 378 2183 in
410 2140 588 2182 consilio
621 2140 736 2195 regis
767 2140 1049 2181 versabantur
1080 2138 1252 2179 barbari
1285 2138 1452 2178 armati.

62 2214 97 2240 35
119 2201 358 2244 Servabant
395 2199 586 2253 auspicia
622 2213 762 2253 reges3
801 2212 906 2252 quae
943 2197 1013 2238 hic
1047 2196 1195 2238 consul
1233 2209 1452 2250 augurque

115 2261 326 2316 neglexit,
350 2272 487 2312 neque
514 2257 652 2298 solum
680 2257 848 2311 legibus
876 2258 1026 2297 contra
1046 2254 1236 2308 auspicia
1254 2253 1453 2307 ferendis,

117 2320 190 2361 sed
227 2319 361 2362 etiam
400 2316 577 2371 conlega
614 2330 698 2356 una
733 2314 896 2356 ferente
935 2328 1002 2364 00,
1035 2327 1160 2367 quem
1193 2312 1283 2366 ipse
1316 2327 1453 2353 emen-

1170 2382 1241 2416 27*
