1671 2543
214 88 299 129 178
584 87 637 122 IN
663 86 701 122 L.
727 85 945 121 PISONEM
975 86 1167 122 ORATIO.

214 195 398 249 direptio
437 209 493 236 an
529 208 733 249 agrorum
764 194 1039 248 depopulatio
1072 209 1128 236 an
1158 195 1342 237 munitio
1374 195 1554 237 Thessa-

213 254 378 296 lonicae
415 268 469 294 an
501 253 693 294 obsessio
725 252 926 294 militaris
958 253 1052 294 viae
1085 268 1140 294 an
1171 254 1382 295 exercitus
1413 254 1554 296 nostri

214 313 415 353 interitus
451 311 584 365 ferro,
621 311 753 364 fame,
791 310 969 366 frigore,
1006 312 1286 366 pestilentia?
1343 312 1409 353 Tu
1440 327 1553 367 vero,

216 371 289 425 qui
327 371 379 412 ad
417 373 614 412 senatum
650 369 759 410 nihil
798 370 1038 424 scripseris,
1075 373 1125 412 ut
1162 370 1208 411 in
1237 371 1342 412 urbe
1373 371 1554 425 nequior

215 429 414 470 inventus
458 444 501 470 es
544 443 674 482 quam
712 426 940 483 Gabinius,
987 429 1049 470 sic
1086 429 1132 470 in
1167 429 1389 483 provincia
1423 430 1552 484 paulo
1589 440 1607 467 5

156 496 201 527 41
218 490 364 529 tamen
401 502 529 541 quam
566 487 638 528 ille
677 487 913 528 demissior.
974 486 1089 528 Nam
1125 487 1198 528 ille
1233 502 1391 543 gurges
1424 491 1553 542 atque

215 546 359 588 helluo
391 550 518 587 natus
551 545 770 587 abdomini
802 560 891 600 suo,
921 560 1009 587 non
1039 546 1154 587 laudi
1180 548 1223 587 et
1249 546 1424 602 gloriae,
1457 561 1554 588 cum

216 605 380 659 equites
413 605 631 646 Romanos
663 604 708 645 in
738 604 970 658 provincia,
1002 619 1099 646 cum
1129 605 1382 659 publicanos
1409 605 1554 647 nobis-

217 678 313 705 cum
351 666 393 704 et
430 663 651 704 voluntate
690 666 734 703 et
772 663 983 717 dignitate
1016 663 1266 705 coniunctos
1299 663 1438 705 omnis
1469 663 1552 706 for-

217 722 345 776 tunis,
371 722 530 762 multos
557 721 672 762 fama
693 721 866 775 vitaque
885 722 1109 776 privasset,
1136 736 1232 763 cum
1253 722 1413 777 egisset
1434 723 1549 764 aliud
1573 735 1607 760 10

215 780 324 821 nihil
355 780 430 821 illo
464 780 664 833 exercitu,
694 780 779 821 nisi
809 783 858 821 ut
889 780 1017 822 urbes
1049 780 1392 835 depopularetur,
1424 795 1552 837 agros

216 841 417 892 vastaret,
453 838 698 880 exhauriret
730 839 892 892 domos,
924 853 1051 880 ausus
1084 841 1150 880 est
1183 837 1303 894 (quid
1335 840 1450 881 enim
1479 840 1552 881 ille

215 912 303 938 non
352 896 550 951 aucleaffl)
603 912 627 938 a
671 900 822 938 senatu
865 897 1223 952 supplicationem
1265 912 1342 952 per
1383 898 1552 940 litteras

150 956 448 1010 18postula1e.
511 955 545 997 Ο
587 956 629 997 (11
666 956 950 997 immortales!
990 959 1091 998 tune
1124 956 1255 997 etiam
1287 959 1415 1011 atque
1447 957 1552 998 adeo

217 1029 310 1068 vos,
349 1015 543 1070 geminae
581 1015 807 1069 voragines
847 1014 1094 1069 scopulique
1132 1015 1193 1056 rei
1223 1015 1438 1069 publicae,
1475 1030 1552 1057 vos
1573 1027 1607 1053 1⁵

218 1088 356 1115 meam
349 1050 602 1114 Ofortunam
628 1050 880 1127 deprimitis,
912 1076 1101 1114 vestram
1127 1074 1348 1128 extollitis,
1381 1088 1477 1115 cum
1503 1074 1554 1115 de

217 1147 284 1173 me
324 1147 373 1173 ea
410 1135 584 1173 senatus
624 1132 821 1173 consulta
857 1132 1032 1173 absente
1064 1131 1180 1173 facta
1212 1132 1316 1186 sint,
1353 1147 1426 1174 eae
1458 1147 1554 1174 con-

218 1191 357 1231 tiones
387 1190 574 1243 habitae,
605 1190 642 1231 is
675 1193 818 1231 motus
851 1190 982 1231 fuerit
1014 1166 1345 1244 municipioruin
1374 1194 1417 1232 et
1443 1191 1554 1233 colo-

216 1249 385 1290 niarum
412 1249 615 1302 omnium,
642 1263 692 1290 ea
717 1249 887 1290 decreta
912 1248 1251 1303 publicanorum,
1280 1264 1330 1290 ea
1356 1249 1553 1305 collegio-

217 1322 330 1361 rum,
363 1322 411 1348 ea
443 1307 624 1360 denique
656 1320 860 1362 generum
893 1307 1172 1361 ordinumque
1205 1308 1408 1361 omnium,
1444 1322 1551 1362 quae
1571 1321 1608 1345 20

216 1380 304 1407 non
329 1366 454 1407 modo
482 1379 561 1420 ego
589 1368 738 1419 optare
763 1379 998 1419 numquam
1024 1365 1234 1419 auderem,
1262 1366 1334 1407 sed
1361 1366 1552 1421 cogitare

216 1439 304 1465 non
327 1438 511 1478 possem,
542 1438 618 1464 vos
645 1426 789 1464 autem
815 1424 1096 1478 sempiternas
1121 1424 1393 1465 foedissimae
1419 1425 1554 1479 turpi-

156 1490 203 1521 42
219 1482 378 1523 tudinis
409 1484 535 1523 notas
568 1482 815 1523 subieritis?
870 1483 940 1523 An
971 1496 1069 1538 ego,
1107 1482 1143 1523 si
1175 1485 1217 1523 te
1244 1486 1288 1524 et
1320 1481 1553 1525 Gabinium

219 1541 333 1582 cruci
378 1540 556 1582 suffixos
599 1541 803 1593 viderem,
852 1541 1013 1582 maiore
1057 1540 1249 1582 afficerer
1290 1541 1460 1583 laetitia
1503 1557 1554 1583 ex

218 1600 409 1653 corporis
447 1599 580 1640 vestri
617 1599 893 1652 laceratione,
932 1613 1060 1653 quam
1095 1599 1259 1641 afficior
1297 1614 1347 1641 ex
1383 1599 1552 1642 famae?
1572 1611 1607 1637 25

218 1657 399 1699 Nullum
430 1660 496 1699 est
525 1657 783 1723 supplicium
814 1658 1063 1711 putandum,
1095 1673 1178 1712 quo
1211 1658 1326 1700 affici
1353 1673 1453 1700 casu
1479 1659 1552 1700 ali-

220 1731 303 1771 quo
347 1716 478 1757 etiam
514 1717 617 1757 boni
654 1716 736 1757 viri
773 1715 990 1770 fortesque
1028 1719 1224 1770 possunt.
1290 1716 1434 1771 Atque
1469 1717 1553 1759 hoc

220 1775 390 1829 quidem
427 1775 558 1816 etiam
595 1774 669 1815 isti
700 1774 764 1815 tui
796 1774 944 1816 dicunt
974 1775 1206 1829 voluptarii
1240 1773 1392 1817 Graeci
1423 1774 1550 1831 (quos

217 1834 384 1874 utinam
414 1834 478 1874 ita
503 1833 683 1886 audires,
713 1836 762 1874 ut
788 1836 909 1874 eiant
935 1834 1149 1883 audiendi;
1179 1848 1414 1888 numquam
1439 1837 1482 1875 te
1507 1834 1553 1876 111

218 1894 285 1933 tot
309 1892 476 1947 flagitia
500 1891 826 1947 ingurgitasses.
876 1891 1037 1933 Verum
1057 1867 1208 1933 audis'
1197 1907 1242 1934 111
1260 1893 1552 1947 praesepibus,
1570 1904 1606 1929 30

219 1950 338 1992 audis
376 1952 422 1992 in
457 1950 637 2004 stupris,
676 1951 794 1991 audis
832 1950 877 1992 in
914 1950 1008 1992 cibo
1045 1953 1088 1992 et
1124 1949 1261 2005 vino);
1298 1951 1372 1992 sed
1405 1951 1552 1993 dicunt

218 2009 292 2049 isti
328 2009 428 2063 ipsi,
468 2010 540 2063 qui
578 2009 691 2050 mala
728 2009 891 2062 dolore,
928 2009 1041 2051 bona
1077 2009 1300 2063 voluptate
1331 2009 1550 2063 definiunt,

218 2067 472 2121 sapientem,
510 2067 681 2109 etiamsi
717 2067 763 2108 in
793 2066 1033 2108 Phalaridis
1071 2070 1196 2108 tauro
1234 2067 1422 2109 inclusus
1460 2081 1550 2108 suc-

218 2126 355 2166 censis
388 2126 560 2181 ignibus
593 2128 825 2179 torreatur,
862 2125 1077 2167 dicturum
1108 2129 1253 2167 tamen
1283 2139 1411 2166 suave
1443 2125 1549 2166 illud

219 2197 310 2224 esse
342 2199 470 2238 seque
501 2199 553 2225 ne
584 2184 801 2225 tantulum
833 2184 1004 2238 quidem
1035 2183 1304 2226 commoveri.
1365 2182 1549 2224 Tantam
1568 2195 1604 2221 35

218 2241 390 2282 virtutis
428 2243 516 2283 vim
553 2257 645 2283 esse
682 2242 926 2296 voluerunt,
963 2245 1012 2284 ut
1041 2257 1129 2284 non
1158 2244 1305 2296 posset
1336 2255 1428 2282 esse
1459 2256 1548 2283 um-

159 2307 203 2337 43
220 2314 346 2353 quam
383 2300 448 2340 vir
478 2301 616 2342 bonus
647 2315 734 2342 non
765 2300 927 2341 beatus.
990 2300 1107 2349 Quae
1139 2302 1204 2341 est
1234 2299 1369 2354 igitur
1398 2314 1548 2354 poena,
