1671 2543
191 95 280 136 402
380 94 431 130 IN
458 94 505 129 M.
532 92 791 129 ANTONIUM
818 91 996 128 ORATIO
1021 90 1291 126 PHILIPPICA
1316 91 1360 126 11.
1628 71 1641 137 ἶ,

192 203 231 246 ei
269 217 417 245 rursus
455 202 602 244 nescio
645 215 728 256 quo
767 201 895 242 modo
926 199 1167 241 familiaris.
1228 199 1432 241 Habebat
1461 199 1544 241 hoc

193 263 368 305 omnino
415 260 589 304 Caesar:
641 274 767 315 quem
816 259 942 314 plane
992 259 1211 313 perditum
1261 273 1357 300 aere
1404 258 1543 300 alieno

193 325 490 377 egentemque,
522 320 559 362 si
591 319 772 361 eundem
798 332 984 372 nequam
1008 317 1229 359 hominem
1256 317 1544 372 audacemque

193 383 423 436 cognorat,
454 380 568 420 hun'c
599 378 645 419 in
676 377 1020 419 familiaritatem
1051 376 1338 418 libentissime
1370 375 1544 430 recipie-

136 449 177 478 79
193 440 280 481 bat.
348 438 429 479 His
462 438 598 493 igitur
629 438 757 478 rebus
788 436 1006 491 praeclare
1040 435 1365 477 commendatus
1396 435 1540 476 iussus
1580 450 1597 477 5

193 513 238 540 es
262 497 502 539 remmtiari
523 496 685 550 consul,
712 498 755 537 et
776 495 947 550 quidem
969 509 1065 536 cum
1085 495 1195 549 ipso.
1245 493 1368 536 Nihil
1390 507 1545 549 queror

193 558 243 598 de
281 556 530 610 Dolabella,
562 555 635 609 qui
667 558 762 596 tum
794 557 860 596 est
891 554 1106 608 inpulsus,
1137 553 1356 607 inductus,
1388 552 1544 594 elusus.

195 615 287 665 Qua
324 616 370 656 in
407 629 452 656 re
492 617 654 669 quanta
689 613 822 655 fuerit
853 615 1034 667 uterque
1066 615 1258 654 vestrum
1289 611 1469 666 perfidia
1500 611 1545 652 in

193 674 485 728 Dolabellam,
531 673 626 728 quis
671 672 875 728 ignorat?
912 671 985 713 ille
1026 671 1229 725 [induxit,
1265 674 1316 712 ut
1347 670 1543 725 peteret,]

193 734 456 788 promissum
483 735 526 773 et
551 735 775 786 receptum
800 730 1046 772 intervertit
1074 730 1126 771 ad
1147 744 1277 784 seque
1297 729 1545 783 transtulit3
1566 745 1598 770 ιο

193 796 240 833 tu
263 793 353 834 eius
374 791 577 847 perfidiae
598 791 870 832 voluntatem
890 792 1011 831 tuam
1026 789 1307 843 adscripsisti.
1353 787 1546 829 Veniunt

194 851 413 893 Kalendae
445 850 689 904 Ianuariae3
722 849 917 904 cogimur
943 849 988 890 in
1013 851 1229 902 senatum3
1255 847 1452 889 invectus
1479 849 1546 888 est

195 910 412 965 copiosius
446 909 584 950 multo
618 909 662 950 in
693 908 829 950 istum
861 911 904 949 et
936 907 1130 962 paratius
1156 906 1385 948 Dolabella
1417 919 1546 959 quam

135 978 180 1008 80
193 983 307 1011 nunc
351 982 443 1024 ego.
517 967 602 1009 Hic
647 970 791 1009 autem
835 966 972 1008 iratus
1017 981 1124 1020 quae
1164 966 1289 1017 dixit,
1339 965 1381 1006 di
1426 964 1546 1006 boni!

197 1028 391 1069 Primum
423 1042 520 1069 cum
553 1026 710 1068 Caesar
744 1026 1004 1067 ostendisset
1037 1039 1099 1079 se,
1136 1025 1388 1079 priusquam
1421 1022 1601 1077 profi-1⁵

195 1087 439 1140 cisceretur,
471 1085 745 1127 Dolabellam
779 1085 997 1131 consulem
1030 1098 1123 1125 esse
1156 1083 1372 1124 iussurum
1400 1080 1546 1137 (quem

194 1149 356 1201 negant
382 1159 540 1200 regem,
574 1144 647 1199 qui
673 1147 716 1185 et
742 1143 903 1185 faceret
930 1157 1098 1197 semper
1124 1143 1214 1184 eius
1242 1141 1357 1183 modi
1384 1140 1547 1195 aliquid

195 1209 238 1246 et
258 1202 436 1259 diceret)
454 1227 508 1233 -—
525 1203 599 1245 sed
620 1217 717 1244 cum
732 1202 891 1244 Caesar
910 1202 973 1242 ita
992 1201 1183 1255 dixisset,
1203 1203 1296 1241 tum
1317 1199 1386 1241 hic
1407 1200 1545 1241 bonus

195 1276 333 1318 augur
360 1276 409 1303 eo
437 1276 481 1304 se
508 1261 749 1303 sacerdotio
777 1260 1020 1315 praeditum
1041 1274 1133 1301 esse
1154 1259 1274 1312 dixit,
1300 1261 1349 1299 ut
1369 1258 1546 1300 comitia

196 1320 401 1375 auspiciis
427 1320 494 1361 vel
521 1320 713 1373 inpedire
740 1320 806 1360 vel
833 1319 986 1360 vitiare
1013 1320 1173 1372 posset,
1200 1317 1326 1371 idque
1347 1330 1391 1358 se
1412 1315 1546 1357 factu·
1566 1333 1598 1358 20

196 1394 292 1421 rum
332 1393 424 1420 esse
465 1378 741 1419 adseveravit.
808 1377 861 1418 In
899 1390 984 1430 quo
1022 1376 1209 1430 primum
1248 1374 1546 1416 incredibilem

137 1448 177 1478 81
197 1438 500 1492 stupiditatem
537 1436 724 1477 hominis
764 1435 1023 1491 cognoscite.
1093 1434 1204 1484 Quid
1237 1433 1379 1475 enim?
1417 1433 1547 1487 istud,

198 1496 312 1552 quod
345 1499 387 1537 te
420 1495 651 1537 sacerdotii
683 1495 773 1536 iure
807 1494 945 1536 facere
978 1508 1102 1548 posse
1136 1492 1302 1546 dixisti,
1340 1492 1376 1533 si
1408 1505 1547 1548 augur

194 1569 282 1596 non
328 1568 443 1596 esses
489 1557 532 1595 et
571 1553 719 1595 consul
760 1567 893 1607 esses,
943 1553 1084 1593 minus
1123 1551 1262 1593 facere
1301 1550 1546 1606 potuisses?

198 1614 319 1666 Vide,
344 1628 397 1655 ne
425 1613 556 1654 etiam
581 1612 763 1654 facilius.
820 1611 912 1652 Nos
934 1611 1047 1653 enim
1066 1610 1385 1652 nuntiationem
1406 1609 1546 1651 solum
1565 1626 1599 1652 25

195 1673 416 1725 habemus,
450 1671 646 1713 consules
674 1674 717 1712 et
744 1670 898 1724 reliqui
924 1670 1207 1726 magistratus
1234 1669 1365 1710 etiam
1392 1667 1546 1723 specti-

197 1746 334 1773 onem.
397 1730 526 1785 Esto,
563 1730 645 1772 hoc
677 1729 895 1784 imperite;
935 1743 1012 1770 nec
1044 1729 1158 1770 enim
1190 1731 1255 1769 est
1287 1728 1340 1769 ab
1373 1726 1545 1768 homine

196 1804 433 1844 numquam
483 1789 629 1831 sobrio
680 1788 939 1843 postulanda
987 1787 1232 1842 prudentia3
1282 1785 1356 1827 sed
1405 1785 1545 1826 videte

198 1849 504 1903 inpudentiam.
573 1847 725 1889 Multis
767 1849 866 1888 ante
906 1846 1125 1887 mensibus
1164 1846 1209 1886 in
1247 1847 1399 1886 senatu
1436 1843 1546 1885 dixit

198 1923 241 1949 se
275 1907 527 1949 Dolabellae
567 1906 743 1948 comitia
775 1907 850 1946 aut
881 1904 1201 1959 prohibiturum
1234 1902 1438 1957 auspiciis
1470 1905 1599 1944 autso

196 1967 239 2008 id
277 1966 494 2008 facturum
533 1979 643 2019 esse,
689 1964 801 2018 quod
840 1963 952 2005 fecit.
1023 1962 1316 2016 Quisquamne
1354 1961 1545 2002 divinare

197 2028 355 2079 potest,
389 2024 490 2079 quid
523 2023 620 2065 vitii
653 2023 698 2064 in
730 2022 931 2076 auspiciis
963 2021 1157 2063 futurum
1189 2021 1258 2075 sit,
1284 2020 1367 2062 nisi
1395 2019 1469 2073 qui
1494 2018 1544 2060 de
1656 2045 1659 2050 ·

199 2084 316 2125 caelo
361 2097 531 2125 servare
576 2082 833 2124 constituit?
879 2081 993 2135 quod
1035 2094 1172 2134 neque
1217 2079 1319 2121 licet
1357 2077 1579 2120 comitiis¹
1656 2091 1665 2109 ’ἐ

200 2157 274 2195 per
300 2142 429 2197 leges,
461 2144 516 2195 et,
549 2141 584 2182 si
613 2140 685 2194 qui
712 2139 910 2193 servavit,
942 2153 1027 2180 non
1054 2137 1241 2180 comitiis
1267 2135 1440 2189 habitis,
1472 2135 1546 2177 sed
1655 2114 1667 2187 Ξ

199 2201 450 2254 priusquam
471 2200 724 2253 habeantur,
749 2198 876 2239 debet
895 2197 1105 2239 nuntiare.
1157 2196 1318 2238 Verum
1339 2193 1547 2248 inplicata
1564 2211 1598 2237 ³⁵
1653 2203 1668 2259 ᾖ

200 2259 428 2299 inscientia
459 2257 710 2312 inpudentia
745 2258 830 2309 est,
859 2271 936 2298 nec
963 2256 1057 2308 scit,
1084 2255 1196 2310 quod
1223 2267 1442 2308 augurem,
1467 2267 1544 2294 nec
1645 2266 1671 2543 ἲ

1659 1815 1666 1903 ..ἡ-ὴ

141 2323 183 2354 8⁵2
202 2316 316 2368 facit,
350 2317 463 2371 quod
495 2316 726 2370 pudentem
759 2316 890 2357 decet.
953 2314 1105 2368 Itaque
1138 2327 1187 2354 ex
1214 2312 1289 2353 illo
1316 2311 1382 2352 die
1410 2325 1545 2353 recor·
