1671 2543
229 96 316 137 208
576 94 671 130 PRO
697 94 769 130 CN.
795 93 999 129 PLANCIO
1025 92 1218 130 ORATIO.

233 203 347 258 quod
384 202 524 257 magis
559 201 784 256 intellego,
822 202 1089 256 temporibus
1122 203 1165 242 te
1198 201 1294 243 aliis
1327 202 1570 256 reservasti,

233 276 313 317 ego
341 260 538 315 quoque',
564 260 730 314 inquiet
756 260 940 314 populus
966 259 1200 314 Romanus,
1229 259 1298 301 ‘ad
1323 274 1373 301 ea
1396 263 1440 302 te
1465 263 1570 301 tem-

232 335 339 375 pora
364 319 572 372 revocavi,
599 319 651 359 ad
678 333 786 372 quae
812 321 861 359 tu
886 321 929 359 te
949 318 1040 372 ipse
1061 333 1267 360 servaras.
1310 318 1416 359 Pete
1434 318 1570 374 igitur

233 393 331 420 eum
362 378 681 433 magistratum,
716 377 761 417 in
793 391 876 430 quo
909 377 1016 418 mihi
1047 391 1229 432 magnae
1261 377 1446 418 utilitati
1477 391 1569 418 esse

232 437 392 491 possis,
424 436 581 478 aediles
614 435 872 489 quicumque
904 437 1041 490 erunt,
1071 435 1185 476 idem
1217 435 1324 476 mihi
1353 438 1454 476 sunt
1478 435 1567 476 ludi
1605 448 1622 474 5

232 496 393 550 parati,
425 494 590 535 tribuni
620 494 677 548 pl.
709 494 934 548 permagni
964 494 1147 535 interest
1179 494 1252 548 qui
1278 494 1377 535 sint.
1429 493 1569 543 Quare

233 558 309 595 aut
340 554 465 595 redde
498 552 624 607 mihi,
663 552 777 606 quod
808 551 1074 606 ostenderas,
1112 554 1204 606 aut,
1244 552 1299 606 si,
1330 552 1444 606 quod
1475 566 1571 594 mea

233 613 374 653 minus
403 613 593 664 interest,
622 610 666 652 id
691 613 734 652 te
761 610 900 666 magis
926 610 1038 652 forte
1065 610 1262 665 delectat,
1287 611 1463 652 reddam
1487 610 1569 651 tibi

232 672 364 712 istam
396 670 663 711 aedilitatem
694 669 828 710 etiam
857 669 1137 724 neglegenter
1166 669 1350 723 petenti,
1382 669 1456 710 sed
1485 683 1569 709 am-

192 764 198 771 .
232 729 450 783 plissimos
474 729 658 769 honores
679 731 728 768 ut
747 742 825 782 pro
847 727 1059 782 dignitate
1078 730 1155 768 tua
1175 742 1447 781 consequare,
1473 741 1568 769 con·
1588 742 1622 766 10

233 788 374 829 discas
404 801 554 828 censeo
586 786 694 827 mihi
724 786 852 840 paulo
885 786 1134 841 diligentius
1167 785 1434 840 supplicare.⁹

175 825 219 914 ἃ
320 845 439 887 Haec
463 845 614 899 populi
640 845 778 886 oratio
807 847 883 897 est,
910 859 1005 885 mea
1023 859 1137 898 vero,
1162 843 1421 899 Laterensis,
1445 843 1568 886 haec:

235 919 364 958 quare
397 904 536 945 victus
571 904 641 957 sis,
675 918 764 945 11011
795 903 947 944 debere
978 903 1164 944 iudicem
1196 917 1410 957 quaerere,
1442 902 1568 944 modo

231 978 284 1004 ne
309 963 541 1018 largitione
563 962 621 1003 sis
642 962 793 1003 victus.
840 960 955 1002 Nam
975 961 1024 1015 si,
1050 961 1433 1016 quotienscumque
1452 975 1568 1014 prae-

232 1022 388 1063 teritus
410 1021 492 1062 erit
511 1021 561 1074 is,
588 1021 660 1075 qui
679 1035 767 1062 non
787 1020 983 1074 debuerit
1001 1019 1241 1074 praeteriri,
1267 1019 1426 1061 totiens
1447 1033 1567 1073 opor-
1588 1032 1620 1058 15

232 1080 344 1121 tebit
375 1094 484 1133 eum,
518 1079 590 1133 qui
621 1079 761 1120 factus
794 1079 889 1132 erit,
922 1078 1208 1132 condemnari,
1239 1077 1349 1120 nihil
1381 1080 1447 1119 est
1470 1077 1569 1132 iam,

234 1139 347 1192 quod
368 1138 529 1192 populo
551 1138 829 1192 supplicetur,
853 1137 975 1190 nihil,
1002 1137 1115 1192 quod
1135 1137 1328 1178 diribitio
1349 1136 1569 1191 suffragio-

233 1212 340 1250 rum,
358 1197 480 1249 nihil,
502 1196 615 1250 quod
635 1196 911 1250 [supplicatio
926 1196 1291 1250 magistratuum,]
1306 1194 1568 1235 renuntiatio

233 1258 500 1309 expectetur3
532 1254 660 1295 simul
690 1258 751 1307 ut,
784 1254 857 1308 qui
883 1253 971 1294 sint
995 1253 1191 1307 professi,
1221 1253 1379 1307 videro,
1410 1253 1569 1293 dicam:

179 1326 219 1356 15
236 1314 335 1355 ‘Hie
359 1313 525 1354 familia
546 1312 761 1354 consulari
781 1315 858 1365 est,
883 1311 956 1353 ille
976 1312 1211 1366 praetoria,
1236 1311 1424 1365 reliquos
1444 1310 1566 1351 video
1587 1326 1621 1351 20

233 1386 325 1413 esse
358 1386 408 1412 ex
439 1371 629 1425 equestri
660 1370 774 1424 loco3
812 1372 913 1411 sunt
944 1383 1091 1411 omnes
1124 1369 1214 1411 sine
1247 1369 1432 1423 macula,
1467 1371 1569 1410 sunt

235 1445 381 1471 01111108
403 1443 536 1483 aeque
555 1428 658 1470 boni
678 1429 759 1470 viri
779 1431 907 1482 atque
927 1428 1100 1483 integri,
1122 1427 1196 1469 sed
1216 1427 1377 1469 servari
1394 1402 1574 1468 n⁷ecesse

234 1491 300 1529 est
327 1488 503 1543 gradus3
533 1487 655 1529 cedat
682 1487 897 1528 consulari
922 1486 1070 1542 generi
1089 1462 1368 1540 7praetorium,
1393 1499 1447 1526 ne
1473 1499 1568 1527 con-

162 1552 236 1593 (15
234 1547 389 1588 tendat
416 1560 513 1588 011111
537 1545 753 1600 praetorio
773 1545 945 1586 nomine
967 1548 1165 1599 equestei
1183 1543 1330 1586 locus?
1388 1542 1569 1585 Sublata

234 1608 335 1647 sunt
372 1604 532 1658 studia,
576 1604 790 1645 extinctae
829 1603 1178 1659 suffragationes,
1217 1602 1359 1644 nullae
1398 1604 1567 1644 conten·
1587 1617 1620 1642 25

233 1664 386 1718 tiones,
415 1663 536 1704 nulla
565 1662 746 1703 libertas
776 1662 927 1716 populi
957 1663 1003 1702 in
1027 1661 1278 1702 mandandis
1305 1660 1568 1716 magistrati-

231 1721 325 1775 bus,
350 1721 470 1762 nulla
495 1720 737 1775 expectatio
758 1720 1078 1775 suffragiorum3
1103 1720 1225 1773 nihil,
1249 1721 1298 1760 ut
1317 1719 1567 1773 plerumque

233 1780 392 1833 evenit,
429 1783 601 1834 praeter
632 1779 877 1834 opinionem
908 1778 1089 1831 accidet,
1122 1778 1241 1819 nulla
1272 1778 1355 1818 erit
1385 1776 1568 1831 posthac

233 1839 419 1879 varietas
452 1838 737 1880 comitiorum.
791 1836 868 1878 Sin
896 1836 980 1879 1100
1009 1851 1215 1902 persaepe
1246 1836 1413 1889 accidit,
1443 1837 1494 1876 ut
1524 1837 1568 1876 et

232 1897 372 1938 factos
406 1897 573 1950 aliquos
606 1898 650 1937 et
680 1910 767 1937 non
786 1895 935 1937 factos
962 1909 1054 1937 esse
1080 1895 1295 1948 miremur,
1328 1894 1365 1935 si
1391 1907 1566 1947 campus
1587 1908 1623 1934 30

234 1958 364 2009 atque
398 1955 498 1996 illae
529 1955 666 1996 undae
699 1954 973 1996 comitiorum
1004 1956 1054 1994 ut
1084 1967 1201 1994 mare
1232 1952 1493 2018 profundum
1524 1954 1568 1992 et

233 2014 475 2055 inmensum
505 2014 567 2055 810
599 2013 880 2054 effervescunt
911 2012 1096 2066 quodam
1126 2011 1248 2065 quasi
1275 2013 1408 2063 aestu,
1439 2012 1490 2050 ut
1515 2009 1567 2050 ad

235 2071 342 2112 alios
375 2072 591 2125 accedant,
622 2071 675 2112 ab
709 2070 805 2112 aliis
840 2073 985 2111 autem
1015 2069 1227 2122 recedant,
1259 2071 1381 2110 tanto
1413 2081 1493 2108 nos
1522 2067 1568 2108 in

233 2130 397 2183 impetu
424 2130 665 2171 studiorum
692 2131 735 2170 et
761 2131 883 2170 motu
906 2128 1165 2169 temeritatis
1185 2127 1360 2168 modum
1380 2125 1567 2178 aliquem

180 2194 219 2223 16
236 2190 279 2227 et
311 2188 538 2229 consilium
563 2190 607 2229 et
632 2187 843 2229 rationem
869 2185 1167 2240 requiremus?
1218 2184 1358 2233 Quare
1382 2182 1475 2225 noli
1499 2198 1567 2224 me
1587 2199 1621 2225 35

235 2245 287 2285 ad
319 2246 637 2287 contentionem
662 2248 854 2287 vestrum
879 2258 1043 2298 vocare,
1074 2242 1330 2285 Laterensis.
1379 2241 1568 2296 Etenim,

235 2303 271 2342 si
301 2303 459 2359 populo
493 2307 618 2358 grata
649 2306 716 2345 est
741 2302 912 2356 tabella,
945 2316 1053 2356 quae
1078 2302 1241 2343 frontes
1270 2300 1408 2355 aperit
1432 2299 1569 2341 1101111-
