1671 2543
569 68 668 103 GAP.
697 71 789 103 5—'7
815 71 836 110 ἓ
863 70 1012 103 14—20.
1385 69 1469 111 337

124 176 278 219 cidisse
316 176 485 217 videtur
521 179 564 216 et
602 176 847 229 inprovidas
886 174 1110 217 hominum
1149 178 1316 217 mentes
1351 191 1472 218 occu-

123 235 306 290 pavisse,
331 237 381 276 ut
405 248 531 276 nemo
557 234 706 275 mirari
731 234 886 275 debeat
911 233 1098 274 humana
1123 234 1304 276 consilia
1328 235 1471 276 divina

123 293 381 336 necessitate
413 307 504 334 esse
537 295 749 347 superata.
800 292 950 334 Liceat
982 306 1073 334 esse
1099 292 1279 334 miseros
1307 292 1472 348 (quam—
1490 298 1531 331 18

126 367 254 407 quam
284 352 366 394 hoc
397 351 559 393 victore
592 365 684 393 esse
716 366 803 392 non
834 365 1082 406 possumus3
1113 352 1188 393 sed
1212 367 1299 393 non
1318 352 1473 406 loquor

89 411 176 452 nde
224 411 368 464 nobis,
417 410 467 451 de
512 410 598 451 illis
642 410 813 464 loquor7
863 410 936 464 qui
978 408 1261 466 occiderunt),
1310 410 1474 452 fuerint

125 469 285 524 cupidi,
322 469 483 510 fuerint
520 468 638 523 irati,
676 468 838 510 fuerint
868 468 1127 523 pertinacem
1167 469 1339 510 sceleris
1371 484 1472 511 vero

126 528 317 582 crimine,
347 527 519 582 furoris,
550 527 770 582 parricidii
796 527 925 569 liceat
953 526 1026 569 Cn.
1052 527 1260 582 Pompeio
1287 531 1474 583 mortuo,

124 587 254 629 liceat
291 586 441 628 multis
480 586 576 628 aliis
617 601 772 628 carere.
835 585 1013 635 Quando
1045 586 1127 627 hoc
1160 587 1390 641 quisquam
1421 601 1473 628 ex

125 648 180 700 te,
212 644 382 699 Caesar,
415 645 590 698 audivit,
623 648 698 686 aut
727 647 802 686 tua
829 645 930 698 quid
957 644 1072 686 aliud
1100 659 1219 686 arma
1244 645 1474 687 voluerunt

74 714 107 739 1⁰
124 704 209 745 m‘si
253 718 279 745 a
319 707 362 745 te
401 704 707 745 contumeliam
744 703 1025 758 propulsare?
1095 702 1206 752 Quid
1244 704 1335 759 egit
1373 707 1473 745 tuus

125 763 312 804 invictus
344 762 569 817 exercitus,
599 762 683 804 nisi
715 765 764 803 ut
797 777 921 803 suum
952 762 1019 802 ius
1047 764 1241 803 tueretur
1268 765 1312 803 et
1338 763 1474 818 digni-

125 823 262 863 tatem
291 821 441 863 tuam‘?
475 820 615 870 Quid?
643 824 690 862 tu
717 836 813 862 cum
839 835 989 875 pacem
1015 834 1107 861 esse
1135 821 1349 875 cupiebas,
1375 821 1473 862 idne

126 881 298 935 agebas,
322 883 372 921 ut
397 880 480 921 tibi
507 894 603 921 cum
629 879 848 921 sceleratis
877 894 930 919 an
956 882 1005 920 ut
1032 893 1128 920 cum
1154 879 1280 920 bonis
1307 879 1473 920 civibus

126 938 400 980 conveniret?
467 937 577 979 Mihi
613 952 732 992 vero,
770 936 945 991 Caesar,
983 940 1059 978 tua
1096 937 1142 978 in
1179 951 1246 978 me
1284 937 1473 979 maxima
1490 945 1530 977 19

75 1012 108 1037 15
128 997 285 1038 merita
309 999 433 1037 tanta
458 999 572 1038 certe
597 1011 684 1038 non
709 996 967 1050 viderentur,
994 996 1029 1036 si
1056 1010 1124 1037 me
1146 998 1196 1036 ut
1217 997 1474 1037 sceleratum

127 1070 153 1097 a
189 1058 232 1096 te
272 1058 574 1097 conservatum
605 1058 814 1108 putarem.
878 1054 971 1103 Quo
1004 1054 1131 1095 modo
1165 1057 1311 1095 autem
1342 1057 1391 1096 tu
1423 1055 1474 1096 de

126 1127 172 1155 re
197 1114 372 1168 publica
396 1114 503 1155 bene
530 1114 710 1154 meritus
737 1127 864 1167 esses,
891 1127 988 1154 cum
1014 1115 1082 1154 tot
1109 1113 1341 1154 sceleratos
1362 1113 1475 1154 inco—

126 1172 232 1214 lumi
270 1172 482 1227 dignitate
518 1186 611 1213 esse
643 1171 883 1213 voluisses?
947 1170 1242 1216 Secessionem
1273 1174 1322 1212 tu
1353 1171 1475 1212 illam

128 1231 445 1285 existimavisti,
472 1229 640 1284 Caesar,
666 1230 804 1284 initio,
835 1244 923 1271 non
948 1230 1122 1283 bellum,
1150 1244 1288 1283 neque
1314 1229 1475 1271 hostile

74 1304 108 1328 20
129 1290 286 1344 odium,
307 1290 393 1331 ‘sed
425 1289 549 1331 civile
581 1289 818 1342 discidium,
850 1288 1046 1342 utrisque
1080 1288 1351 1343 cupientibus
1385 1303 1475 1329 rem

126 1348 346 1403 publicam
378 1348 560 1402 salvam,
592 1347 666 1389 sed
697 1347 856 1401 partim
889 1347 1094 1400 consiliis,
1126 1347 1287 1401 partim
1320 1347 1474 1388 studiis

128 1421 154 1447 a
178 1407 395 1448 communi
419 1406 612 1460 utilitate
639 1406 950 1447 aberrantibus.
1007 1405 1258 1459 Principum
1284 1405 1474 1461 dignitas

126 1468 222 1506 erat
258 1479 391 1519 paene
429 1466 525 1519 par,
561 1479 763 1519 nou-,par
799 1464 986 1512 fortasse
1020 1478 1186 1517 eorum,
1224 1464 1298 1518 qui
1330 1478 1474 1517 seque--

130 1523 307 1577 bantur3
323 1537 463 1582 -causa
488 1526 582 1564 tum
608 1523 749 1577 dubia,
776 1523 889 1577 quod
915 1525 1008 1564 erat
1035 1523 1196 1576 aliquid
1221 1522 1268 1563 in
1292 1525 1474 1576 utraque

78 1594 110 1619 25
131 1584 266 1636 parte,
298 1581 411 1634 quod
442 1581 617 1634 probari
648 1584 814 1635 posset;
843 1595 956 1622 nunc
989 1580 1140 1622 melior
1172 1595 1222 1621 ea
1249 1580 1477 1622 iudicanda

132 1642 210 1693 est,
237 1653 366 1693 quam
391 1639 521 1679 etiam
545 1639 586 1679 di
607 1639 871 1679 adiuverunt.
920 1637 1106 1692 Cognita
1126 1652 1226 1679 vero
1248 1639 1476 1680 clementia

131 1701 208 1739 tua
239 1697 335 1751 quis
367 1711 454 1738 non
485 1711 580 1737 eam
610 1697 836 1738 victoriam
868 1696 1039 1749 probet,
1077 1696 1123 1736 in
1155 1710 1239 1749 qua
1271 1696 1476 1737 occiderit

130 1770 257 1798 nemo
288 1755 373 1796 nisi
406 1754 627 1795 armatus?
1493 1782 1515 1822 7

223 1812 306 1855 Sed
336 1815 386 1854 ut
419 1813 618 1853 omittam
650 1826 919 1852 communem
952 1825 1137 1864 causam,
1168 1811 1390 1852 veniamus
1424 1811 1474 1851 ad
1491 1841 1535 1872 20

81 1884 115 1910 ³0
132 1875 339 1914 nostram.
413 1870 572 1912 Utrum
621 1870 794 1910 tandem
845 1869 1065 1910 existimas
1114 1868 1284 1910 facilius
1331 1868 1475 1921 fuisse,

133 1930 321 1983 Tubero,
351 1928 576 1984 Ligarium
608 1942 658 1969 ex
689 1927 839 1968 Africa
870 1928 983 1968 exire
1016 1941 1070 1968 an
1100 1941 1176 1968 vos
1208 1927 1253 1967 in
1284 1926 1477 1967 Africam

134 2003 221 2030 non
263 1987 438 2029 venire?
511 1984 870 2038 ‘Poteramusne',
914 1985 1100 2039 inquies,
1144 1983 1258 2026 ‘cum
1302 1987 1477 2025 senatus

135 2044 417 2089 censuisset?
482 2044 529 2086 Si
563 2059 630 2085 me
663 2044 863 2098 consulis,
894 2044 1014 2084 nullo
1048 2043 1195 2097 modo3
1228 2043 1301 2084 sed
1333 2046 1478 2083 tamen

135 2105 359 2160 Ligarium
380 2106 553 2145 senatus
570 2103 683 2143 idem
697 2103 927 2157 legaverat.
970 2102 1115 2155 Atque
1131 2101 1205 2142 ille
1219 2115 1268 2142 eo
1283 2103 1477 2155 tempore

84 2164 301 2218 &pai-uit,
344 2177 441 2204 cum
483 2175 632 2215 parere
678 2160 845 2201 senatui
887 2174 1059 2201 necesse
1104 2162 1215 2213 erat3
1263 2173 1339 2200 vos
1383 2162 1478 2200 tum

135 2221 359 2275 paruistis,
399 2235 495 2262 cum
526 2219 671 2274 paruit
701 2232 844 2271 nemo,
878 2218 950 2272 qui
981 2217 1134 2260 noluit.
1195 2217 1477 2271 Reprehendo

136 2279 301 2334 igitur?
333 2279 510 2320 Minime
542 2292 655 2319 vero.
711 2276 862 2330 Neque
889 2276 1003 2317 enim
1028 2276 1152 2318 licuit
1179 2276 1306 2317 aliter
1331 2278 1475 2317 vestro

208 2352 281 2379 010.
301 2354 342 2379 u
363 2354 392 2379 a.
1219 2347 1264 2379 22
