1671 2543
514 79 617 115 CAP.
644 84 782 115 49-51
810 84 829 124 ξ
857 84 1052 116 104—109.
1395 82 1450 122 47

117 188 263 230 audire
294 190 478 244 poterat.
539 187 679 229 Erant
710 188 808 229 illae
842 188 1062 230 contiones
1087 190 1356 244 perditorum
1380 190 1453 231 ho-

117 247 282 289 minum
311 246 553 289 necessario
585 247 871 288 turbulentae.
933 247 1100 289 Habuit
1132 249 1183 289 de
1209 249 1358 290 eodem
1384 263 1451 289 me
1469 255 1533 287 107

116 305 163 347 P.
195 305 404 347 Lentulus
443 305 592 347 consul
631 306 893 361 contionem3
932 321 1163 348 concursus
1201 310 1268 348 est
1303 307 1453 362 populi

117 364 302 406 Romani
339 364 498 419 factus,
537 379 684 406 omnes
719 364 906 419 ordines,
944 368 1038 407 tota
1068 366 1114 407 in
1143 366 1221 407 illa
1252 366 1452 408 contione

81 423 248 464 5Italia
286 423 497 465 constitit.
557 423 665 478 Egit
703 437 875 464 causam
912 438 1078 465 summa
1110 439 1206 466 cum
1238 424 1452 480 gravitate

118 482 323 536 copiaque
367 481 533 523 dicendi
576 484 699 523 tanto
744 482 934 537 silentio,
978 485 1100 524 tanta
1144 483 1451 538 adprobatione

118 540 320 593 omnium,
350 540 459 581 nihil
490 543 540 582 ut
570 555 776 594 umquam
807 541 1022 582 videretur
1051 545 1140 583 tam
1166 542 1372 596 populare
1400 542 1452 582 ad

116 599 264 653 populi
295 599 480 640 Romani
512 613 635 640 aures
668 599 884 640 accidisse.
945 599 1187 642 Productus
1220 603 1286 642 est
1319 601 1371 641 ab
1402 615 1451 642 eo

117 657 192 700 Cn.
224 657 473 712 Pompeius,
513 658 585 712 qui
621 672 665 699 se
696 672 784 699 non
815 658 956 700 solum
988 662 1207 701 auctorem
1238 674 1357 700 meae
1390 674 1453 700 sa-

65 728 98 753 10
116 716 239 770 lutis,
276 717 350 758 sed
387 717 519 757 etiam
558 717 794 771 supplicem
822 718 1014 769 praebuit
1049 718 1210 772 populo
1242 718 1451 759 Romano.

117 775 256 817 Huius
296 775 433 816 oratio
471 777 522 816 ut
560 789 727 829 semper
759 776 901 830 gravis
934 779 977 817 et
1009 779 1135 831 grata
1169 777 1213 818 in
1246 777 1452 818 contioni-

116 834 196 875 bus
239 833 341 887 fuit,
385 834 446 875 sic
490 834 700 875 contendo
744 849 979 888 numquam
1015 849 1152 889 neque
1192 836 1451 877 sententiam

117 893 208 934 eius
246 892 505 934 auctoritate
536 907 673 946 neque
707 893 997 947 eloquentiam
1028 894 1292 935 iucunditate
1319 893 1450 935 fuisse

117 952 288 993 maiore.
352 951 445 1000 Quo
484 951 656 992 silentio
693 954 794 993 sunt
825 952 960 993 auditi
993 953 1043 993 de
1075 967 1142 994 me
1176 953 1307 994 ceteri
1337 953 1449 1007 prin·
1467 961 1534 993 108

65 1020 97 1046 15
118 1011 232 1064 cipes
265 1009 473 1052 civitatis!
506 1024 613 1064 quos
644 1010 802 1051 idcirco
834 1025 922 1052 non
953 1011 1123 1065 appello
1153 1011 1235 1053 hoc
1261 1012 1368 1065 loco,
1398 1026 1451 1053 ne

117 1083 212 1110 mea
250 1069 406 1122 oratio,
451 1068 488 1110 si
526 1068 667 1110 minus
705 1069 755 1109 de
795 1069 938 1123 aliquo
977 1070 1140 1124 dixero7
1185 1071 1374 1125 ingrata7
1415 1070 1452 1111 si

118 1127 224 1168 satis
263 1128 313 1168 de
347 1127 562 1180 omnibus,
600 1127 771 1168 infinita
802 1142 894 1169 esse
926 1128 1132 1169 videatur.
1195 1127 1308 1170 Cedo
1340 1144 1452 1170 nunc

117 1186 305 1227 eiusdem
347 1186 464 1227 illius
508 1185 671 1227 inimici
713 1186 796 1226 mei
835 1186 884 1227 de
924 1201 991 1227 me
1030 1187 1177 1228 eodem
1216 1187 1267 1228 ad
1305 1202 1453 1228 verum

115 1245 322 1299 populum
370 1244 416 1285 in
465 1259 614 1298 campo
658 1243 819 1286 Martio
870 1245 1133 1286 contionem!
1215 1245 1319 1295 Quis
1366 1260 1454 1287 non

63 1315 97 1340 20
116 1304 242 1345 modo
275 1303 541 1357 adprobavit,
576 1303 650 1344 sed
680 1318 765 1344 non
798 1303 1148 1359 indignissimum
1180 1304 1347 1346 facinus
1379 1319 1453 1359 pu-

116 1362 226 1403 tavit
262 1362 385 1402 illum
421 1377 508 1403 non
545 1362 684 1403 dicam
720 1362 857 1416 loqui,
897 1362 969 1404 sed
1004 1363 1146 1404 vivere
1179 1378 1228 1405 ac
1260 1363 1452 1417 spirare?

117 1420 212 1474 quis
249 1419 351 1474 fuit,
391 1421 463 1474 qui
500 1435 587 1462 non
618 1421 709 1461 eius
741 1435 842 1462 voce
876 1421 1082 1463 maculari
1114 1436 1204 1463 rem
1235 1422 1453 1476 publicam

116 1493 262 1533 seque,
294 1479 331 1519 si
363 1493 459 1520 eum
491 1479 669 1533 audiret,
701 1479 858 1520 scelere
892 1480 1105 1535 adstringi
1137 1480 1451 1522 arbitraretur?

204 1537 343 1579 Venio
381 1538 434 1578 ad
469 1538 662 1591 comitia,
701 1538 789 1579 sive
822 1538 1156 1593 magistratuum
1188 1539 1331 1593 placet
1363 1539 1451 1580 sive
1472 1524 1524 1565 51

65 1607 98 1632 25
117 1596 272 1651 legum.
337 1594 474 1651 Leges
511 1596 704 1637 videmus
742 1611 867 1650 saepe
905 1597 1008 1638 ferri
1048 1598 1220 1639 multas.
1284 1597 1451 1639 Omitto
1470 1584 1535 1614 109

119 1669 188 1695 eas
198 1688 208 1707 ,
247 1668 353 1708 quae
386 1654 581 1695 feruntur
611 1655 690 1709 ita,
728 1655 799 1696 vix
836 1658 885 1696 ut
918 1655 1054 1709 quini7
1092 1658 1136 1696 et
1167 1656 1198 1696 ii
1231 1670 1280 1697 ex
1313 1656 1453 1697 aliena

118 1713 253 1766 tribu,
302 1712 374 1766 qui
418 1712 670 1768 suffragium
711 1713 869 1767 ferant,
912 1714 1192 1767 reperiantur.
1267 1713 1331 1755 De
1374 1729 1452 1768 me,

119 1786 245 1825 quem
284 1773 514 1824 tyrannum
546 1774 673 1825 atque
706 1774 944 1825 ereptorem
975 1771 1191 1814 libertatis
1225 1786 1315 1813 esse
1347 1773 1454 1814 dice-

119 1830 195 1871 bat
238 1829 314 1869 illa
356 1829 479 1870 ruina
521 1830 583 1870 rei
625 1830 838 1884 publicae,
883 1830 986 1870 dicit
1030 1844 1074 1871 se
1114 1831 1254 1885 legem
1292 1831 1453 1872 tulisse.

65 1902 101 1928 30
121 1888 225 1937 Quis
257 1890 334 1942 est,
367 1888 439 1941 qui
471 1902 527 1941 se,
560 1902 655 1929 cum
687 1891 837 1930 contra
861 1903 927 1928 me
953 1887 1184 1942 ferebatur,
1216 1889 1345 1930 inisse
1372 1889 1455 1931 suf-

119 1946 305 2001 fragium
350 1946 634 1988 confiteatur‘?
685 1961 780 1988 cum
824 1949 967 1987 autem
1010 1947 1059 1988 de
1103 1962 1169 1988 me
1214 1948 1362 1989 eodem
1405 1962 1455 1988 ex

119 2008 293 2046 senatus
333 2005 528 2046 consulto
568 2004 753 2046 comitiis
793 2005 1044 2046 centuriatis
1081 2005 1315 2059 ferebatur,
1360 2006 1455 2060 quis

121 2066 204 2117 est,
243 2063 315 2118 qui
351 2078 439 2105 non
468 2063 723 2117 profiteatur
754 2077 798 2104 se
830 2063 1014 2105 adfuisse
1047 2067 1090 2105 et
1121 2064 1373 2119 suffragium
1405 2065 1454 2105 de

122 2122 259 2164 salute
285 2136 379 2163 mea
405 2122 584 2163 tulisse?
634 2121 746 2164 Utra
770 2122 905 2176 igitur
931 2136 1058 2163 causa
1082 2123 1302 2176 popularis
1328 2123 1455 2164 debet

69 2193 103 2220 35
122 2180 266 2234 videri,
286 2180 331 2222 in
351 2195 434 2234 qua
455 2194 601 2222 omnes
619 2180 869 2221 honestates
891 2180 1092 2234 civitatis,
1113 2195 1259 2222 omnes
1279 2184 1454 2236 aetates,

124 2252 270 2280 omnes
296 2239 465 2280 ordines
490 2253 576 2280 una
599 2242 727 2280 mente
753 2239 1037 2292 consentiunt,
1064 2253 1118 2280 an
1142 2240 1188 2281 in
1213 2254 1297 2294 qua
1319 2239 1454 2281 furiae

123 2297 361 2339 concitatae
392 2301 614 2352 tamquam
646 2297 697 2338 ad
728 2296 856 2340 funus
887 2296 947 2338 rei
973 2297 1169 2353 publicae
1195 2298 1453 2341 convolant‘.>
