<?xml version="1.0" encoding="UTF-8"?>
<!DOCTYPE html PUBLIC "-//W3C//DTD XHTML 1.0 Transitional//EN"
    "http://www.w3.org/TR/xhtml1/DTD/xhtml1-transitional.dtd">
<html xmlns="http://www.w3.org/1999/xhtml" xml:lang="en" lang="en">
 <head>
  <title>
</title>
<meta http-equiv="Content-Type" content="text/html;charset=utf-8" />
  <meta name='ocr-system' content='tesseract 3.04.00' />
  <meta name='ocr-capabilities' content='ocr_page ocr_carea ocr_par ocr_line ocrx_word'/>
</head>
<body>
  <div class='ocr_page' id='page_1' title='image "./p3scriptaquaemanse02ciceuoft_0176.png"; bbox 0 0 1671 2543; ppageno 0'>
   <div class='ocr_carea' id='block_1_1' title="bbox 144 216 198 258">
    <p class='ocr_par' dir='ltr' id='par_1_1' title="bbox 144 216 198 258">
     <span class='ocr_line' id='line_1_1' title="bbox 144 216 198 258; baseline 0.019 -1"><span class='ocrx_word' id='word_1_1' title='bbox 144 216 198 258; x_wconf 81' lang='lat'>38</span> 
     </span>
    </p>
   </div>
   <div class='ocr_carea' id='block_1_2' title="bbox 156 399 196 430">
    <p class='ocr_par' dir='ltr' id='par_1_2' title="bbox 156 399 196 430">
     <span class='ocr_line' id='line_1_2' title="bbox 156 399 196 430; baseline 0 0"><span class='ocrx_word' id='word_1_2' title='bbox 156 399 196 430; x_wconf 88' lang='lat'>81</span> 
     </span>
    </p>
   </div>
   <div class='ocr_carea' id='block_1_3' title="bbox 158 1161 200 1191">
    <p class='ocr_par' dir='ltr' id='par_1_3' title="bbox 158 1161 200 1191">
     <span class='ocr_line' id='line_1_3' title="bbox 158 1161 200 1191; baseline -0.024 0"><span class='ocrx_word' id='word_1_3' title='bbox 158 1161 200 1191; x_wconf 78' lang='lat'>82</span> 
     </span>
    </p>
   </div>
   <div class='ocr_carea' id='block_1_4' title="bbox 214 100 1172 147">
    <p class='ocr_par' dir='ltr' id='par_1_4' title="bbox 214 100 1172 147">
     <span class='ocr_line' id='line_1_4' title="bbox 214 100 1172 147; baseline 0 -10"><span class='ocrx_word' id='word_1_4' title='bbox 214 105 271 147; x_wconf 83' lang='lat'>36</span> <span class='ocrx_word' id='word_1_5' title='bbox 601 102 694 137; x_wconf 80' lang='lat' dir='ltr'>PRO</span> <span class='ocrx_word' id='word_1_6' title='bbox 722 102 760 138; x_wconf 92' lang='lat' dir='ltr'>P.</span> <span class='ocrx_word' id='word_1_7' title='bbox 787 101 952 137; x_wconf 86' lang='lat' dir='ltr'>SESTIO</span> <span class='ocrx_word' id='word_1_8' title='bbox 979 100 1172 137; x_wconf 85' lang='lat' dir='ltr'>ORATIO.</span> 
     </span>
    </p>
   </div>
   <div class='ocr_carea' id='block_1_5' title="bbox 213 209 1550 1318">
    <p class='ocr_par' dir='ltr' id='par_1_5' title="bbox 213 209 1550 1318">
     <span class='ocr_line' id='line_1_5' title="bbox 213 209 1549 266; baseline -0.001 -13"><span class='ocrx_word' id='word_1_9' title='bbox 213 212 283 253; x_wconf 90' lang='lat' dir='ltr'>An</span> <span class='ocrx_word' id='word_1_10' title='bbox 313 212 418 253; x_wconf 88' lang='lat' dir='ltr'>haec</span> <span class='ocrx_word' id='word_1_11' title='bbox 448 211 542 266; x_wconf 84' lang='lat' dir='ltr'>ipsa</span> <span class='ocrx_word' id='word_1_12' title='bbox 573 210 638 251; x_wconf 87' lang='lat' dir='ltr'>vis</span> <span class='ocrx_word' id='word_1_13' title='bbox 670 212 746 264; x_wconf 89' lang='lat' dir='ltr'>est,</span> <span class='ocrx_word' id='word_1_14' title='bbox 777 224 864 250; x_wconf 91' lang='lat' dir='ltr'>non</span> <span class='ocrx_word' id='word_1_15' title='bbox 888 223 1013 263; x_wconf 89' lang='lat' dir='ltr'>posse</span> <span class='ocrx_word' id='word_1_16' title='bbox 1040 209 1203 251; x_wconf 77' lang='lat' dir='ltr'>emori?</span> <span class='ocrx_word' id='word_1_17' title='bbox 1235 223 1291 250; x_wconf 91' lang='lat' dir='ltr'>an</span> <span class='ocrx_word' id='word_1_18' title='bbox 1315 210 1402 263; x_wconf 86' lang='lat' dir='ltr'>illa,</span> <span class='ocrx_word' id='word_1_19' title='bbox 1435 210 1549 264; x_wconf 87' lang='lat' dir='ltr'>quod</span> 
     </span>
     <span class='ocr_line' id='line_1_6' title="bbox 214 268 1549 324; baseline -0.001 -13"><span class='ocrx_word' id='word_1_20' title='bbox 214 270 411 311; x_wconf 87' lang='lat' dir='ltr'>tribunus</span> <span class='ocrx_word' id='word_1_21' title='bbox 459 270 516 324; x_wconf 85' lang='lat' dir='ltr'>pl.</span> <span class='ocrx_word' id='word_1_22' title='bbox 565 269 774 323; x_wconf 87' lang='lat' dir='ltr'>templum</span> <span class='ocrx_word' id='word_1_23' title='bbox 824 269 1091 309; x_wconf 80' lang='lat' dir='ltr'>cruentavit?</span> <span class='ocrx_word' id='word_1_24' title='bbox 1143 283 1213 322; x_wconf 89' lang='lat' dir='ltr'>an,</span> <span class='ocrx_word' id='word_1_25' title='bbox 1271 268 1401 323; x_wconf 87' lang='lat' dir='ltr'>quod,</span> <span class='ocrx_word' id='word_1_26' title='bbox 1452 283 1549 310; x_wconf 88' lang='grc'>011111</span> 
     </span>
     <span class='ocr_line' id='line_1_7' title="bbox 214 326 1548 382; baseline -0.002 -12"><span class='ocrx_word' id='word_1_27' title='bbox 214 331 326 371; x_wconf 90' lang='lat' dir='ltr'>esset</span> <span class='ocrx_word' id='word_1_28' title='bbox 375 328 544 369; x_wconf 88' lang='lat' dir='ltr'>ablatus</span> <span class='ocrx_word' id='word_1_29' title='bbox 588 328 856 382; x_wconf 86' lang='lat' dir='ltr'>primumque</span> <span class='ocrx_word' id='word_1_30' title='bbox 899 327 1137 381; x_wconf 88' lang='lat' dir='ltr'>resipisset,</span> <span class='ocrx_word' id='word_1_31' title='bbox 1185 341 1273 368; x_wconf 91' lang='lat' dir='ltr'>non</span> <span class='ocrx_word' id='word_1_32' title='bbox 1315 341 1360 368; x_wconf 89' lang='lat' dir='ltr'>se</span> <span class='ocrx_word' id='word_1_33' title='bbox 1398 326 1548 368; x_wconf 84' lang='lat' dir='ltr'>referri</span> 
     </span>
     <span class='ocr_line' id='line_1_8' title="bbox 213 385 1548 440; baseline -0.002 -11"><span class='ocrx_word' id='word_1_34' title='bbox 213 387 368 429; x_wconf 82' lang='lat' dir='ltr'>iussit?</span> <span class='ocrx_word' id='word_1_35' title='bbox 442 386 529 428; x_wconf 89' lang='lat' dir='ltr'>Ubi</span> <span class='ocrx_word' id='word_1_36' title='bbox 573 389 638 428; x_wconf 91' lang='lat' dir='ltr'>est</span> <span class='ocrx_word' id='word_1_37' title='bbox 682 385 870 426; x_wconf 81' lang='lat' dir='ltr'>crimen?</span> <span class='ocrx_word' id='word_1_38' title='bbox 915 386 1015 440; x_wconf 89' lang='lat' dir='ltr'>quid</span> <span class='ocrx_word' id='word_1_39' title='bbox 1053 385 1392 439; x_wconf 74' lang='lat' dir='ltr'>reprehenditis?</span> <span class='ocrx_word' id='word_1_40' title='bbox 1465 385 1548 426; x_wconf 89' lang='lat' dir='ltr'>Hic</span> 
     </span>
     <span class='ocr_line' id='line_1_9' title="bbox 216 443 1548 500; baseline -0.002 -13"><span class='ocrx_word' id='word_1_41' title='bbox 216 460 391 500; x_wconf 83' lang='lat' dir='ltr'>quaero,</span> <span class='ocrx_word' id='word_1_42' title='bbox 433 445 609 486; x_wconf 87' lang='lat' dir='ltr'>iudices:</span> <span class='ocrx_word' id='word_1_43' title='bbox 657 443 702 485; x_wconf 80' lang='lat' dir='ltr'>Si</span> <span class='ocrx_word' id='word_1_44' title='bbox 739 444 813 485; x_wconf 90' lang='lat' dir='ltr'>illo</span> <span class='ocrx_word' id='word_1_45' title='bbox 852 443 920 485; x_wconf 88' lang='lat' dir='ltr'>die</span> <span class='ocrx_word' id='word_1_46' title='bbox 958 458 1062 499; x_wconf 91' lang='lat' dir='ltr'>gens</span> <span class='ocrx_word' id='word_1_47' title='bbox 1099 444 1184 486; x_wconf 84' lang='lat' dir='ltr'>ista</span> <span class='ocrx_word' id='word_1_48' title='bbox 1223 443 1390 499; x_wconf 86' lang='lat' dir='ltr'>Clodia,</span> <span class='ocrx_word' id='word_1_49' title='bbox 1435 444 1548 498; x_wconf 91' lang='lat' dir='ltr'>quod</span> 
     </span>
     <span class='ocr_line' id='line_1_10' title="bbox 216 502 1548 557; baseline -0.001 -12"><span class='ocrx_word' id='word_1_50' title='bbox 216 504 354 546; x_wconf 87' lang='lat' dir='ltr'>facere</span> <span class='ocrx_word' id='word_1_51' title='bbox 385 504 538 557; x_wconf 87' lang='lat' dir='ltr'>voluit,</span> <span class='ocrx_word' id='word_1_52' title='bbox 573 502 800 556; x_wconf 86' lang='lat' dir='ltr'>effecisset,</span> <span class='ocrx_word' id='word_1_53' title='bbox 831 503 868 543; x_wconf 91' lang='lat' dir='ltr'>si</span> <span class='ocrx_word' id='word_1_54' title='bbox 899 502 945 543; x_wconf 87' lang='lat' dir='ltr'>P.</span> <span class='ocrx_word' id='word_1_55' title='bbox 978 502 1162 557; x_wconf 79' lang='lat' dir='ltr'>Sestius,</span> <span class='ocrx_word' id='word_1_56' title='bbox 1195 502 1267 556; x_wconf 91' lang='lat' dir='ltr'>qui</span> <span class='ocrx_word' id='word_1_57' title='bbox 1298 517 1375 556; x_wconf 88' lang='lat' dir='ltr'>pro</span> <span class='ocrx_word' id='word_1_58' title='bbox 1409 502 1548 544; x_wconf 92' lang='grc'>000180</span> 
     </span>
     <span class='ocr_line' id='line_1_11' title="bbox 216 560 1549 617; baseline -0.002 -13"><span class='ocrx_word' id='word_1_59' title='bbox 216 563 390 604; x_wconf 88' lang='lat' dir='ltr'>relictus</span> <span class='ocrx_word' id='word_1_60' title='bbox 434 565 517 617; x_wconf 90' lang='lat' dir='ltr'>est,</span> <span class='ocrx_word' id='word_1_61' title='bbox 560 562 724 603; x_wconf 89' lang='lat' dir='ltr'>occisus</span> <span class='ocrx_word' id='word_1_62' title='bbox 763 563 891 615; x_wconf 85' lang='lat' dir='ltr'>esset,</span> <span class='ocrx_word' id='word_1_63' title='bbox 935 560 1133 602; x_wconf 75' lang='lat' dir='ltr'>fuistisne</span> <span class='ocrx_word' id='word_1_64' title='bbox 1171 562 1223 602; x_wconf 90' lang='lat' dir='ltr'>ad</span> <span class='ocrx_word' id='word_1_65' title='bbox 1261 575 1380 602; x_wconf 87' lang='lat' dir='ltr'>arma</span> <span class='ocrx_word' id='word_1_66' title='bbox 1415 561 1549 602; x_wconf 76' lang='lat' dir='ltr'>ituri?</span> 
     </span>
     <span class='ocr_line' id='line_1_12' title="bbox 216 619 1549 674; baseline -0.002 -12"><span class='ocrx_word' id='word_1_67' title='bbox 216 621 414 662; x_wconf 75' lang='lat' dir='ltr'>fuistisne</span> <span class='ocrx_word' id='word_1_68' title='bbox 453 635 528 662; x_wconf 88' lang='lat' dir='ltr'>vos</span> <span class='ocrx_word' id='word_1_69' title='bbox 566 621 617 661; x_wconf 88' lang='lat' dir='ltr'>ad</span> <span class='ocrx_word' id='word_1_70' title='bbox 653 620 843 674; x_wconf 89' lang='lat' dir='ltr'>patrium</span> <span class='ocrx_word' id='word_1_71' title='bbox 879 620 1001 660; x_wconf 90' lang='lat' dir='ltr'>illum</span> <span class='ocrx_word' id='word_1_72' title='bbox 1035 620 1224 661; x_wconf 76' lang='lat' dir='ltr'>animum</span> <span class='ocrx_word' id='word_1_73' title='bbox 1255 619 1549 674; x_wconf 88' lang='lat' dir='ltr'>maiorumque</span> 
     </span>
     <span class='ocr_line' id='line_1_13' title="bbox 214 678 1548 733; baseline -0.001 -13"><span class='ocrx_word' id='word_1_74' title='bbox 214 680 420 721; x_wconf 84' lang='lat' dir='ltr'>virtutem</span> <span class='ocrx_word' id='word_1_75' title='bbox 450 679 707 721; x_wconf 75' lang='lat' dir='ltr'>excitaturi?</span> <span class='ocrx_word' id='word_1_76' title='bbox 739 678 936 720; x_wconf 82' lang='lat' dir='ltr'>fuistisne</span> <span class='ocrx_word' id='word_1_77' title='bbox 963 679 1190 733; x_wconf 89' lang='lat' dir='ltr'>aliquando</span> <span class='ocrx_word' id='word_1_78' title='bbox 1217 692 1307 719; x_wconf 91' lang='lat' dir='ltr'>rem</span> <span class='ocrx_word' id='word_1_79' title='bbox 1332 678 1548 732; x_wconf 82' lang='lat' dir='ltr'>publicam</span> 
     </span>
     <span class='ocr_line' id='line_1_14' title="bbox 215 737 1548 791; baseline -0.001 -12"><span class='ocrx_word' id='word_1_80' title='bbox 215 753 240 779; x_wconf 89' lang='lat' dir='ltr'>a</span> <span class='ocrx_word' id='word_1_81' title='bbox 276 738 445 779; x_wconf 79' lang='lat' dir='ltr'>funesto</span> <span class='ocrx_word' id='word_1_82' title='bbox 483 738 649 779; x_wconf 84' lang='lat' dir='ltr'>latrone</span> <span class='ocrx_word' id='word_1_83' title='bbox 687 737 941 791; x_wconf 75' lang='lat' dir='ltr'>repetituri?</span> <span class='ocrx_word' id='word_1_84' title='bbox 979 751 1033 778; x_wconf 87' lang='lat' dir='ltr'>an</span> <span class='ocrx_word' id='word_1_85' title='bbox 1070 737 1202 778; x_wconf 88' lang='lat' dir='ltr'>etiam</span> <span class='ocrx_word' id='word_1_86' title='bbox 1239 740 1331 777; x_wconf 90' lang='lat' dir='ltr'>tum</span> <span class='ocrx_word' id='word_1_87' title='bbox 1364 737 1548 790; x_wconf 88' lang='lat' dir='ltr'>quiesce-</span> 
     </span>
     <span class='ocr_line' id='line_1_15' title="bbox 215 795 1550 851; baseline -0.002 -13"><span class='ocrx_word' id='word_1_88' title='bbox 215 797 336 851; x_wconf 86' lang='lat' dir='ltr'>retis,</span> <span class='ocrx_word' id='word_1_89' title='bbox 379 795 704 849; x_wconf 87' lang='lat' dir='ltr'>cunctaremini,</span> <span class='ocrx_word' id='word_1_90' title='bbox 742 795 971 850; x_wconf 86' lang='lat' dir='ltr'>timeretis,</span> <span class='ocrx_word' id='word_1_91' title='bbox 1010 810 1105 837; x_wconf 89' lang='lat' dir='ltr'>cum</span> <span class='ocrx_word' id='word_1_92' title='bbox 1142 810 1233 836; x_wconf 87' lang='lat' dir='ltr'>rem</span> <span class='ocrx_word' id='word_1_93' title='bbox 1270 795 1487 849; x_wconf 82' lang='lat' dir='ltr'>publicam</span> <span class='ocrx_word' id='word_1_94' title='bbox 1525 809 1550 835; x_wconf 92' lang='lat' dir='ltr'>a</span> 
     </span>
     <span class='ocr_line' id='line_1_16' title="bbox 214 854 1550 908; baseline -0.001 -12"><span class='ocrx_word' id='word_1_95' title='bbox 214 855 585 897; x_wconf 83' lang='lat' dir='ltr'>facinerosissimis</span> <span class='ocrx_word' id='word_1_96' title='bbox 630 854 794 896; x_wconf 83' lang='lat' dir='ltr'>sicariis</span> <span class='ocrx_word' id='word_1_97' title='bbox 839 857 882 895; x_wconf 86' lang='lat' dir='ltr'>et</span> <span class='ocrx_word' id='word_1_98' title='bbox 925 869 950 894; x_wconf 89' lang='lat' dir='ltr'>a</span> <span class='ocrx_word' id='word_1_99' title='bbox 993 854 1127 896; x_wconf 82' lang='lat' dir='ltr'>servis</span> <span class='ocrx_word' id='word_1_100' title='bbox 1171 867 1263 895; x_wconf 88' lang='lat' dir='ltr'>esse</span> <span class='ocrx_word' id='word_1_101' title='bbox 1302 867 1550 908; x_wconf 84' lang='lat' dir='ltr'>oppressam</span> 
     </span>
     <span class='ocr_line' id='line_1_17' title="bbox 216 912 1550 967; baseline -0.001 -12"><span class='ocrx_word' id='word_1_102' title='bbox 216 917 342 967; x_wconf 85' lang='lat' dir='ltr'>atque</span> <span class='ocrx_word' id='word_1_103' title='bbox 386 914 680 955; x_wconf 81' lang='lat' dir='ltr'>conculcatam</span> <span class='ocrx_word' id='word_1_104' title='bbox 719 913 949 954; x_wconf 76' lang='lat' dir='ltr'>videretis?</span> <span class='ocrx_word' id='word_1_105' title='bbox 1025 912 1156 954; x_wconf 82' lang='lat' dir='ltr'>Cuius</span> <span class='ocrx_word' id='word_1_106' title='bbox 1193 912 1328 967; x_wconf 89' lang='lat' dir='ltr'>igitur</span> <span class='ocrx_word' id='word_1_107' title='bbox 1365 915 1550 954; x_wconf 89' lang='lat' dir='ltr'>mortem</span> 
     </span>
     <span class='ocr_line' id='line_1_18' title="bbox 214 971 1550 1026; baseline -0.001 -13"><span class='ocrx_word' id='word_1_108' title='bbox 214 972 536 1026; x_wconf 87' lang='lat' dir='ltr'>ulcisceremini,</span> <span class='ocrx_word' id='word_1_109' title='bbox 562 972 772 1026; x_wconf 84' lang='lat' dir='ltr'>siquidem</span> <span class='ocrx_word' id='word_1_110' title='bbox 798 972 923 1012; x_wconf 89' lang='lat' dir='ltr'>liberi</span> <span class='ocrx_word' id='word_1_111' title='bbox 949 985 1041 1012; x_wconf 91' lang='lat' dir='ltr'>esse</span> <span class='ocrx_word' id='word_1_112' title='bbox 1064 974 1107 1012; x_wconf 91' lang='lat' dir='ltr'>et</span> <span class='ocrx_word' id='word_1_113' title='bbox 1126 971 1284 1012; x_wconf 86' lang='lat' dir='ltr'>habere</span> <span class='ocrx_word' id='word_1_114' title='bbox 1303 985 1393 1012; x_wconf 89' lang='lat' dir='ltr'>rem</span> <span class='ocrx_word' id='word_1_115' title='bbox 1412 971 1550 1025; x_wconf 87' lang='lat' dir='ltr'>publi-</span> 
     </span>
     <span class='ocr_line' id='line_1_19' title="bbox 215 1029 1549 1086; baseline -0.001 -14"><span class='ocrx_word' id='word_1_116' title='bbox 215 1045 308 1072; x_wconf 89' lang='lat' dir='ltr'>cam</span> <span class='ocrx_word' id='word_1_117' title='bbox 346 1031 614 1086; x_wconf 77' lang='lat' dir='ltr'>cogitaretis,</span> <span class='ocrx_word' id='word_1_118' title='bbox 654 1031 704 1071; x_wconf 89' lang='lat' dir='ltr'>de</span> <span class='ocrx_word' id='word_1_119' title='bbox 742 1030 833 1071; x_wconf 91' lang='lat' dir='ltr'>eius</span> <span class='ocrx_word' id='word_1_120' title='bbox 871 1030 1030 1071; x_wconf 87' lang='lat' dir='ltr'>virtute</span> <span class='ocrx_word' id='word_1_121' title='bbox 1061 1030 1148 1071; x_wconf 85' lang='lat' dir='ltr'>vivi</span> <span class='ocrx_word' id='word_1_122' title='bbox 1180 1029 1281 1084; x_wconf 90' lang='lat' dir='ltr'>quid</span> <span class='ocrx_word' id='word_1_123' title='bbox 1311 1043 1387 1071; x_wconf 85' lang='lat' dir='ltr'>vos</span> <span class='ocrx_word' id='word_1_124' title='bbox 1418 1029 1549 1083; x_wconf 85' lang='lat' dir='ltr'>loqui,</span> 
     </span>
     <span class='ocr_line' id='line_1_20' title="bbox 216 1089 1550 1143; baseline -0.002 -12"><span class='ocrx_word' id='word_1_125' title='bbox 216 1090 317 1143; x_wconf 83' lang='lat' dir='ltr'>quid</span> <span class='ocrx_word' id='word_1_126' title='bbox 360 1090 536 1143; x_wconf 86' lang='lat' dir='ltr'>sentire,</span> <span class='ocrx_word' id='word_1_127' title='bbox 581 1089 682 1143; x_wconf 92' lang='lat' dir='ltr'>quid</span> <span class='ocrx_word' id='word_1_128' title='bbox 723 1089 931 1143; x_wconf 88' lang='lat' dir='ltr'>cogitare,</span> <span class='ocrx_word' id='word_1_129' title='bbox 976 1089 1077 1143; x_wconf 89' lang='lat' dir='ltr'>quid</span> <span class='ocrx_word' id='word_1_130' title='bbox 1115 1089 1300 1130; x_wconf 88' lang='lat' dir='ltr'>iudicare</span> <span class='ocrx_word' id='word_1_131' title='bbox 1339 1090 1550 1142; x_wconf 74' lang='lat' dir='ltr'>oporteat,</span> 
     </span>
     <span class='ocr_line' id='line_1_21' title="bbox 216 1146 1550 1201; baseline -0.001 -12"><span class='ocrx_word' id='word_1_132' title='bbox 216 1148 496 1189; x_wconf 89' lang='lat' dir='ltr'>dubitandum</span> <span class='ocrx_word' id='word_1_133' title='bbox 545 1147 738 1201; x_wconf 81' lang='lat' dir='ltr'>putatis?</span> <span class='ocrx_word' id='word_1_134' title='bbox 816 1147 877 1188; x_wconf 89' lang='lat' dir='ltr'>At</span> <span class='ocrx_word' id='word_1_135' title='bbox 925 1162 1024 1188; x_wconf 83' lang='lat' dir='ltr'>vero</span> <span class='ocrx_word' id='word_1_136' title='bbox 1069 1147 1153 1201; x_wconf 90' lang='lat' dir='ltr'>ipsi</span> <span class='ocrx_word' id='word_1_137' title='bbox 1195 1147 1259 1187; x_wconf 90' lang='lat' dir='ltr'>illi</span> <span class='ocrx_word' id='word_1_138' title='bbox 1302 1146 1550 1200; x_wconf 87' lang='lat' dir='ltr'>parricidae,</span> 
     </span>
     <span class='ocr_line' id='line_1_22' title="bbox 216 1205 1549 1260; baseline -0.002 -13"><span class='ocrx_word' id='word_1_139' title='bbox 216 1220 397 1260; x_wconf 86' lang='lat' dir='ltr'>quorum</span> <span class='ocrx_word' id='word_1_140' title='bbox 441 1205 682 1247; x_wconf 85' lang='lat' dir='ltr'>ecfrenatus</span> <span class='ocrx_word' id='word_1_141' title='bbox 726 1205 845 1246; x_wconf 88' lang='lat' dir='ltr'>furor</span> <span class='ocrx_word' id='word_1_142' title='bbox 888 1206 1018 1246; x_wconf 85' lang='lat' dir='ltr'>alitur</span> <span class='ocrx_word' id='word_1_143' title='bbox 1057 1205 1299 1259; x_wconf 83' lang='lat' dir='ltr'>inpunitate</span> <span class='ocrx_word' id='word_1_144' title='bbox 1338 1205 1549 1259; x_wconf 84' lang='lat' dir='ltr'>diuturna,</span> 
     </span>
     <span class='ocr_line' id='line_1_23' title="bbox 216 1263 1549 1318; baseline -0.002 -12"><span class='ocrx_word' id='word_1_145' title='bbox 216 1265 319 1306; x_wconf 89' lang='lat' dir='ltr'>adeo</span> <span class='ocrx_word' id='word_1_146' title='bbox 363 1265 450 1305; x_wconf 86' lang='lat' dir='ltr'>vim</span> <span class='ocrx_word' id='word_1_147' title='bbox 492 1264 695 1305; x_wconf 85' lang='lat' dir='ltr'>facinoris</span> <span class='ocrx_word' id='word_1_148' title='bbox 738 1264 803 1304; x_wconf 89' lang='lat' dir='ltr'>sui</span> <span class='ocrx_word' id='word_1_149' title='bbox 844 1264 1195 1318; x_wconf 85' lang='lat' dir='ltr'>perhorruerunt,</span> <span class='ocrx_word' id='word_1_150' title='bbox 1238 1266 1303 1317; x_wconf 88' lang='lat' dir='ltr'>ut,</span> <span class='ocrx_word' id='word_1_151' title='bbox 1347 1263 1383 1304; x_wconf 87' lang='lat' dir='ltr'>si</span> <span class='ocrx_word' id='word_1_152' title='bbox 1420 1263 1549 1317; x_wconf 87' lang='lat' dir='ltr'>paulo</span> 
     </span>
    </p>
   </div>
   <div class='ocr_carea' id='block_1_6' title="bbox 215 1320 1584 1377">
    <p class='ocr_par' dir='ltr' id='par_1_6' title="bbox 215 1320 1584 1377">
     <span class='ocr_line' id='line_1_24' title="bbox 215 1320 1584 1377; baseline -0.002 -13"><span class='ocrx_word' id='word_1_153' title='bbox 215 1323 387 1377; x_wconf 85' lang='lat' dir='ltr'>longior</span> <span class='ocrx_word' id='word_1_154' title='bbox 424 1323 567 1376; x_wconf 84' lang='lat' dir='ltr'>opinio</span> <span class='ocrx_word' id='word_1_155' title='bbox 605 1322 757 1363; x_wconf 90' lang='lat' dir='ltr'>mortis</span> <span class='ocrx_word' id='word_1_156' title='bbox 791 1321 904 1363; x_wconf 78' lang='lat' dir='ltr'>Sesti</span> <span class='ocrx_word' id='word_1_157' title='bbox 941 1322 1111 1376; x_wconf 90' lang='lat' dir='ltr'>fuisset,</span> <span class='ocrx_word' id='word_1_158' title='bbox 1151 1320 1391 1362; x_wconf 86' lang='lat' dir='ltr'>Gracchum</span> <span class='ocrx_word' id='word_1_159' title='bbox 1425 1321 1549 1362; x_wconf 89' lang='lat' dir='ltr'>illum</span> <span class='ocrx_word' id='word_1_160' title='bbox 1570 1339 1584 1362; x_wconf 78' lang='lat'>2</span> 
     </span>
    </p>
   </div>
   <div class='ocr_carea' id='block_1_7' title="bbox 216 1380 1552 2136">
    <p class='ocr_par' dir='ltr' id='par_1_7' title="bbox 216 1380 1552 2136">
     <span class='ocr_line' id='line_1_25' title="bbox 216 1380 1550 1422; baseline -0.001 0"><span class='ocrx_word' id='word_1_161' title='bbox 216 1395 340 1422; x_wconf 89' lang='lat' dir='ltr'>suum</span> <span class='ocrx_word' id='word_1_162' title='bbox 389 1380 672 1422; x_wconf 86' lang='lat' dir='ltr'>transferendi</span> <span class='ocrx_word' id='word_1_163' title='bbox 720 1381 765 1421; x_wconf 90' lang='lat' dir='ltr'>in</span> <span class='ocrx_word' id='word_1_164' title='bbox 812 1395 891 1422; x_wconf 91' lang='lat' dir='ltr'>nos</span> <span class='ocrx_word' id='word_1_165' title='bbox 941 1380 1131 1422; x_wconf 88' lang='lat' dir='ltr'>criminis</span> <span class='ocrx_word' id='word_1_166' title='bbox 1181 1394 1309 1421; x_wconf 85' lang='lat' dir='ltr'>causa</span> <span class='ocrx_word' id='word_1_167' title='bbox 1359 1380 1550 1421; x_wconf 88' lang='lat' dir='ltr'>occidere</span> 
     </span>
     <span class='ocr_line' id='line_1_26' title="bbox 218 1437 1550 1494; baseline -0.001 -14"><span class='ocrx_word' id='word_1_168' title='bbox 218 1439 461 1494; x_wconf 87' lang='lat' dir='ltr'>cogitarint.</span> <span class='ocrx_word' id='word_1_169' title='bbox 539 1438 682 1480; x_wconf 78' lang='lat' dir='ltr'>Sensit</span> <span class='ocrx_word' id='word_1_170' title='bbox 730 1440 963 1481; x_wconf 89' lang='lat' dir='ltr'>rusticulus</span> <span class='ocrx_word' id='word_1_171' title='bbox 1011 1454 1098 1481; x_wconf 90' lang='lat' dir='ltr'>non</span> <span class='ocrx_word' id='word_1_172' title='bbox 1146 1439 1344 1480; x_wconf 87' lang='lat' dir='ltr'>incautus</span> <span class='ocrx_word' id='word_1_173' title='bbox 1396 1437 1550 1494; x_wconf 85' lang='lat' dir='ltr'>(neque</span> 
     </span>
     <span class='ocr_line' id='line_1_27' title="bbox 218 1497 1550 1552; baseline -0.001 -14"><span class='ocrx_word' id='word_1_174' title='bbox 218 1498 330 1539; x_wconf 91' lang='lat' dir='ltr'>enim</span> <span class='ocrx_word' id='word_1_175' title='bbox 371 1497 566 1538; x_wconf 87' lang='lat' dir='ltr'>homines</span> <span class='ocrx_word' id='word_1_176' title='bbox 608 1512 792 1551; x_wconf 87' lang='lat' dir='ltr'>nequam</span> <span class='ocrx_word' id='word_1_177' title='bbox 832 1501 972 1539; x_wconf 87' lang='lat' dir='ltr'>tacere</span> <span class='ocrx_word' id='word_1_178' title='bbox 1009 1497 1260 1552; x_wconf 88' lang='lat' dir='ltr'>potuerunt)</span> <span class='ocrx_word' id='word_1_179' title='bbox 1299 1511 1422 1538; x_wconf 90' lang='lat' dir='ltr'>suum</span> <span class='ocrx_word' id='word_1_180' title='bbox 1460 1511 1550 1538; x_wconf 90' lang='lat' dir='ltr'>san-</span> 
     </span>
     <span class='ocr_line' id='line_1_28' title="bbox 218 1555 1550 1611; baseline 0 -15"><span class='ocrx_word' id='word_1_181' title='bbox 218 1556 391 1611; x_wconf 89' lang='lat' dir='ltr'>guinem</span> <span class='ocrx_word' id='word_1_182' title='bbox 435 1556 581 1610; x_wconf 87' lang='lat' dir='ltr'>quaeri</span> <span class='ocrx_word' id='word_1_183' title='bbox 624 1556 676 1597; x_wconf 88' lang='lat' dir='ltr'>ad</span> <span class='ocrx_word' id='word_1_184' title='bbox 719 1557 1066 1611; x_wconf 82' lang='lat' dir='ltr'>restinguendam</span> <span class='ocrx_word' id='word_1_185' title='bbox 1106 1556 1310 1597; x_wconf 85' lang='lat' dir='ltr'>invidiam</span> <span class='ocrx_word' id='word_1_186' title='bbox 1347 1555 1550 1597; x_wconf 85' lang='lat' dir='ltr'>facinoris</span> 
     </span>
     <span class='ocr_line' id='line_1_29' title="bbox 219 1614 1549 1669; baseline -0.001 -14"><span class='ocrx_word' id='word_1_187' title='bbox 219 1614 430 1668; x_wconf 82' lang='lat' dir='ltr'>Clodiani3</span> <span class='ocrx_word' id='word_1_188' title='bbox 462 1615 711 1656; x_wconf 81' lang='lat' dir='ltr'>mulioniam</span> <span class='ocrx_word' id='word_1_189' title='bbox 741 1616 967 1669; x_wconf 87' lang='lat' dir='ltr'>paenulam</span> <span class='ocrx_word' id='word_1_190' title='bbox 999 1615 1192 1669; x_wconf 79' lang='lat' dir='ltr'>arripuit,</span> <span class='ocrx_word' id='word_1_191' title='bbox 1225 1629 1321 1656; x_wconf 91' lang='lat' dir='ltr'>cum</span> <span class='ocrx_word' id='word_1_192' title='bbox 1353 1629 1437 1669; x_wconf 89' lang='lat' dir='ltr'>qua</span> <span class='ocrx_word' id='word_1_193' title='bbox 1466 1614 1549 1668; x_wconf 88' lang='lat' dir='ltr'>pri-</span> 
     </span>
     <span class='ocr_line' id='line_1_30' title="bbox 218 1672 1551 1727; baseline 0 -13"><span class='ocrx_word' id='word_1_194' title='bbox 218 1687 335 1714; x_wconf 90' lang='lat' dir='ltr'>mum</span> <span class='ocrx_word' id='word_1_195' title='bbox 365 1672 547 1714; x_wconf 82' lang='lat' dir='ltr'>Romam</span> <span class='ocrx_word' id='word_1_196' title='bbox 586 1673 637 1713; x_wconf 89' lang='lat' dir='ltr'>ad</span> <span class='ocrx_word' id='word_1_197' title='bbox 673 1674 848 1714; x_wconf 89' lang='lat' dir='ltr'>comitia</span> <span class='ocrx_word' id='word_1_198' title='bbox 878 1676 1069 1727; x_wconf 64' lang='lat' dir='ltr'>venerat,</span> <span class='ocrx_word' id='word_1_199' title='bbox 1108 1673 1315 1714; x_wconf 90' lang='lat' dir='ltr'>messoria</span> <span class='ocrx_word' id='word_1_200' title='bbox 1345 1687 1390 1714; x_wconf 90' lang='grc'>80</span> <span class='ocrx_word' id='word_1_201' title='bbox 1423 1673 1551 1714; x_wconf 90' lang='lat' dir='ltr'>corbe</span> 
     </span>
     <span class='ocr_line' id='line_1_31' title="bbox 219 1731 1552 1786; baseline 0 -14"><span class='ocrx_word' id='word_1_202' title='bbox 219 1731 419 1772; x_wconf 86' lang='lat' dir='ltr'>contexit.</span> <span class='ocrx_word' id='word_1_203' title='bbox 481 1731 589 1773; x_wconf 84' lang='lat' dir='ltr'>Cum</span> <span class='ocrx_word' id='word_1_204' title='bbox 621 1735 873 1785; x_wconf 85' lang='lat' dir='ltr'>quaererent</span> <span class='ocrx_word' id='word_1_205' title='bbox 904 1732 976 1772; x_wconf 87' lang='lat' dir='ltr'>alii</span> <span class='ocrx_word' id='word_1_206' title='bbox 1009 1732 1279 1786; x_wconf 88' lang='lat' dir='ltr'>Numerium,</span> <span class='ocrx_word' id='word_1_207' title='bbox 1318 1731 1392 1772; x_wconf 90' lang='lat' dir='ltr'>alii</span> <span class='ocrx_word' id='word_1_208' title='bbox 1424 1731 1552 1780; x_wconf 77' lang='lat' dir='ltr'>Quin-</span> 
     </span>
     <span class='ocr_line' id='line_1_32' title="bbox 218 1789 1551 1845; baseline 0 -15"><span class='ocrx_word' id='word_1_209' title='bbox 218 1790 338 1844; x_wconf 90' lang='lat' dir='ltr'>tium,</span> <span class='ocrx_word' id='word_1_210' title='bbox 370 1790 530 1845; x_wconf 90' lang='lat' dir='ltr'>gemini</span> <span class='ocrx_word' id='word_1_211' title='bbox 560 1790 746 1832; x_wconf 89' lang='lat' dir='ltr'>nominis</span> <span class='ocrx_word' id='word_1_212' title='bbox 776 1805 917 1831; x_wconf 87' lang='lat' dir='ltr'>errore</span> <span class='ocrx_word' id='word_1_213' title='bbox 943 1794 1136 1832; x_wconf 88' lang='lat' dir='ltr'>servatus</span> <span class='ocrx_word' id='word_1_214' title='bbox 1163 1793 1240 1832; x_wconf 91' lang='lat' dir='ltr'>est.</span> <span class='ocrx_word' id='word_1_215' title='bbox 1301 1790 1445 1844; x_wconf 90' lang='lat' dir='ltr'>Atque</span> <span class='ocrx_word' id='word_1_216' title='bbox 1470 1789 1551 1830; x_wconf 89' lang='lat' dir='ltr'>hoc</span> 
     </span>
     <span class='ocr_line' id='line_1_33' title="bbox 219 1848 1550 1903; baseline -0.001 -14"><span class='ocrx_word' id='word_1_217' title='bbox 219 1848 340 1890; x_wconf 87' lang='lat' dir='ltr'>scitis</span> <span class='ocrx_word' id='word_1_218' title='bbox 373 1863 530 1902; x_wconf 89' lang='lat' dir='ltr'>omnes,</span> <span class='ocrx_word' id='word_1_219' title='bbox 565 1863 698 1902; x_wconf 88' lang='lat' dir='ltr'>usque</span> <span class='ocrx_word' id='word_1_220' title='bbox 731 1850 833 1890; x_wconf 89' lang='lat' dir='ltr'>adeo</span> <span class='ocrx_word' id='word_1_221' title='bbox 865 1849 1081 1890; x_wconf 87' lang='lat' dir='ltr'>hominem</span> <span class='ocrx_word' id='word_1_222' title='bbox 1112 1850 1157 1890; x_wconf 91' lang='lat' dir='ltr'>in</span> <span class='ocrx_word' id='word_1_223' title='bbox 1187 1849 1375 1903; x_wconf 86' lang='lat' dir='ltr'>periculo</span> <span class='ocrx_word' id='word_1_224' title='bbox 1407 1848 1550 1903; x_wconf 86' lang='lat' dir='ltr'>fuisse,</span> 
     </span>
     <span class='ocr_line' id='line_1_34' title="bbox 220 1906 1550 1960; baseline 0 -13"><span class='ocrx_word' id='word_1_225' title='bbox 220 1907 358 1960; x_wconf 87' lang='lat' dir='ltr'>quoad</span> <span class='ocrx_word' id='word_1_226' title='bbox 383 1907 538 1948; x_wconf 90' lang='lat' dir='ltr'>scitum</span> <span class='ocrx_word' id='word_1_227' title='bbox 564 1910 630 1947; x_wconf 90' lang='lat' dir='ltr'>est</span> <span class='ocrx_word' id='word_1_228' title='bbox 658 1906 845 1948; x_wconf 80' lang='lat' dir='ltr'>Sestium</span> <span class='ocrx_word' id='word_1_229' title='bbox 870 1908 1022 1949; x_wconf 85' lang='lat' dir='ltr'>vivere.</span> <span class='ocrx_word' id='word_1_230' title='bbox 1080 1908 1202 1957; x_wconf 79' lang='lat' dir='ltr'>Quod</span> <span class='ocrx_word' id='word_1_231' title='bbox 1225 1907 1270 1948; x_wconf 91' lang='lat' dir='ltr'>ni</span> <span class='ocrx_word' id='word_1_232' title='bbox 1296 1909 1410 1947; x_wconf 88' lang='lat' dir='ltr'>esset</span> <span class='ocrx_word' id='word_1_233' title='bbox 1434 1909 1550 1960; x_wconf 90' lang='lat' dir='ltr'>pate-</span> 
     </span>
     <span class='ocr_line' id='line_1_35' title="bbox 218 1965 1551 2021; baseline 0.001 -16"><span class='ocrx_word' id='word_1_234' title='bbox 218 1965 380 2006; x_wconf 90' lang='lat' dir='ltr'>factum</span> <span class='ocrx_word' id='word_1_235' title='bbox 423 1966 550 2019; x_wconf 88' lang='lat' dir='ltr'>paulo</span> <span class='ocrx_word' id='word_1_236' title='bbox 589 1965 733 2020; x_wconf 87' lang='lat' dir='ltr'>citius,</span> <span class='ocrx_word' id='word_1_237' title='bbox 778 1981 905 2020; x_wconf 86' lang='lat' dir='ltr'>quam</span> <span class='ocrx_word' id='word_1_238' title='bbox 942 1967 1113 2021; x_wconf 87' lang='lat' dir='ltr'>vellem,</span> <span class='ocrx_word' id='word_1_239' title='bbox 1155 1980 1242 2007; x_wconf 90' lang='lat' dir='ltr'>non</span> <span class='ocrx_word' id='word_1_240' title='bbox 1278 1965 1341 2006; x_wconf 90' lang='lat' dir='ltr'>illi</span> <span class='ocrx_word' id='word_1_241' title='bbox 1381 1965 1551 2019; x_wconf 89' lang='lat' dir='ltr'>quidem</span> 
     </span>
     <span class='ocr_line' id='line_1_36' title="bbox 219 2023 1550 2079; baseline -0.001 -15"><span class='ocrx_word' id='word_1_242' title='bbox 219 2026 357 2064; x_wconf 86' lang='lat' dir='ltr'>morte</span> <span class='ocrx_word' id='word_1_243' title='bbox 391 2024 671 2065; x_wconf 85' lang='lat' dir='ltr'>mercennarii</span> <span class='ocrx_word' id='word_1_244' title='bbox 702 2024 768 2065; x_wconf 92' lang='lat' dir='ltr'>sui</span> <span class='ocrx_word' id='word_1_245' title='bbox 799 2025 1030 2066; x_wconf 83' lang='lat' dir='ltr'>transferre</span> <span class='ocrx_word' id='word_1_246' title='bbox 1061 2025 1305 2079; x_wconf 81' lang='lat' dir='ltr'>potuissent</span> <span class='ocrx_word' id='word_1_247' title='bbox 1334 2023 1550 2077; x_wconf 85' lang='lat' dir='ltr'>invidiam,</span> 
     </span>
     <span class='ocr_line' id='line_1_37' title="bbox 220 2081 1551 2136; baseline 0 -15"><span class='ocrx_word' id='word_1_248' title='bbox 220 2081 265 2121; x_wconf 89' lang='lat' dir='ltr'>in</span> <span class='ocrx_word' id='word_1_249' title='bbox 302 2095 408 2134; x_wconf 90' lang='lat' dir='ltr'>quos</span> <span class='ocrx_word' id='word_1_250' title='bbox 445 2083 674 2136; x_wconf 83' lang='lat' dir='ltr'>putabant,</span> <span class='ocrx_word' id='word_1_251' title='bbox 713 2083 786 2124; x_wconf 89' lang='lat' dir='ltr'>sed</span> <span class='ocrx_word' id='word_1_252' title='bbox 824 2083 1087 2125; x_wconf 86' lang='lat' dir='ltr'>acerbissimi</span> <span class='ocrx_word' id='word_1_253' title='bbox 1126 2083 1295 2124; x_wconf 89' lang='lat' dir='ltr'>sceleris</span> <span class='ocrx_word' id='word_1_254' title='bbox 1331 2081 1551 2122; x_wconf 87' lang='lat' dir='ltr'>infamiam</span> 
     </span>
    </p>
   </div>
   <div class='ocr_carea' id='block_1_8' title="bbox 163 2139 1551 2193">
    <p class='ocr_par' dir='ltr' id='par_1_8' title="bbox 163 2139 1551 2193">
     <span class='ocr_line' id='line_1_38' title="bbox 163 2139 1551 2193; baseline -0.001 -12"><span class='ocrx_word' id='word_1_255' title='bbox 163 2151 206 2181; x_wconf 81' lang='lat'>83</span> <span class='ocrx_word' id='word_1_256' title='bbox 222 2142 345 2193; x_wconf 82' lang='lat' dir='ltr'>grato</span> <span class='ocrx_word' id='word_1_257' title='bbox 385 2141 568 2193; x_wconf 88' lang='lat' dir='ltr'>quodam</span> <span class='ocrx_word' id='word_1_258' title='bbox 600 2141 757 2182; x_wconf 88' lang='lat' dir='ltr'>scelere</span> <span class='ocrx_word' id='word_1_259' title='bbox 789 2142 1054 2183; x_wconf 87' lang='lat' dir='ltr'>minuissent.</span> <span class='ocrx_word' id='word_1_260' title='bbox 1115 2141 1179 2183; x_wconf 88' lang='lat' dir='ltr'>Ac</span> <span class='ocrx_word' id='word_1_261' title='bbox 1211 2141 1247 2181; x_wconf 90' lang='lat' dir='ltr'>si</span> <span class='ocrx_word' id='word_1_262' title='bbox 1279 2143 1372 2181; x_wconf 88' lang='lat' dir='ltr'>tum</span> <span class='ocrx_word' id='word_1_263' title='bbox 1402 2139 1447 2180; x_wconf 89' lang='lat' dir='ltr'>P.</span> <span class='ocrx_word' id='word_1_264' title='bbox 1481 2139 1551 2181; x_wconf 82' lang='lat' dir='ltr'>Se-</span> 
     </span>
    </p>
   </div>
   <div class='ocr_carea' id='block_1_9' title="bbox 221 2197 1554 2370">
    <p class='ocr_par' dir='ltr' id='par_1_9' title="bbox 221 2197 1554 2370">
     <span class='ocr_line' id='line_1_39' title="bbox 222 2197 1551 2253; baseline 0.002 -17"><span class='ocrx_word' id='word_1_265' title='bbox 222 2197 346 2250; x_wconf 84' lang='lat' dir='ltr'>stius,</span> <span class='ocrx_word' id='word_1_266' title='bbox 384 2198 561 2252; x_wconf 91' lang='lat' dir='ltr'>iudices,</span> <span class='ocrx_word' id='word_1_267' title='bbox 595 2199 640 2240; x_wconf 89' lang='lat' dir='ltr'>in</span> <span class='ocrx_word' id='word_1_268' title='bbox 671 2200 831 2253; x_wconf 85' lang='lat' dir='ltr'>templo</span> <span class='ocrx_word' id='word_1_269' title='bbox 865 2199 1057 2242; x_wconf 82' lang='lat' dir='ltr'>Castoris</span> <span class='ocrx_word' id='word_1_270' title='bbox 1089 2200 1291 2253; x_wconf 87' lang='lat' dir='ltr'>animam,</span> <span class='ocrx_word' id='word_1_271' title='bbox 1323 2213 1450 2252; x_wconf 91' lang='lat' dir='ltr'>quam</span> <span class='ocrx_word' id='word_1_272' title='bbox 1481 2199 1551 2240; x_wconf 87' lang='lat' dir='ltr'>vix</span> 
     </span>
     <span class='ocr_line' id='line_1_40' title="bbox 221 2254 1553 2312; baseline 0.004 -18"><span class='ocrx_word' id='word_1_273' title='bbox 221 2254 410 2309; x_wconf 83' lang='lat' dir='ltr'>retinuit,</span> <span class='ocrx_word' id='word_1_274' title='bbox 442 2257 654 2311; x_wconf 86' lang='lat' dir='ltr'>edidisset,</span> <span class='ocrx_word' id='word_1_275' title='bbox 685 2272 773 2299; x_wconf 90' lang='lat' dir='ltr'>non</span> <span class='ocrx_word' id='word_1_276' title='bbox 803 2258 964 2312; x_wconf 87' lang='lat' dir='ltr'>dubito,</span> <span class='ocrx_word' id='word_1_277' title='bbox 998 2258 1111 2312; x_wconf 81' lang='lat' dir='ltr'>quin,</span> <span class='ocrx_word' id='word_1_278' title='bbox 1143 2258 1180 2299; x_wconf 92' lang='lat' dir='ltr'>si</span> <span class='ocrx_word' id='word_1_279' title='bbox 1211 2258 1335 2298; x_wconf 90' lang='lat' dir='ltr'>modo</span> <span class='ocrx_word' id='word_1_280' title='bbox 1367 2260 1479 2298; x_wconf 89' lang='lat' dir='ltr'>esset</span> <span class='ocrx_word' id='word_1_281' title='bbox 1508 2258 1553 2299; x_wconf 86' lang='lat' dir='ltr'>in</span> 
     </span>
     <span class='ocr_line' id='line_1_41' title="bbox 221 2314 1554 2370; baseline 0.004 -17"><span class='ocrx_word' id='word_1_282' title='bbox 221 2326 266 2353; x_wconf 84' lang='lat' dir='ltr'>re</span> <span class='ocrx_word' id='word_1_283' title='bbox 305 2314 482 2366; x_wconf 79' lang='lat' dir='ltr'>publica</span> <span class='ocrx_word' id='word_1_284' title='bbox 524 2319 714 2368; x_wconf 86' lang='lat' dir='ltr'>senatus,</span> <span class='ocrx_word' id='word_1_285' title='bbox 758 2315 794 2357; x_wconf 85' lang='lat' dir='ltr'>si</span> <span class='ocrx_word' id='word_1_286' title='bbox 838 2317 1040 2358; x_wconf 84' lang='lat' dir='ltr'>maiestas</span> <span class='ocrx_word' id='word_1_287' title='bbox 1082 2316 1230 2370; x_wconf 84' lang='lat' dir='ltr'>populi</span> <span class='ocrx_word' id='word_1_288' title='bbox 1268 2315 1451 2357; x_wconf 85' lang='lat' dir='ltr'>Romani</span> <span class='ocrx_word' id='word_1_289' title='bbox 1491 2331 1554 2358; x_wconf 62' lang='lat' dir='ltr'>re‘</span> 
     </span>
    </p>
   </div>
   <div class='ocr_carea' id='block_1_10' title="bbox 1570 752 1604 776">
    <p class='ocr_par' dir='ltr' id='par_1_10' title="bbox 1570 752 1604 776">
     <span class='ocr_line' id='line_1_42' title="bbox 1570 752 1604 776; baseline 0 0"><span class='ocrx_word' id='word_1_290' title='bbox 1570 752 1604 776; x_wconf 88' lang='lat'>10</span> 
     </span>
    </p>
   </div>
   <div class='ocr_carea' id='block_1_11' title="bbox 1570 1044 1603 1070">
    <p class='ocr_par' dir='ltr' id='par_1_11' title="bbox 1570 1044 1603 1070">
     <span class='ocr_line' id='line_1_43' title="bbox 1570 1044 1603 1070; baseline 0.03 -1"><span class='ocrx_word' id='word_1_291' title='bbox 1570 1044 1603 1070; x_wconf 87' lang='lat'>15</span> 
     </span>
    </p>
   </div>
   <div class='ocr_carea' id='block_1_12' title="bbox 1570 1631 1603 1656">
    <p class='ocr_par' dir='ltr' id='par_1_12' title="bbox 1570 1631 1603 1656">
     <span class='ocr_line' id='line_1_44' title="bbox 1570 1631 1603 1656; baseline 0 0"><span class='ocrx_word' id='word_1_292' title='bbox 1570 1631 1603 1656; x_wconf 82' lang='lat'>25</span> 
     </span>
    </p>
   </div>
   <div class='ocr_carea' id='block_1_13' title="bbox 1570 1925 1605 1950">
    <p class='ocr_par' dir='ltr' id='par_1_13' title="bbox 1570 1925 1605 1950">
     <span class='ocr_line' id='line_1_45' title="bbox 1570 1925 1605 1950; baseline 0.029 -1"><span class='ocrx_word' id='word_1_293' title='bbox 1570 1925 1605 1950; x_wconf 89' lang='grc'>30</span> 
     </span>
    </p>
   </div>
   <div class='ocr_carea' id='block_1_14' title="bbox 1570 2216 1605 2242">
    <p class='ocr_par' dir='ltr' id='par_1_14' title="bbox 1570 2216 1605 2242">
     <span class='ocr_line' id='line_1_46' title="bbox 1570 2216 1605 2242; baseline 0 0"><span class='ocrx_word' id='word_1_294' title='bbox 1570 2216 1605 2242; x_wconf 86' lang='grc'>35</span> 
     </span>
    </p>
   </div>
  </div>
 </body>
</html>
