1671 2543
545 62 645 97 CAP.
673 66 811 97 32-34
837 66 856 105 ξ
884 66 1033 98 78—83.
1371 63 1458 105 235

115 184 223 223 quae
254 185 382 225 porro
416 170 609 212 amicitia
638 172 786 225 potest
811 185 904 212 esse
929 171 1042 213 inter
1066 171 1293 226 ingratos?
1351 170 1456 220 Quis
1471 178 1515 209 81

114 235 182 270 est
215 232 414 271 nostrum
444 229 683 270 liberaliter
714 229 936 284 educatus,
976 229 1044 271 cui
1074 244 1163 272 non
1194 229 1459 284 educatores,

115 287 183 329 cui
219 302 306 330 non
343 288 544 343 magistri
582 288 648 329 sui
686 290 815 342 atque
854 289 1071 342 doctores,
1109 288 1178 330 cui
1214 302 1303 329 non
1336 288 1457 329 locus

114 346 206 401 ipse
237 349 382 388 mutus
414 346 499 401 ille,
530 346 605 388 ubi
637 346 767 388 alitus
800 349 875 388 aut
907 347 1058 389 doctus
1091 349 1169 401 est,
1202 361 1298 388 cum
1331 349 1459 401 grata

78 420 95 445 5
116 405 411 447 recordatione
448 405 494 446 in
530 407 673 447 mente
711 406 935 447 versetur?
998 405 1130 448 Cuius
1168 419 1270 459 opes
1309 407 1458 446 tantae

115 478 207 505 esse
244 466 427 518 possunt
461 467 537 505 aut
568 478 775 518 umquam
805 464 998 518 fuerunt,
1037 478 1145 518 quae
1177 464 1268 505 sine
1301 463 1457 505 multo-

113 537 210 563 rum
242 522 480 564 amicorum
512 522 666 564 officiis
700 525 814 564 stare
846 523 1045 577 possint?
1079 537 1186 577 quae
1219 524 1333 564 certe
1361 522 1457 563 sub-

112 581 204 621 lata
239 581 446 622 memoria
485 584 528 622 et
565 581 708 637 gratia
740 581 861 623 nulla
893 584 1038 623 extare
1069 583 1263 635 possunt.
1325 580 1459 635 Equi-

114 639 210 680 dem
240 639 350 681 nihil
382 643 473 681 tam
504 640 729 694 proprium
759 640 948 681 hominis
981 640 1181 681 existimo
1215 654 1345 694 quam
1368 653 1458 680 non

63 711 95 736 ιο
115 698 240 740 modo
272 698 492 754 beneficio,
525 699 598 740 sed
630 699 761 740 etiam
794 698 1109 740 benivolentiae
1139 697 1456 753 significatione

113 757 301 812 alligari,
343 757 452 798 nihil
492 772 621 812 porro
669 760 760 798 tam
798 757 1098 811 inhumanum,
1142 759 1234 798 tam
1270 757 1455 810 inmane,

112 818 205 857 tam
236 815 376 857 ferum
408 830 537 870 quam
570 816 853 870 committere,
884 819 934 857 ut
964 815 1173 857 beneficio
1201 829 1290 857 non
1315 815 1456 856 dicam

112 874 327 930 indignus,
359 875 433 916 sed
464 875 603 916 victus
637 889 729 916 esse
755 875 936 916 videare.
999 874 1117 923 Quae
1144 889 1241 916 cum
1266 874 1330 915 ita
1355 873 1455 927 sint,
1469 881 1513 911 82

113 933 200 974 iam
239 933 532 987 succumbam,
569 933 835 987 Laterensis,
872 933 949 974 isti
986 935 1061 974 tuo
1101 932 1270 974 crimini
1301 946 1454 986 meque

61 1009 94 1034 15
113 992 159 1033 in
190 1006 239 1034 eo
270 992 378 1046 ipso,
408 992 455 1033 in
487 1006 570 1046 quo
599 992 708 1033 nihil
733 994 880 1046 potest
906 1006 999 1033 esse
1024 991 1219 1046 nimium,
1252 991 1456 1045 quoniam

113 1051 177 1091 ita
207 1053 256 1091 tu
281 1051 358 1104 vis,
388 1050 571 1092 nimium
605 1051 813 1106 [gratum]
849 1065 942 1092 esse
970 1050 1200 1092 concedam
1224 1052 1455 1104 petamque

114 1124 139 1150 a
163 1109 299 1163 vobis,
324 1109 497 1164 iudices,
523 1112 573 1150 ut
599 1124 696 1151 eum
721 1109 929 1151 beneficio
957 1109 1300 1163 conplectamim',
1328 1122 1457 1162 quem

115 1168 189 1222 qui
208 1167 493 1222 reprehendit,
515 1167 562 1209 in
581 1183 630 1210 eo
651 1167 935 1222 reprehendit,
956 1167 1069 1221 quod
1090 1169 1265 1222 gratum
1283 1169 1457 1221 praeter

113 1226 288 1268 modum
314 1226 429 1268 dicat
455 1241 559 1268 esse.
615 1225 765 1280 Neque
792 1227 906 1267 enim
931 1226 1038 1267 illud
1064 1226 1117 1266 ad
1141 1225 1456 1280 neglegendam

61 1303 95 1328 20
114 1299 255 1327 meam
286 1285 474 1340 gratiam
505 1284 632 1326 debet
662 1285 816 1340 valere,
850 1285 963 1339 quod
989 1284 1098 1325 dixit
1124 1284 1250 1338 idem,
1274 1298 1351 1325 vos
1377 1298 1456 1325 nec

111 1343 308 1386 nocentis
338 1358 417 1385 nec
448 1343 666 1399 litigiosos
700 1358 810 1398 esse,
843 1358 931 1409 quo
961 1343 1102 1384 minus
1135 1357 1202 1384 me
1235 1342 1348 1397 apud
1379 1357 1456 1384 vos

112 1402 254 1444 valere
299 1405 532 1468 oporteret.
599 1402 732 1451 Quasi
775 1417 875 1444 velo
920 1402 965 1443 in
1006 1401 1199 1442 amicitia
1236 1415 1331 1442 mea
1368 1415 1456 1442 non

112 1461 218 1503 haec
242 1461 468 1515 praesidia,
495 1461 533 1502 si
560 1475 667 1515 quae
689 1461 802 1502 f01te
823 1460 954 1502 sunt
943 1475 989 1501 m
1008 1475 1088 1515 me,
1112 1462 1266 1514 parata
1285 1474 1455 1514 semper

115 1519 264 1561 amicis
303 1533 395 1560 esse
433 1519 658 1561 maluerim
694 1534 823 1573 quam
852 1519 1105 1561 necessaria.
1166 1518 1343 1559 Etenim
1375 1532 1454 1573 ego

62 1594 96 1620 ‘25
116 1578 166 1618 de
192 1591 260 1618 me
286 1580 457 1618 tantum
483 1578 615 1619 audeo
642 1578 792 1632 dicere,
819 1577 1056 1619 amicitiam
1079 1591 1220 1618 meam
1239 1576 1456 1630 voluptati

114 1635 311 1691 pluribus
357 1650 485 1689 quam
528 1636 741 1690 praesidio
785 1636 938 1690 fuisse,
983 1649 1136 1689 meque
1179 1634 1456 1676 vehementer

114 1695 229 1736 vitae
268 1708 387 1735 111666
423 1694 680 1748 paeniteret,
719 1695 755 1735 si
792 1695 838 1735 in
874 1708 969 1735 mea
1002 1693 1302 1734 familiaritate
1333 1693 1454 1734 locus

116 1756 231 1795 esset
261 1752 423 1794 nemini
453 1752 538 1793 nisi
561 1753 764 1818 ‘litigioso
797 1755 873 1794 aut
903 1752 1086 1793 nocenti.

207 1811 290 1853 Sed
319 1810 425 1852 11666
454 1810 599 1852 nescio
633 1825 716 1864 quo
749 1810 876 1852 modo
908 1810 1156 1864 fiequenter
1187 1809 1232 1850 in
1264 1824 1330 1850 me
1358 1824 1454 1851 con-

64 1887 98 1912 30
118 1869 294 1926 gessisti
320 1883 504 1923 saneque
530 1869 576 1910 in
601 1883 650 1910 eo
678 1869 824 1910 creber
848 1868 983 1922 fuisti,
1008 1870 1051 1909 te
1077 1867 1273 1909 idcirco
1262 1882 1308 1908 111
1329 1868 1454 1909 ludos

118 1943 291 1970 causam
329 1928 521 1970 conicere
556 1926 764 1981 noluisse,
806 1941 859 1968 116
897 1940 977 1982 ego
1015 1940 1111 1967 mea
1148 1926 1454 1967 consuetudine

117 1987 279 2042 aliquid
317 1987 367 2028 de
405 1985 539 2027 tensis
578 1985 895 2027 misericordiae
934 1998 1063 2026 causa
1100 1984 1302 2038 dicerem,
1341 1985 1456 2038 quod

115 2046 162 2088 in
193 2046 288 2087 aliis
322 2045 531 2086 aedilibus
564 2046 662 2085 ante
688 2043 898 2085 fecissem.
958 2042 1059 2084 Non
1082 2042 1191 2084 nihil
1218 2043 1348 2097 egisti
1372 2043 1457 2084 1106

116 2105 232 2159 loco3
261 2118 363 2146 nam
395 2103 501 2144 mihi
533 2102 732 2156 eripuisti
764 2104 1063 2144 ornamentum
1089 2101 1297 2142 orationis
1324 2116 1455 2143 meae.

64 2178 99 2205 35
120 2160 367 2216 Deridebor,
404 2162 441 2203 si
472 2161 735 2202 mentionem
766 2163 987 2202 tensarum
1017 2159 1172 2212 fecerO,
1204 2174 1300 2200 cum
1332 2162 1381 2201 tu
1411 2160 1456 2201 id

117 2221 396 2275 praedixeris,
446 2220 536 2261 sine
580 2219 714 2260 tensis
759 2221 904 2260 autem
947 2218 1050 2272 quid
1091 2220 1242 2272 potero
1287 2218 1456 2260 dicere?

117 2278 202 2321 Hic
233 2279 365 2320 etiam
396 2277 599 2320 addidisti
631 2293 698 2319 me
729 2277 888 2319 idcirco
921 2291 1016 2318 mea
1046 2277 1141 2331 lege
1168 2276 1295 2318 exilio
1323 2277 1456 2318 ambi-

1469 1786 1527 1827 34

1469 1847 1512 1877 83
