1671 2543
504 92 783 129 ADNOTATIO
809 91 1007 128 CRITICA.
1313 91 1429 126 Lxm

87 202 232 246 Lamb.;
259 212 371 246 aegre
397 211 485 235 sane
511 198 683 242 adiectio,
710 201 752 233 ut
775 200 877 234 illius
895 198 958 233 vel
976 209 1055 233 cum
1074 199 1149 242 illo,
1177 196 1425 232 desideratur’

86 249 227 292 Halm.;
253 248 347 283 mihi
370 247 474 282 nullo
499 246 610 281 modo
630 245 798 281 Caesaris
824 245 964 280 mentio
985 245 1114 280 abesse
1133 255 1243 290 posse
1261 243 1427 285 videtum

87 298 112 343 †
138 296 221 331 add.
249 317 291 321 —
319 295 358 330 P.
382 298 517 330 194.12
549 294 573 340 †
605 293 707 336 add,
739 294 788 328 In
819 304 887 338 quo
918 292 1030 327 Koch.
1058 303 1181 336 progr.
1208 291 1308 326 Porlz.
1336 294 1427 326 1868

87 356 120 389 p.
147 348 200 387 16,
236 343 340 389 Quod
366 343 525 387 quidem,
555 345 596 376 tu
621 352 729 386 quam
755 341 838 375 bene
863 361 921 384 -—-,
945 340 1104 375 elucebat
1128 339 1250 373 Madv.
1276 338 1369 373 Adv.
1396 337 1430 372 Π

89 395 156 426 229
182 401 257 425 non
281 389 388 434 prob.
415 410 457 413 —
485 388 524 423 P.
547 392 624 423 194.
640 392 684 422 34
710 388 904 423 devertisti
927 386 1106 429 Momms.,
1138 387 1262 430 Kays,
1294 385 1428 428 Klotz„

88 439 246 475 evertisti
270 436 388 480 codd,
413 435 548 479 Halm,
575 436 736 471 everristi
762 434 871 477 Man„
897 433 1020 468 Madv.
1046 433 1139 468 Adv.
1163 433 1198 467 Π
1223 436 1303 476 229,
1330 432 1430 476 quod

91 483 321 520 ‘Ciceronem
361 482 555 528 scripsisse
593 481 796 516 ostendunt
834 480 978 525 etiam’,
1015 480 1157 524 inquit,
1195 479 1432 524 ‘pronomina

90 533 166 568 eius
196 531 342 577 ipsius',
374 540 470 575 quae
500 528 595 563 mihi
631 529 750 563 multo
782 528 915 563 melius
948 528 996 562 ad
1027 527 1245 562 devertendi
1275 526 1431 561 verbum

90 578 373 614 accommodata
398 588 478 612 esse
497 576 682 619 videntur,
708 575 820 619 idque
839 576 963 620 ipsum
981 575 1164 611 devertisti
1184 574 1232 608 ad
1252 584 1307 617 ea,
1334 585 1430 618 quae

91 627 277 669 secuntur,
303 625 526 669 confirmasti
550 625 589 658 eb
613 624 733 659 venire
758 624 908 658 iussisti.
951 622 990 657 P.
1011 626 1090 656 224.
1106 626 1149 657 33
1177 632 1302 656 omnes
1322 621 1428 655 codd.

89 675 238 718 praeter
264 672 390 715 schol,
417 673 509 706 duos
535 670 675 706 Oxonn.
700 671 738 704 eb
763 670 854 704 duos
880 669 1006 705 Lamb.
1033 670 1203 715 effuyere,
1236 672 1374 703 322.26
1400 667 1430 701 T

90 721 290 764 extrahere,
322 723 401 754 348.
416 723 460 754 31
491 717 526 752 R
555 719 708 763 eleyisti,
739 719 936 762 praeterea
965 728 982 752 e
1008 718 1079 760 (ex)
1105 727 1172 761 pro
1203 716 1247 751 de
1278 720 1429 757 37914,

91 772 170 802 443.
185 771 248 810 36,
286 770 425 802 482.16
450 765 499 808 D,
539 769 677 800 39815
704 775 742 808 a,
781 765 823 799 de
853 775 920 808 pro
946 775 963 798 e
994 767 1108 798 399.8
1141 774 1211 807 ag,
1250 766 1366 797 4225
1392 762 1429 805 b,

92 819 170 850 510.
187 818 231 849 14
249 815 276 857 t,
297 818 376 848 319.
391 817 435 847 29
453 812 582 858 delegyit
602 811 636 855 S,
657 815 736 846 352.
752 816 796 846 36
817 810 1034 852 delatumR,;
1057 810 1105 844 ad
1117 810 1220 844 Verr.
1234 821 1269 854 p.
1282 814 1361 844 366.
1375 814 1428 844 11.

91 881 135 888 —-
149 861 187 896 P.
201 865 278 896 195.
290 865 309 895 3
324 865 400 895 tum
412 859 547 902 Halm,
563 858 684 903 Kays,
699 858 830 901 Klotz„
845 858 943 902 vulg.
961 869 1031 893 om.
1045 861 1102 900 tu,
1122 858 1206 892 hinc
1218 860 1234 891 ⁴?
1249 867 1296 890 an
1309 861 1351 892 tu
1363 867 1429 901 pro

91 909 179 944 sed?
194 929 237 933 ——
251 907 290 942 P.
308 911 386 942 195.
402 910 422 941 8
442 907 520 953 [te]
539 906 719 949 Momms,
742 906 863 949 Kays,
885 916 976 939 serv.
990 904 1108 949 vulg,
1129 904 1178 938 ad
1196 916 1231 948 p.
1248 908 1303 939 66.
1317 908 1371 938 11.
1388 923 1430 928 —

92 955 131 991 P.
161 958 239 991 195.
256 959 300 989 10
327 954 432 989 alter.
459 958 492 989 et
517 964 587 989 om.
612 952 683 987 EG
709 952 771 996 gad
795 964 831 997 p.
852 957 884 987 4.-
901 955 969 995 18),
997 962 1042 985 ex
1066 962 1138 995 quo
1162 951 1285 986 Halm.
1313 950 1432 995 suspi-

92 1004 198 1047 catur
222 1015 255 1037 v.
284 1001 487 1046 ‘praesidia
512 1011 556 1035 ex
580 1000 706 1045 glossa
731 999 780 1033 ad
804 1000 951 1035 auxilia
975 998 1178 1033 adiecssum’
1208 1008 1305 1042 esse,
1330 997 1434 1032 idem

91 1062 127 1094 p.
150 1053 240 1084 1453
268 1048 500 1092 ‘glossema’,
525 1046 660 1091 inquit,
690 1046 828 1091 ‘pocius
855 1046 894 1080 in
919 1045 1031 1080 verbo
1058 1046 1214 1088 auxilia,
1240 1046 1283 1078 ub
1306 1046 1434 1079 monet

93 1095 203 1140 Bait„
234 1095 487 1139 quaerendum
513 1096 598 1138 esb',
631 1095 668 1129 et]
698 1092 843 1128 invenit
868 1092 977 1137 Kays.
1005 1113 1048 1118 —
1074 1092 1112 1127 P.
1136 1096 1214 1127 195.
1229 1096 1273 1127 23
1299 1093 1433 1137 oppido

93 1145 280 1189 desperare
298 1153 372 1177 non
391 1144 482 1187 puto
497 1140 711 1176 Ciceronem
731 1139 936 1185 scripsisse,
961 1139 1046 1174 fori.
1061 1140 1194 1185 oppido
1214 1139 1435 1182 defeaswrcs

92 1202 127 1226 se
158 1191 264 1235 desp.
290 1209 336 1214 —
367 1189 406 1224 P.
430 1193 504 1223 195.
522 1192 566 1223 36
598 1189 704 1233 quasi
735 1187 805 1222 del.
836 1187 966 1231 Pluyg.
999 1186 1073 1221 Mn.
1103 1189 1192 1220 1861
1224 1198 1260 1230 p.
1283 1190 1361 1220 109.
1390 1206 1435 1210 —-

93 1237 132 1271 P.
155 1241 234 1272 196.
251 1240 269 1271 1
292 1235 353 1272 00
374 1235 490 1278 SFM,
515 1235 648 1279 Klotz„
673 1234 804 1278 Kays.,
826 1233 856 1269 0
876 1233 992 1277 EGP,
1018 1233 1139 1267 Halm.
1165 1254 1207 1257 —
1233 1232 1273 1267 P.
1296 1237 1373 1267 196.
1392 1237 1431 1266 11

93 1285 256 1319 Bottiaei
267 1282 390 1317 Madv.
405 1282 496 1317 Adv.
512 1282 547 1316 Π
565 1286 643 1325 229,
665 1283 773 1317 boetii
786 1281 904 1324 codd,
924 1281 1068 1316 Boeotii
1083 1280 1166 1315 edd.
1181 1301 1226 1305 —
1246 1280 1285 1314 P.
1300 1283 1376 1314 196.
1391 1284 1435 1313 12

95 1336 127 1366 et
151 1331 330 1377 Byzantii
361 1329 468 1365 codd.
494 1330 678 1372 (bizantii,
711 1330 892 1372 bazancii)
926 1329 964 1362 et
995 1327 1095 1371 edd,
1128 1331 1160 1362 et
1186 1326 1309 1361 delevi
1334 1337 1379 1360 ex
1404 1328 1437 1361 ei

95 1380 180 1423 (aei)
207 1379 332 1412 ortum
356 1378 475 1416 ratum
505 1376 553 1410 ad
576 1388 611 1421 p.
632 1380 735 1411 418.
763 1396 808 1400 —
833 1375 886 1409 Ib.
911 1375 1191 1410 Glierronensus
1217 1385 1296 1417 scr„
1327 1374 1435 1408 Cher·

94 1436 259 1460 rouen-ses
284 1424 408 1468 codd,
443 1424 684 1459 Cherronesus
709 1427 746 1458 et
775 1422 914 1465 Halm.,
947 1421 1076 1466 Kays.,
1108 1421 1244 1462 Klotz.;
1276 1432 1310 1455 v.
1336 1420 1434 1465 Ieep.

95 1472 184 1506 lust.
205 1471 258 1505 IX
279 1475 307 1505 1.
325 1476 355 1506 7.
378 1491 422 1496 -
447 1470 486 1506 Ρ.
509 1475 585 1506 196.
603 1476 644 1504 27
660 1471 871 1515 publicanis
888 1470 1016 1503 tuetur
1033 1468 1153 1503 Klotz,
1174 1489 1220 1493 -
1239 1467 1278 1502 P.
1296 1471 1374 1502 196.
1391 1472 1435 1502 36

96 1520 275 1554 aediliciis
299 1519 438 1553 reiectis
463 1529 590 1562 praep.
612 1516 785 1551 Gulielm.
812 1520 859 1560 (v.
881 1515 1011 1560 Grut.),
1043 1515 1167 1549 Madv.
1193 1526 1228 1559 p.
1252 1518 1342 1549 1453
1370 1526 1436 1558 sq„

95 1565 218 1610 Kays,
238 1565 368 1608 Klotz„
395 1566 585 1600 aedilicius
602 1563 779 1600 reiectus?
798 1564 1029 1609 praepositus
1048 1563 1097 1585 ³¹³*
1108 1562 1127 1597 ,9
1147 1573 1166 1596 e
1186 1561 1292 1596 codd.
1314 1561 1436 1596 Halm.

98 1633 140 1637 —
167 1612 206 1646 P.
229 1616 305 1647 197.
321 1616 341 1646 9
367 1616 400 1647 et
423 1612 545 1647 Madv.
566 1611 646 1646 Fin.
671 1623 707 1656 p.
729 1615 796 1645 563
823 1613 972 1645 auctore
999 1610 1098 1644 recte
1125 1608 1196 1644 del.
1218 1619 1313 1644 recc.
1335 1608 1436 1650 edd.;

99 1659 147 1692 ad
172 1670 206 1703 p.
227 1662 328 1693 418.
351 1679 393 1684 —
420 1658 458 1694 P.
480 1662 557 1694 197.
572 1663 615 1693 21
640 1663 672 1693 te
696 1657 806 1692 retin.
825 1657 957 1700 Klotz„
983 1656 1156 1691 emithere
1181 1657 1332 1700 praeter
1357 1655 1436 1691 cod.

98 1704 234 1739 Fa'erni
259 1704 375 1739 etiam
401 1706 574 1749 ‘quatuor
600 1705 781 1740 Britann'
809 1706 972 1739 testatur
998 1703 1141 1745 Gai-am
1175 1703 1224 1736 ad
1252 1715 1287 1747 p.
1311 1706 1436 1737 6611.

99 1772 143 1778 -
168 1752 208 1786 P.
232 1756 309 1786 197.
324 1756 367 1785 22
400 1756 593 1797 acceptam
627 1754 714 1787 iam
750 1756 783 1787 et
819 1753 1038 1787 devoratam
1068 1750 1276 1795 pecuniam
1305 1749 1438 1791 Klotz,

99 1803 280 1844 acceptam
300 1803 332 1833 et
352 1818 395 1823 —
414 1798 576 1842 Abram„
600 1803 745 1843 accepta
763 1803 882 1833 tamen
901 1802 933 1832 et
951 1798 1123 1832 devorata
1139 1797 1299 1840 pecunia
1319 1795 1438 1837 codd,

97 1845 238 1889 Halm.,
272 1845 383 1888 Kays.
410 1865 455 1871 —-
480 1844 518 1879 P.
540 1850 618 1881 197.
633 1850 676 1880 29
697 1857 750 1889 sq.
777 1845 842 1891 [ne
873 1845 953 1887 fieri
984 1843 1111 1888 liceat]
1136 1842 1276 1884 Halm„
1309 1842 1438 1885 Kays.;

98 1905 132 1928 v,
164 1892 295 1937 Pluyg.
327 1892 401 1926 Mn.
430 1896 519 1926 1861
550 1904 587 1936 p.
609 1896 674 1927 109
701 1904 753 1935 sq.
787 1912 831 1917 —
868 1891 906 1925 P.
931 1894 1006 1925 197.
1023 1894 1067 1924 30
1104 1891 1285 1924 sancitum
1315 1888 1437 1923 Halm.

100 1939 318 1975 Diomedem
344 1939 531 1982 adferens,
564 1938 628 1982 qui
651 1951 687 1983 p.
709 1942 847 1973 371.19
872 1937 969 1971 nihil
995 1936 1040 1971 de
1066 1936 1141 1972 Cic.
1167 1955 1212 1961 —
1237 1936 1278 1971 P.
1301 1939 1378 1970 197.
1394 1940 1437 1970 31

100 1991 151 2022 est
176 1986 246 2021 del.
273 1986 353 2029 all,
378 1985 517 2028 Halm,
544 1986 630 2020 disc.
656 1989 707 2020 est
730 1986 894 2030 yentibus
918 1984 973 2029 [et
997 1985 1039 2018 in
1063 1984 1148 2018 sinu
1168 1983 1274 2027 pacis
1293 1983 1440 2028 posita]

99 2033 236 2075 Klotz.;
257 2033 304 2067 ad
322 2045 358 2077 p.
375 2037 405 2067 6.
419 2037 472 2067 20.
489 2052 533 2058 -—
551 2032 589 2066 P.
604 2036 680 2066 198.
694 2036 712 2066 7
733 2032 909 2077 cognosci
927 2030 1092 2073 Lallem.,
1111 2029 1242 2074 Pluyg.
1256 2029 1330 2064 Mn.
1350 2032 1438 2063 1861

99 2092 135 2125 p.
159 2085 225 2115 110
251 2081 290 2114 et
316 2084 403 2115 1881
430 2091 466 2124 p.
490 2083 568 2121 143,
600 2090 805 2124 coynoscere
828 2077 940 2122 vulg,
972 2088 1216 2123 recoysnoscere
1243 2076 1288 2110 de
1313 2076 1440 2110 Halmi

101 2127 194 2162 coni.
209 2126 332 2172 Kays„
353 2139 461 2172 quam
481 2138 689 2172 quemquam
709 2145 753 2150 —
773 2136 976 2170 coynoscere
995 2124 1117 2158 Madv.
1137 2123 1230 2158 Adv.
1247 2123 1282 2157 H
1300 2127 1368 2158 229
1385 2135 1439 2166 sq.

99 2174 203 2219 prob.
224 2193 269 2199 —
288 2173 329 2208 P.
352 2177 428 2208 198.
444 2178 486 2208 13
512 2174 666 2208 monim.
687 2171 729 2215 Gr,
754 2184 908 2207 itionum.
931 2171 1011 2206 edd.
1051 2170 1147 2205 Illud
1172 2170 1315 2204 habenb
1338 2170 1440 2204 mell.

101 2221 206 2255 codd.
226 2232 260 2265 p.
277 2225 397 2264 234.1,
417 2224 561 2262 240.1o‚
583 2222 690 2254 2336
709 2218 753 2264 (Ε
772 2218 956 2262 Eremia),
983 2222 1061 2253 295.
1077 2221 1132 2260 32,
1158 2222 1237 2252 324.
1253 2222 1284 2260 9,
1311 2222 1391 2252 329.
1408 2220 1440 2258 s,

101 2272 234 2311 357.4,
267 2271 399 2311 3582,
427 2271 505 2302 381.
521 2271 576 2309 31,
603 2271 682 2300 410.
697 2270 753 2308 21,
780 2270 860 2301 488.
875 2269 930 2308 28,
957 2268 1107 2308 491.25,
1134 2268 1284 2307 49210,
1311 2269 1391 2298 545.
1408 2267 1440 2305 2,

100 2315 145 2360 D,
163 2325 238 2349 non
256 2314 300 2357 V,
326 2318 404 2349 443.
424 2319 477 2358 17,
504 2318 584 2349 527.
599 2318 620 2348 4
641 2314 828 2358 (munim),
854 2324 1008 2348 monum.
1030 2316 1085 2347 37.
1101 2316 1155 2354 14,
1182 2316 1237 2346 42.
1253 2315 1285 2354 2,
1313 2315 1368 2345 44.
1384 2315 1439 2353 36,
