1671 2543
519 94 620 129 CAP.
648 99 784 129 11—13
812 99 831 137 ξ
857 99 1007 131 29—37.
1359 95 1444 136 269

99 203 264 246 cissem.
317 203 411 252 Nec,
445 202 648 257 quamdiu
679 202 1002 244 inimicissimus
1035 201 1219 244 Gabinio
1252 202 1327 256 fui,
1357 217 1445 243 non

99 262 383 304 amicissimus
409 261 516 302 mihi
541 262 660 314 [non]
683 261 912 316 Pompeius
933 261 1029 316 suit,
1052 277 1142 315 nec,
1161 264 1446 316 posteaquam

98 321 214 362 illius
230 320 480 362 auctoritati
495 334 587 361 eam
605 320 699 361 dedi
714 320 894 373 veniam,
915 335 1042 375 quam
1057 320 1194 375 debui,
1215 320 1444 374 quicquam

99 380 298 421 simulate
334 379 429 431 feci,
464 393 517 419 ne
550 393 646 420 cum
677 393 772 420 mea
802 380 980 433 perfidia
1010 380 1075 420 illi
1108 379 1238 421 etiam
1270 379 1353 432 ipsi
1385 378 1444 419 fa-

64 453 80 479 5
101 453 257 491 cerem,
295 438 363 479 cui
393 437 648 479 beneficium
680 438 908 491 dedissem,
939 438 1151 479 iniuriam.
1213 437 1327 479 Nam
1358 452 1445 478 non

101 497 314 538 redeundo
347 497 392 537 in
424 496 609 551 gratiam
642 511 738 537 cum
769 497 942 538 inimico
969 512 1056 538 non
1080 497 1297 538 violabam
1323 496 1445 537 Pom-

100 555 262 609 peium3
307 554 343 596 si
381 569 457 609 per
494 569 592 596 eum
631 555 831 596 reductus
870 556 1074 597 insidiose
1112 556 1336 609 redissem,
1377 569 1444 596 me

101 614 267 656 scilicet
292 613 488 666 maxime,
521 614 593 655 sed
618 614 812 668 proxime
838 614 961 655 illum
989 629 1156 668 quoque
1183 614 1444 655 fefellissem.

101 672 165 714 Ac
185 673 235 714 de
257 687 324 713 me
345 672 614 726 omittamus3
635 672 687 713 ad
708 672 1020 714 Alexandrinos
1041 673 1149 714 istos
1169 675 1445 714 revertamur.
1457 678 1502 709 34

49 746 82 772 ιο
103 730 224 780 Quod
249 731 411 772 habent
437 745 498 785 os,
530 745 658 785 quam
685 731 922 772 audaciam!
980 731 1109 773 Modo
1135 731 1257 773 vobis
1283 731 1447 786 inspec-

99 789 293 831 tantibus
321 789 365 830 in
390 789 546 831 iudicio
576 788 732 830 Gabini
764 790 894 831 tertio
928 805 1096 844 quoque
1128 790 1258 831 verbo
1292 790 1446 831 excita-

99 849 277 902 bantur3
295 847 514 903 negabant
534 849 759 902 pecuniam
776 847 960 890 Gabinio
981 849 1137 889 datam.
1165 848 1448 890 Recitabatur

100 907 335 948 identidem
359 906 539 960 Pompei
571 907 868 948 testimonium
900 921 1046 962 regem
1073 907 1125 948 ad
1151 922 1195 948 se
1223 907 1447 961 scripsisse

100 965 265 1006 nullam
289 965 516 1019 pecuniam
537 964 722 1006 Gabinio
748 966 832 1006 nisi
858 966 903 1006 in
925 980 1015 1006 rem
1035 966 1269 1006 militarem
1289 966 1447 1006 datam.

52 1038 84 1063 15
105 1023 221 1065 ‘Non
246 1023 339 1075 est',
364 1023 517 1077 inquit,
544 1022 652 1064 etum
672 1023 972 1065 Alexandrinis
1000 1024 1185 1065 testibus
1210 1023 1446 1066 creditum?

103 1082 215 1131 Quid
246 1082 425 1136 postea?
475 1081 691 1123 eCreditur
714 1082 853 1124 nunc.⁹
906 1082 1043 1132 Quam
1071 1083 1124 1124 ob
1151 1083 1270 1123 rem?
1321 1082 1448 1131 ‘Quia

100 1154 213 1181 nunc
257 1140 396 1193 aiunt,
440 1140 553 1194 quod
590 1143 683 1181 tum
722 1140 967 1196 negabant.'
1040 1141 1151 1190 Quid
1190 1141 1322 1196 ergo‘?
1360 1141 1447 1182 ista
1461 1146 1506 1177 35

103 1199 295 1240 condicio
340 1201 406 1240 est
448 1198 644 1253 testium,
693 1202 759 1253 ut,
778 1176 959 1254 equibus
1005 1200 1215 1241 creditum
1256 1214 1345 1241 non
1389 1200 1447 1240 sit

101 1257 380 1312 negantibus,
416 1257 553 1299 isdem
585 1258 782 1299 credatur
814 1258 1056 1300 aientibus?
1118 1258 1196 1312 At,
1232 1258 1268 1299 si
1299 1273 1448 1299 verum

51 1331 84 1356 20
104 1318 197 1357 tum
229 1316 500 1367 severissima
530 1307 682 1357 fronte
706 1316 915 1371 dixerunt,
945 1331 1059 1358 nunc
1090 1317 1375 1370 mentiuntur}
1411 1317 1448 1357 si

103 1377 211 1421 tum
228 1374 400 1415 mentiti
433 1377 545 1428 sunt,
578 1375 757 1416 doceant
787 1390 878 1429 nos,
909 1390 1057 1416 verum
1084 1390 1167 1429 quo
1195 1376 1317 1416 vultu
1343 1375 1448 1417 sole-

104 1435 178 1485 ant
193 1415 342 1474 dicere.
368 1432 660 1474 Audiebamus
676 1434 991 1488 Alexandriam,
1010 1449 1122 1476 nunc
1135 1434 1447 1489 cognoscimus.

104 1490 221 1531 Illim
243 1504 388 1532 omnes
408 1480 681 1557 praestigiae,
706 1492 828 1546 illim,
853 1493 1041 1547 inquam,
1065 1508 1211 1534 omnes
1237 1492 1445 1546 fallaciae,

107 1549 250 1590 omnia
282 1548 461 1602 denique
495 1550 547 1591 ab
579 1551 633 1591 iis
666 1551 896 1592 mimorum
928 1554 1182 1606 argumenta
1206 1554 1310 1592 nata
1336 1554 1448 1592 sunt.

53 1623 87 1648 25
106 1606 197 1648 Nec
229 1607 336 1647 mihi
366 1607 536 1662 longius
571 1608 798 1662 quicquam
831 1612 909 1663 est,
939 1610 1113 1663 iudices,
1146 1624 1274 1663 quam
1305 1609 1446 1650 videre

105 1664 329 1706 hominum
371 1666 527 1719 vultus.
594 1665 807 1708 Dixerunt
849 1667 920 1708 hic
967 1668 1093 1708 modo
1131 1668 1357 1709 nobiscum
1396 1668 1447 1708 ad

104 1724 209 1764 haec
243 1723 447 1775 subsellia
477 1724 631 1777 quibus
659 1725 898 1778 superciliis
925 1728 1152 1766 renuentes
1177 1726 1278 1766 huic
1303 1726 1448 1766 decem

107 1782 275 1822 milium
308 1781 493 1822 crimini!
551 1781 644 1822 Iam
675 1783 813 1824 nostis
846 1783 1138 1824 insulsitatem
1171 1782 1452 1837 Graecorum3

107 1840 267 1881 umeris
306 1842 476 1893 gestum
508 1840 695 1894 agebant
726 1843 820 1881 tum
852 1841 1078 1894 temporis,
1117 1841 1260 1894 credo,
1298 1855 1449 1895 causa,

56 1912 222 1939 301111Πο
266 1897 431 1938 scilicet
474 1900 643 1951 tempus
686 1898 853 1938 nullum
897 1902 973 1939 est.
1047 1899 1134 1940 Ubi
1178 1899 1308 1940 semel
1354 1900 1448 1952 quis

108 1955 382 2010 peieraverit,
420 1956 458 1996 ei
496 1956 609 1996 credi
646 1959 814 2009 postea,
853 1957 1022 1997 etiamsi
1060 1972 1135 2010 per
1173 1957 1308 2010 pluris
1347 1957 1448 1998 deos

109 2015 239 2066 iuret,
282 2028 368 2055 non
407 2016 593 2067 oportet,
634 2015 904 2068 praesertim,
946 2015 1124 2069 iudices,
1163 2030 1259 2057 cum
1295 2016 1341 2056 in
1379 2015 1448 2057 his

110 2072 278 2113 iudiciis
326 2086 379 2113 ne
421 2072 541 2113 locus
586 2073 757 2126 quidem
796 2087 907 2114 novo
947 2074 1050 2114 testi
1088 2074 1225 2115 soleat
1263 2087 1354 2114 esse
1393 2075 1447 2115 ob

113 2145 289 2184 eamque
327 2145 498 2171 causam
529 2130 641 2171 idem
671 2130 831 2172 iudices
864 2132 1146 2185 retineantur,
1185 2131 1258 2186 qui
1288 2131 1449 2173 fuerint

60 2203 93 2229 35
113 2189 162 2229 de
201 2202 292 2242 reo,
328 2192 377 2230 ut
408 2189 460 2230 iis
492 2192 596 2230 nota
627 2189 714 2230 sint
749 2190 909 2244 omnia,
939 2204 1045 2230 neve
1077 2190 1179 2244 quid
1209 2190 1316 2245 fingi
1347 2191 1447 2232 novi

111 2247 261 2300 possit.
322 2245 410 2272 *³³⁴*
449 2247 547 2296 Quo
586 2259 645 2288 EA
682 2259 877 2289 PECUNIA
909 2259 1198 2289 PERVENERIT
1235 2263 1322 2289 non
1360 2250 1446 2291 suis
1462 2252 1504 2283 37

98 2305 297 2359 'propriis
334 2306 502 2347 iudiciis
539 2306 569 2358 †
607 2306 653 2347 in
689 2320 808 2348 reum
844 2306 949 2348 facti
987 2307 1258 2348 condemnari
1296 2308 1448 2350 solent.

1466 1646 1518 1687 13

1462 1706 1505 1736 36
