1671 2543
215 103 303 145 442
392 103 443 138 IN
469 104 517 140 M.
543 102 799 138 ANTONIUM
826 102 1003 139 ORATIO
1030 103 1299 138 PHILIPPICA
1324 104 1368 140 V.

217 212 492 253 constituisse
542 212 729 266 dicebat3
784 214 829 252 at
880 211 954 253 1116
1009 212 1118 267 legit
1167 212 1395 267 aleatores,
1449 212 1557 268 legit

216 271 377 325 exules,
424 271 530 326 legit
562 270 746 312 Graecos
786 270 828 323 (o
867 284 1114 312 consessum
1151 271 1340 313 iudicum
1371 271 1557 325 praecla-

159 338 200 369 13
216 344 322 377 rum,
355 344 378 371 o
405 330 663 384 dignitatem
689 329 858 370 consilii
885 329 1194 371 admirandam!
1251 329 1364 371 Avet
1390 330 1556 371 animus

215 388 327 443 apud
365 388 591 429 consilium
622 388 729 429 illud
760 402 837 442 pro
870 402 942 429 reo
976 387 1150 444 dicere),
1189 387 1351 443 Cydam
1384 387 1555 430 Creten-

215 461 322 500 sem,
366 449 615 500 portentum
658 446 840 501 insulae,
882 446 1100 488 hominem
1142 447 1475 488 audacissimum
1512 449 1556 488 et
1592 465 1610 491 5

213 506 564 560 perditissimum.
627 503 711 546 Sed
747 505 815 547 fac
851 519 937 546 non
974 520 1084 560 esse,
1120 520 1224 546 num
1254 505 1407 547 Latine
1444 505 1556 547 scit?

213 579 316 605 num
348 566 414 605 est
446 579 496 605 ex
522 564 711 605 iudicum
737 577 891 619 genere
917 566 960 605 et
985 564 1153 605 forma?
1185 579 1300 618 num,
1333 564 1445 619 quod
1470 579 1557 606 ma-

214 623 376 663 ximum
408 625 486 677 est,
517 623 634 677 leges
666 625 838 664 nostras
864 637 1056 664 moresve
1081 623 1215 678 novit,
1245 638 1348 664 num
1374 623 1555 677 denique

213 682 438 723 homines?
498 681 582 723 Est
620 682 733 723 enim
765 680 893 723 Creta
926 681 1048 724 vobis
1080 682 1225 724 notior
1258 696 1386 736 quam
1418 681 1556 723 Roma

214 739 368 795 Cydae.
428 739 623 782 Dilectus
662 743 806 781 autem
845 743 888 781 et
924 741 1092 782 notatio
1128 741 1317 782 iudicum
1349 740 1480 782 ctiam
1510 740 1610 785 inm

212 799 373 840 nostris
407 799 571 840 civibus
602 799 753 840 haberi
786 799 913 854 solet,
951 798 1209 854 Gortynium
1240 814 1340 841 vero
1372 799 1557 841 iudicem

213 858 309 912 quis
349 858 472 899 novit
516 861 591 899 aut
635 858 730 912 quis
773 872 899 899 nosse
941 858 1114 912 potuit?
1184 857 1298 900 Nam
1341 857 1557 912 Lysiaden
1611 892 1615 898 .

212 916 523 958 Atheniensem
577 917 801 971 plerique
817 917 1033 972 novimus,
1083 920 1149 958 est
1198 917 1311 958 6111111
1361 916 1556 971 Phaedri,

212 975 460 1041 philosophi
491 976 669 1030 nobilis,
701 976 833 1030 filius,
864 976 993 1017 homo
1025 978 1247 1030 praeterea
1277 975 1476 1030 festivus,
1507 978 1557 1016 ut

212 1034 252 1075 ei
277 1049 375 1076 cum
395 1033 524 1077 Curio
552 1049 801 1076 consessore
828 1035 1061 1089 eodemque
1088 1035 1311 1076 conlusore
1336 1034 1554 1076 facillume
1576 1052 1609 1078 1⁵

156 1106 198 1137 14
212 1094 351 1148 possit
387 1093 625 1135 convenire.
689 1093 856 1143 Quaero
888 1093 1041 1149 igitur:
1081 1092 1126 1135 Si
1158 1093 1364 1148 Lysiades
1397 1094 1556 1135 citatus

212 1152 337 1194 iudex
372 1166 461 1193 non
497 1152 766 1206 responderit
803 1154 1113 1206 excuseturque
1145 1152 1430 1208 Areopagites
1463 1165 1556 1194 esse

212 1225 290 1252 nec
339 1211 492 1252 debere
537 1211 702 1252 eodem·
730 1214 923 1265 tempore
967 1211 1129 1252 Romae
1174 1214 1217 1253 et
1259 1211 1444 1252 Athenis
1488 1224 1555 1252 res

211 1269 417 1324 iudicare,
461 1269 696 1323 accipietne
741 1270 1059 1311 excusationem
1102 1270 1159 1324 is,
1203 1270 1276 1324 qui
1315 1268 1556 1324 quaestioni

211 1328 411 1382 praeerit,
447 1326 647 1369 Graeculi
678 1328 830 1370 iudicis
861 1328 988 1370 modo
1014 1328 1195 1382 palliati,
1226 1328 1352 1369 modo
1385 1327 1555 1383 togati?
1576 1346 1610 1372 20

212 1401 267 1427 an
299 1386 629 1428 Atheniensium
668 1387 991 1441 antiquissimas
1029 1387 1146 1441 leges
1177 1386 1409 1442 negleget?
1473 1385 1555 1435 Qui

211 1459 340 1499 porro
373 1445 446 1485 ille
479 1459 723 1500 consessus,
758 1445 800 1486 di
832 1445 952 1486 boni!
1016 1444 1233 1487 Cretensis
1265 1445 1403 1499 iudeX,
1434 1445 1555 1498 isque

211 1503 512 1557 nequissimus.
570 1503 707 1552 Quem
739 1504 791 1544 ad
823 1504 997 1545 modum
1029 1504 1081 1544 ad
1109 1504 1223 1545 hunc
1255 1518 1351 1544 reus
1385 1503 1556 1558 alleget,

212 1577 296 1617 quo
329 1562 455 1603 modo
489 1563 692 1604 accedat?
748 1561 868 1603 Dura
897 1562 1016 1604 natio
1050 1565 1127 1603 est.
1183 1562 1244 1603 At
1269 1562 1555 1603 Athenienses

212 1621 522 1662 misericordes.
579 1620 690 1662 Puto
723 1635 775 1662 ne
803 1620 980 1663 Curium
1013 1621 1184 1675 quidem
1211 1635 1303 1662 esse
1330 1620 1556 1674 crudelem,
1575 1638 1609 1665 25

213 1680 285 1734 qui
318 1680 556 1733 periculum
590 1679 788 1721 fortunae
822 1680 978 1721 cotidie
1009 1679 1125 1721 facit.
1183 1678 1294 1721 Sunt
1324 1679 1430 1721 item
1455 1679 1556 1721 lecti

211 1738 391 1793 iudices,
424 1739 496 1793 qui
528 1738 712 1780 fortasse
746 1739 1081 1793 excusabuntur,
1116 1738 1278 1780 habent
1310 1738 1423 1779 enim
1453 1737 1557 1793 legi-

211 1797 364 1838 timam
403 1797 723 1839 excusationem
761 1797 878 1838 exilii
920 1811 1049 1838 causa
1089 1798 1230 1838 solum
1267 1796 1447 1838 vertisse
1477 1811 1557 1838 nec

157 1869 196 1899 15
212 1870 304 1897 esse
330 1859 483 1910 postea
505 1856 744 1897 restitutos.
787 1855 881 1897 Hos
901 1856 973 1897 ille
994 1856 1167 1897 demens
1187 1855 1347 1897 iudices
1366 1855 1557 1911 legisset,

210 1915 367 1956 horum
409 1915 584 1955 nomina
622 1915 674 1956 ad
713 1915 925 1955 aerarium
964 1914 1206 1968 detulisset,
1248 1914 1317 1955 his
1354 1927 1610 1969 magnamso

212 1976 380 2027 partem
416 1973 476 2014 rei
507 1973 704 2027 publicae
737 1973 1004 2027 credidisset,
1043 1973 1079 2014 si
1111 1973 1245 2014 ullam
1277 1972 1463 2027 speciem
1493 1972 1557 2013 rei

170 2032 408 2085 Gpublicae
448 2031 758 2086 cogitavisset?
819 2031 963 2085 Atque
1002 2045 1082 2087 ego
1115 2031 1165 2073 de
1195 2031 1311 2073 notis
1343 2030 1555 2072 iudicibus

212 2090 317 2145 dixi3
362 2104 469 2144 quos
507 2090 647 2131 minus
684 2090 836 2144 nostis,
879 2090 997 2131 nolui
1035 2090 1277 2145 nominare3
1314 2089 1556 2142 saltatores,

212 2148 480 2203 citharistas,
523 2151 666 2190 totum
710 2149 890 2202 denique
928 2148 1245 2190 comissationis
1283 2147 1555 2189 Antonianae

211 2206 389 2248 chorum
441 2207 486 2248 in
534 2208 709 2248 tertiam
759 2207 975 2248 decuriam
1024 2207 1211 2248 iudicum
1263 2206 1417 2247 scitote
1461 2219 1607 2248 essens

212 2266 464 2307 coniectum.
519 2265 603 2307 Em
636 2280 821 2319 causam,
854 2280 928 2306 cur
959 2265 1028 2306 lex
1059 2268 1149 2306 tam
1181 2264 1354 2320 egregia
1379 2266 1554 2317 tamque

211 2324 430 2375 praeclara
462 2324 648 2365 maximo
679 2324 823 2378 imbri,
857 2326 1126 2378 tempestate,
1157 2322 1309 2377 ventis,
1340 2322 1555 2376 procellis,
