1671 2543
218 92 274 133 98
595 91 689 127 PRO
715 92 762 126 M.
791 89 963 126 CAELIO
991 90 1180 127 ORATIO.

218 201 367 255 effuse,
405 199 639 241 libidinosa
670 198 914 240 meretricio
947 213 1065 240 more
1098 198 1279 252 viveret,
1318 197 1561 239 adulterum

218 274 298 315 ego
330 262 547 313 putarem,
586 258 623 298 si
656 257 750 311 quis
782 257 894 299 hanc
925 258 1053 311 paulo
1085 257 1265 298 liberius
1298 257 1561 298 salutasset?

305 317 434 359 Dicet
466 316 641 370 aliquis:
678 315 810 357 ‘Haec
842 318 907 357 est
937 316 1073 371 igitur
1104 318 1181 357 tua
1212 315 1467 369 disciplina?
1500 315 1561 356 sic

218 379 267 418 tu
305 376 498 417 instituis
539 375 862 416 adulescentes?
901 375 955 416 ob
986 375 1098 416 hanc
1130 389 1303 415 causam
1334 374 1417 414 tibi
1446 373 1560 415 hunc

217 450 398 490 puerum
430 448 584 489 parens
618 433 932 474 commendavit
965 436 1008 474 et
1040 433 1229 487 tradidit,
1261 435 1311 473 ut
1342 432 1387 473 in
1414 447 1559 473 amore
1596 448 1613 474 5

218 497 348 549 atque
380 494 424 534 in
456 492 752 546 voluptatibus
786 492 1123 533 adulescentiam
1155 506 1277 533 suam
1304 491 1560 544 conlocaret,

219 555 261 594 et
298 556 347 594 ut
384 552 495 593 hanc
534 554 582 591 tu
619 551 754 591 vitam
792 553 920 604 atque
954 550 1060 592 haec
1092 550 1235 591 studia
1267 548 1560 591 defenderes?'

217 612 327 666 Ego,
353 611 390 652 si
417 611 502 665 qui,
528 609 701 663 iudices,
726 609 810 651 hoc
835 609 988 651 robore
1015 609 1147 650 animi
1169 611 1298 663 atque
1317 608 1398 650 hac
1417 608 1560 649 indole

217 669 393 712 virtutis
433 672 560 722 atque
600 668 889 709 continentiae
928 668 1029 722 fuit,
1072 670 1122 709 ut
1159 669 1381 722 respueret
1419 666 1559 708 omnis

216 728 454 783 voluptatis
486 741 738 780 omnemque
765 726 879 767 vitae
907 741 1006 767 suae
1032 741 1204 767 cursum
1229 726 1275 766 in
1300 726 1445 767 labore
1473 739 1560 766 cor-
1580 742 1615 767 ιο

216 788 334 842 poris
365 790 493 840 atque
519 786 564 826 in
590 785 722 826 animi
749 785 1024 827 contentione
1050 785 1290 838 conficeret,
1323 798 1450 838 quem
1473 798 1562 825 non

218 847 356 900 quies,
390 860 478 886 non
509 844 724 897 remissio,
755 858 842 885 non
874 843 1116 897 aequalium
1150 843 1310 896 studia,
1340 857 1429 884 non
1459 842 1561 896 ludi,

215 920 303 947 non
332 903 526 946 convivia
552 903 826 956 delectarent,
856 904 927 955 qui
950 902 1060 942 nihil
1085 902 1131 943 in
1155 901 1246 942 vita
1271 901 1562 955 expetundum

215 965 407 1018 putaret,
444 962 529 1003 nisi
568 962 679 1015 quod
715 963 829 1002 esset
861 975 958 1002 cum
988 961 1113 1001 laude
1146 963 1188 1001 et
1221 975 1318 1002 cum
1349 960 1561 1015 dignitate

217 1022 510 1074 coniunctum,
553 1020 667 1061 hunc
710 1034 806 1060 mea
849 1019 1063 1060 sententia
1107 1019 1262 1060 divinis
1304 1018 1560 1072 quibusdam
1580 1035 1614 1061 15

215 1081 341 1122 bonis
372 1080 633 1120 instructum
660 1081 787 1132 atque
815 1081 1015 1120 ornatum
1040 1080 1157 1132 puto.
1207 1077 1274 1118 Ex
1298 1077 1380 1118 hoc
1406 1091 1561 1132 genere

215 1140 314 1181 illos
329 1138 462 1179 fuisse
478 1137 665 1178 arbitror
679 1136 897 1191 Camillos,
917 1136 1152 1190 Fabricios,
1167 1135 1319 1178 Curios
1338 1136 1562 1189 omnisque

158 1203 203 1234 40
218 1213 303 1251 eos,
333 1197 406 1251 qui
431 1197 537 1237 haec
563 1210 613 1236 ex
639 1196 828 1236 minimis
855 1198 979 1236 tanta
1004 1195 1208 1236 fecerunt.
1269 1194 1431 1235 Verum
1455 1194 1562 1235 haec
1606 1202 1610 1204 “

218 1270 376 1312 genera
412 1255 624 1296 virtutum
659 1268 746 1295 non
785 1254 922 1295 solum
960 1254 1005 1294 in
1042 1254 1235 1294 moribus
1269 1253 1448 1307 nostris,
1487 1252 1561 1293 sed

217 1315 288 1356 vix
319 1315 407 1354 iam
437 1313 483 1354 in
513 1312 635 1352 libris
668 1313 950 1366 reperiuntur.
1012 1311 1197 1353 Chartae
1231 1325 1416 1365 quoque,
1452 1325 1559 1365 quae
1580 1330 1615 1354 20

217 1374 339 1414 illam
364 1371 595 1426 pristinam
621 1371 895 1412 severitatem
922 1370 1211 1424 continebant,
1241 1370 1559 1424 obsoleverunt3

217 1445 355 1485 neque
389 1430 529 1471 solum
561 1429 673 1484 apud
703 1444 795 1483 nos,
828 1429 900 1482 qui
930 1429 1042 1470 hanc
1074 1431 1236 1470 sectam
1265 1428 1561 1482 rationemque

217 1490 332 1531 vitae
369 1503 413 1529 re
445 1487 583 1543 magis
618 1502 746 1541 quam
777 1488 918 1528 verbis
953 1487 1088 1529 secuti
1121 1501 1286 1541 sumus,
1323 1487 1397 1528 sed
1429 1487 1562 1528 etiam

219 1548 333 1602 apud
354 1546 552 1600 Graecos,
578 1546 851 1587 doctissimos
877 1546 1086 1600 homines,
1113 1546 1279 1600 quibus,
1306 1560 1403 1587 cum
1421 1545 1561 1587 facere

218 1621 306 1647 non
330 1607 521 1659 possent,
546 1605 665 1658 loqui
692 1607 837 1645 tamen
863 1608 905 1645 et
932 1605 1116 1646 scribere
1135 1605 1316 1646 honeste
1337 1606 1380 1645 et
1399 1604 1561 1659 magni·
1581 1622 1615 1648 25

219 1665 298 1706 fice
323 1664 495 1717 licebat,
522 1663 606 1704 alia
633 1664 841 1717 quaedam
864 1663 1042 1704 mutatis
1065 1662 1268 1705 Graeciae
1293 1663 1561 1717 temporibus

163 1734 205 1765 41
220 1725 450 1778 praecepta
471 1722 719 1763 extiterunt.
751 1721 904 1776 Itaque
926 1722 998 1762 alii
1018 1722 1255 1776 voluptatis
1276 1736 1404 1762 causa
1418 1721 1562 1763 omnia

220 1782 437 1835 sapientes
469 1780 610 1822 facere
643 1780 852 1834 dixerunt,
883 1795 1019 1834 neque
1052 1781 1104 1821 ab
1134 1781 1214 1822 hac
1241 1780 1448 1822 orationis
1474 1782 1561 1820 tur-

218 1840 413 1894 pitudine
441 1839 596 1880 eruditi
618 1838 814 1880 homines
834 1839 1102 1894 refugerunt,
1129 1839 1202 1880 alii
1223 1854 1319 1880 cum
1338 1839 1561 1892 voluptate

220 1899 479 1953 dignitatem
512 1897 852 1952 coniungendam
882 1900 1155 1952 putaverunt,
1186 1900 1235 1938 ut
1266 1912 1333 1938 res
1363 1912 1560 1938 maxume
1580 1915 1615 1940 30

220 1957 333 1998 inter
377 1971 421 1997 se
465 1956 745 2010 repugnantis
790 1956 955 1997 dicendi
992 1956 1198 1997 facultate
1237 1956 1562 2010 coniungerent3

219 2016 327 2056 illud
365 2029 497 2055 unum
535 2015 752 2055 derectum
784 2015 867 2055 iter
899 2015 951 2056 ad
982 2015 1151 2056 laudem
1183 2029 1280 2055 cum
1311 2014 1458 2055 labore
1488 2014 1561 2067 qui

221 2074 529 2127 probaverunt,
572 2087 705 2127 prope
750 2073 831 2114 soli
871 2074 958 2114 iam
994 2074 1039 2114 in
1077 2073 1234 2114 scholis
1272 2075 1373 2112 sunt
1408 2072 1560 2113 relicti.

221 2131 363 2171 Multa
405 2132 518 2172 enim
561 2131 687 2172 nobis
730 2131 1025 2172 blandimenta
1067 2134 1222 2173 natura
1264 2130 1358 2184 ipsa
1399 2130 1561 2185 genuit,

224 2190 378 2242 quibus
417 2190 559 2242 sopita
590 2189 728 2230 virtus
761 2190 978 2230 coniveret
1008 2190 1241 2244 interdum3
1277 2188 1436 2229 multas
1468 2189 1559 2230 vias
1579 2205 1613 2231 35

224 2248 536 2288 adulescentiae
577 2247 766 2288 lubricas
806 2248 1011 2302 ostendit,
1057 2248 1211 2302 quibus
1248 2247 1326 2288 illa
1361 2246 1560 2288 insistere

224 2308 300 2345 aut
324 2305 493 2360 ingredi
519 2306 609 2346 sine
637 2320 738 2347 casu
758 2305 901 2360 aliquo
922 2309 996 2347 aut
1014 2306 1286 2360 prolapsione
1306 2304 1377 2346 vix
1394 2309 1561 2360 posset;

149 294 201 335 17

158 354 203 384 39
