1671 2543
198 100 253 141 86
563 98 655 134 PRO
682 98 729 133 M.
756 98 926 134 CAELIO
953 99 1142 136 ORATIO.

198 207 464 248 adulescente
492 207 610 249 scitis
632 205 901 248 consulatum
919 221 1084 248 mecum
1102 207 1260 261 petisse
1280 207 1520 250 Catilinam.

196 266 265 308 Ad
301 280 426 320 quem
463 266 499 307 si
537 265 715 306 accessit
752 267 827 305 aut
864 265 901 306 si
937 279 962 306 a
997 280 1064 307 me
1096 265 1290 307 discessit
1319 281 1520 321 umquam

198 323 474 379 (quamquam
498 323 623 365 multi
643 323 745 365 bom'
765 323 1054 365 adulescentes
1073 324 1137 364 illi
1157 324 1320 365 homini
1338 339 1521 379 nequam

197 385 324 437 atque
362 383 557 436 improbo
596 379 884 436 studuerunt),
919 384 1013 423 tum
1049 382 1315 424 existimetur
1353 382 1520 425 Caelius

197 439 406 483 Catilinae
442 440 622 482 nimium
659 439 881 480 familiaris
917 439 1059 482 fuisse.
1125 440 1186 482 At
1224 441 1336 482 enim
1371 443 1521 496 postea
1556 453 1573 478 5

196 499 353 540 scimus
392 502 435 539 et
470 499 652 540 vidimus
691 512 780 539 esse
817 498 928 539 hune
966 499 1011 539 in
1040 498 1156 540 illius
1187 499 1345 541 amicis.
1415 499 1520 548 Quis

194 558 352 612 negat?
416 555 497 598 Sed
540 570 618 611 ego
663 556 768 597 illud
811 559 978 611 tempus
1017 557 1187 611 aetatis,
1231 558 1342 612 quod
1378 558 1520 611 ipsum

196 630 273 656 sua
310 617 460 670 sponte
497 615 714 656 infirmum
756 614 938 656 aliorum
980 615 1168 656 lubidine
1204 615 1407 657 infestum
1443 620 1520 669 est,

195 674 239 714 id
275 673 356 715 hoc
392 673 485 715 loco
518 673 708 714 defendo.
768 672 871 714 Fuit
901 673 1099 714 adsiduus
1129 688 1295 716 mecum
1324 677 1520 729 praetore

195 746 281 786 me3
310 746 397 773 non
426 734 603 773 noverat
629 730 877 785 Catilinam3
908 731 1100 773 Africam
1129 735 1221 773 tum
1251 735 1423 787 praetor
1447 733 1519 773 ille
1541 747 1573 772 ιο

197 790 428 845 optinebat.
491 788 669 831 Secutus
695 792 760 831 est
785 803 931 843 annus,
962 804 1036 842 quo
1063 804 1232 832 causam
1257 791 1306 832 de
1331 791 1520 845 pecuniis

196 848 439 903 repetundis
478 847 663 890 Catilina
705 848 824 889 dixit.
890 847 1058 889 Mecum
1100 851 1192 889 erat
1233 848 1320 903 hic;
1362 849 1426 890 illi
1468 864 1521 890 ne

197 907 426 948 advocatus
453 907 622 961 quidem
649 907 765 947 venit
789 921 1002 961 umquam.
1045 906 1255 962 Deinceps
1274 906 1358 948 fuit
1376 921 1522 960 annus,

197 979 279 1019 quo
318 979 396 1020 ego
436 965 704 1007 consulatum
737 965 887 1019 petivi3
924 965 1099 1020 petebat
1129 964 1316 1007 Catilina
1345 980 1520 1007 1110011111.

155 1022 442 1092 5Numquam
474 1024 525 1064 ad
556 1024 678 1064 illum
710 1023 900 1077 accessit,
932 1038 957 1064 a
987 1038 1054 1064 me
1077 1038 1310 1078 numquam
1335 1025 1520 1066 recessit.
1541 1038 1574 1064 15

139 1110 180 1141 n
196 1081 279 1123 Tot
309 1082 443 1137 igitur
469 1096 602 1123 annos
628 1084 820 1131 versatus
845 1082 890 1122 in
914 1081 1007 1123 foro
1034 1082 1124 1124 sine
1150 1083 1401 1137 suspicione,
1432 1083 1521 1123 81110

196 1140 373 1181 infamia
402 1140 568 1181 studuit
598 1139 806 1181 Catilinae
838 1140 993 1181 iterum
1024 1140 1197 1194 petenti.
1260 1140 1395 1189 Quem
1420 1154 1521 1196 ergo

197 1199 249 1239 ad
292 1199 420 1239 finem
464 1201 589 1252 putas
633 1198 950 1239 custodiendam
987 1198 1106 1239 illam
1143 1201 1326 1240 aetatem
1361 1198 1522 1240 fuisse?

197 1256 335 1298 Nobis
376 1256 544 1311 quidem
584 1256 687 1297 olim
725 1270 858 1297 annus
896 1258 987 1297 erat
1017 1271 1125 1297 unus
1157 1257 1209 1297 ad
1241 1257 1522 1298 cohibendum

197 1314 420 1355 brachium
444 1317 548 1369 toga
574 1315 842 1367 constitutus,
874 1317 916 1355 et
940 1317 989 1355 ut
1014 1314 1314 1356 exercitatione
1339 1315 1521 1369 ludoque
1541 1332 1575 1357 20

199 1373 426 1426 campestri
456 1372 637 1413 tunicati
667 1376 895 1426 uteremur,
927 1373 1154 1427 eademque
1179 1375 1281 1426 erat,
1312 1373 1349 1414 si
1375 1374 1522 1414 statim

198 1431 351 1472 mereri
383 1431 594 1484 stipendia
625 1445 908 1484 coeperamus,
941 1431 1168 1472 castrensis
1199 1431 1309 1472 ratio
1341 1446 1389 1472 ac
1414 1432 1523 1474 mili-

198 1489 315 1530 taris.
379 1488 472 1537 Qua
507 1489 552 1529 in
590 1492 727 1529 aetate
764 1489 848 1530 nisi
886 1489 958 1543 qui
996 1503 1040 1530 80
1077 1489 1167 1543 ipse
1206 1504 1282 1531 sua
1312 1490 1522 1545 gravitate

199 1550 242 1588 et
272 1546 524 1588 castimonia
555 1549 598 1588 et
629 1562 724 1588 cum
756 1547 980 1601 disciplina
1005 1548 1245 1601 domestica,
1276 1550 1369 1589 tum
1394 1549 1523 1589 etiam

197 1605 385 1647 naturali
411 1605 594 1660 quodam
619 1606 730 1647 bono
758 1605 1010 1658 defenderet,
1038 1620 1205 1660 quoquo
1231 1606 1357 1648 modo
1385 1621 1409 1647 a
1435 1607 1522 1648 suis
1543 1622 1575 1648 25

199 1664 436 1705 custoditus
469 1667 591 1717 esset,
622 1666 766 1704 tamen
796 1663 1017 1705 infamiam
1047 1678 1192 1705 veram
1223 1664 1407 1720 effugere
1438 1679 1525 1706 non

198 1725 378 1776 poterat.
425 1721 506 1763 Sed
533 1722 604 1776 qui
630 1722 768 1775 prima
792 1722 867 1763 illa
891 1722 1015 1762 initia
1041 1723 1193 1764 aetatis
1212 1723 1379 1778 integra
1398 1725 1524 1777 atque

198 1780 404 1822 inviolata
433 1780 730 1834 praestitisset,
762 1780 811 1821 de
843 1781 932 1821 eius
963 1780 1078 1821 fama
1109 1795 1157 1822 ac
1181 1781 1398 1835 pudicitia,
1429 1795 1525 1822 cum

198 1839 235 1880 is
260 1839 346 1880 iam
373 1853 416 1879 80
443 1839 805 1880 corroboravisset
830 1853 878 1880 ac
904 1839 968 1880 vir
987 1840 1099 1880 inter
1118 1839 1232 1880 viros
1253 1842 1375 1893 esset,
1398 1854 1523 1881 nemo

143 1901 184 1932 12
198 1897 464 1951 loquebatur.
521 1895 693 1938 Studuit
719 1896 938 1951 Catilinae,
971 1911 1066 1938 cum
1091 1897 1177 1939 iam
1203 1897 1366 1952 aliquot
1391 1912 1523 1939 annos
1543 1914 1577 1939 30

200 1958 311 1996 esset
329 1955 374 1996 in
393 1955 499 2009 foro,
525 1954 712 2009 Caelius3
739 1958 781 1996 et
799 1955 924 1996 multi
943 1955 1024 1996 1100
1043 1956 1155 1997 idem
1175 1970 1225 1996 ex
1244 1956 1360 1996 0111111
1380 1955 1524 1997 ordine

201 2016 325 2067 atque
353 2028 403 2054 ex
429 2013 544 2055 0111111
567 2016 704 2054 aetate
723 2013 925 2055 fecerunt.
976 2013 1138 2054 Habuit
1157 2013 1269 2054 enim
1288 2013 1372 2067 ille,
1398 2014 1525 2055 sicuti

200 2072 442 2112 meminisse
484 2085 560 2113 vos
603 2072 805 2125 arbitror,
848 2072 1060 2126 permulta
1104 2085 1397 2113 maxumarum
1438 2085 1524 2112 non

201 2143 398 2183 expressa
443 2130 583 2185 signa,
626 2130 699 2171 sed
738 2130 988 2170 adumbrata
1026 2131 1268 2171 lineamenta
1303 2129 1522 2170 virtutum.

201 2186 413 2228 Utebatur
442 2188 688 2229 hominibus
714 2188 920 2242 improbis
946 2188 1110 2242 multis,
1142 2190 1185 2228 et
1209 2187 1377 2241 quidem
1404 2189 1524 2240 optu-
1542 2203 1576 2229 35

200 2245 281 2285 mis
308 2259 351 2285 80
376 2245 478 2286 viris
505 2246 693 2286 deditum
719 2259 808 2287 esse
835 2246 1074 2287 simulabat.
1117 2245 1255 2286 Erant
1273 2244 1383 2298 apud
1402 2245 1525 2286 illum

201 2303 437 2344 inlecebrae
474 2304 712 2345 lubidinum
749 2304 924 2359 multae3
968 2306 1088 2345 erant
1125 2303 1253 2344 etiam
1289 2302 1523 2345 industriae
