1671 2543
0 779 5 786 ·
67 747 98 771 10

66 1039 99 1065 15

65 1333 98 1358 20

66 1626 99 1651 25

67 1919 101 1943 30

68 2209 102 2237 35

583 94 684 129 CAP.
711 97 801 128 3—5
829 97 847 136 ς
875 97 998 129 7—12.
1373 94 1456 135 441

116 201 161 242 in
187 214 315 256 agros
335 200 589 242 deducendis
609 201 761 242 tulisse
782 200 838 242 M.
859 200 1076 243 Antonius
1097 202 1265 256 dicitur,
1291 202 1459 243 easdem

119 260 235 315 leges
267 260 317 301 de
349 260 533 316 integro,
563 261 612 301 ut
642 260 851 314 populum
879 263 1066 315 teneant,
1098 261 1230 302 salvis
1257 260 1460 315 auspiciis

117 318 221 359 ferri
262 319 416 373 placet.
490 318 694 368 Quamvis
739 319 852 360 enim
895 334 963 361 res
1008 320 1143 361 bonas
1186 319 1341 361 vitiose
1384 334 1461 374 per

117 377 288 431 vimque
326 377 493 432 tulerit,
530 380 676 419 tamen
712 392 786 418 eae
823 378 941 432 leges
978 393 1065 419 non
1097 381 1197 420 sunt
1227 378 1460 429 habendae,

119 436 342 490 omnisque
364 436 541 478 audacia
560 436 813 491 gladiatoris
834 437 1016 478 amentis
1039 437 1295 479 auctoritate
1308 440 1460 478 nostra

118 495 380 549 repudianda
412 498 489 536 est.
544 494 627 536 Illa
651 510 751 537 vero
779 495 1004 549 dissipatio
1030 496 1234 550 pecuniae
1260 496 1457 550 publicae
1476 509 1512 539 11

117 553 292 595 ferenda
322 554 441 595 nullo
474 554 601 595 modo
634 556 712 608 est,
737 569 814 608 per
840 569 968 608 quam
995 555 1244 596 sestertium
1270 555 1458 609 septiens

118 612 287 654 miliens
331 612 453 654 falsis
491 613 878 667 perscriptionibus
918 614 1307 667 donationibusque
1345 628 1459 656 aver-

117 672 185 725 tit,
209 673 260 712 ut
283 671 476 725 portenti
503 671 641 713 simile
665 672 861 713 videatur
880 674 1047 713 tantam
1067 672 1292 726 pecuniam
1310 672 1460 727 populi

117 729 303 771 Romani
347 733 436 771 tam
468 731 597 773 brevi
636 733 829 785 tempore
866 731 1005 785 perire
1043 731 1248 785 potuisse.
1317 730 1458 780 Quid?

116 789 182 829 illi
207 789 416 830 immanes
446 792 648 843 quaestus
675 789 902 843 ferendine,
929 804 1035 843 quos
1056 789 1113 831 M.
1133 790 1295 831 Antoni
1316 790 1346 844 ’ὶ-
1366 792 1460 832 tota

117 847 316 889 exhausit
348 848 531 889 domus?
592 847 777 890 Decreta
802 848 913 890 falsa
936 849 1160 903 vendebat,
1191 863 1335 904 regna,
1361 849 1460 890 civi-

117 909 248 960 tates,
298 906 579 948 inmunitates
628 907 674 948 in
723 921 795 948 aes
839 910 1015 962 accepta
1058 908 1239 962 pecunia
1282 908 1460 949 iubebat

117 965 258 1007 incidi.
319 964 438 1006 Haec
471 980 514 1007 se
547 980 598 1006 ex
623 966 942 1007 commentariis
970 965 1014 1008 C.
1042 966 1250 1020 Caesaris,
1277 981 1460 1020 quorum

118 1024 210 1077 ipse
243 1026 394 1065 auctor
420 1026 524 1078 erat,
557 1038 683 1079 agere
710 1025 891 1066 (licebat.
948 1024 1158 1067 Calebant
1183 1025 1228 1066 in
1253 1025 1459 1066 interiore

118 1082 287 1123 aedium
330 1086 452 1136 parte
497 1083 633 1124 totius
677 1083 738 1124 rei
782 1083 980 1137 publicae
1029 1084 1260 1137 nundinae,
1305 1084 1460 1125 mulier

117 1141 201 1182 sibi
244 1140 412 1182 felicior
450 1156 579 1195 quam
615 1142 718 1183 viris
759 1142 1003 1183 auctionem
1040 1142 1360 1208 provinciarum
1398 1157 1460 1183 re-

117 1213 386 1255 gnorumque
418 1199 624 1254 faciebat,
661 1200 1002 1242 restituebantur
1033 1201 1176 1242 exules
1210 1201 1332 1255 quasi
1363 1201 1460 1256 lege

118 1258 209 1299 sine
240 1258 355 1313 lege,
394 1273 501 1312 quae
532 1259 618 1300 nisi
650 1260 909 1301 auctoritate
942 1262 1114 1300 senatus
1147 1260 1460 1312 rescinduntur,

118 1316 321 1371 quoniam
357 1317 543 1372 ingressi
579 1318 625 1358 in
662 1332 782 1372 spem
819 1319 882 1359 rei
918 1318 1115 1373 publicae
1147 1319 1459 1372 recuperandae

118 1390 284 1430 sumus,
343 1375 488 1431 imago
544 1376 663 1418 nulla
718 1377 879 1418 liberae
935 1377 1124 1418 civitatis
1181 1377 1458 1431 relinquetur.

117 1433 268 1488 Neque
295 1411 458 1476 solumC>
461 1436 782 1477 commentariis
810 1436 1121 1477 commenticiis
1142 1436 1458 1490 chirographis-
1476 1442 1517 1472 12

120 1506 201 1546 que
232 1493 454 1534 venalibus
481 1493 806 1535 innumerabilis
832 1495 1013 1548 pecunia
1039 1497 1244 1549 congesta
1268 1494 1315 1535 in
1339 1494 1459 1536 illam

119 1551 294 1592 domum
325 1553 409 1605 est,
448 1566 561 1605 cum,
600 1567 707 1606 quae
738 1553 951 1594 vendebat
981 1553 1217 1606 Antonius,
1249 1567 1299 1593 ea
1332 1567 1377 1594 se
1410 1568 1461 1594 ex

120 1609 228 1651 actis
257 1608 452 1651 Caesaris
479 1623 604 1665 agere
625 1611 796 1663 diceret,
823 1612 895 1652 sed
916 1614 1089 1652 senatus
1111 1611 1243 1652 etiam
1263 1612 1461 1652 consulta

118 1668 299 1722 pecunia
340 1670 515 1721 accepta
550 1668 660 1709 falsa
692 1670 922 1723 referebat3
961 1670 1230 1724 syngraphae
1263 1669 1462 1724 obsigna-

119 1727 289 1780 bantur,
322 1729 496 1767 senatus
530 1727 727 1768 consulta
756 1742 990 1781 numquam
1021 1728 1137 1768 facta
1168 1728 1220 1768 ad
1249 1728 1459 1769 aerarium

119 1784 432 1826 deferebantur.
500 1784 640 1826 Huius
678 1786 959 1839 turpitudinis
999 1788 1130 1827 testes
1169 1789 1291 1827 erant
1329 1786 1461 1827 etiam

121 1846 290 1885 exterae
327 1844 538 1885 nationes.
599 1843 790 1885 Foedera
820 1844 984 1885 interea
1013 1844 1147 1898 facta,
1184 1858 1318 1899 regna
1349 1845 1462 1897 data,

120 1902 269 1955 populi
323 1902 652 1956 provinciaeque
707 1902 932 1955 liberatae,
992 1903 1268 1957 ipsarumque
1318 1917 1461 1944 rerum

120 1960 255 2001 falsae
287 1961 460 2011 tabulae
490 1964 687 2015 gemente
711 1961 872 2014 populo
898 1960 1094 2002 Romano
1121 1964 1216 2003 toto
1244 1960 1460 2015 Capitolio

119 2019 375 2073 figebantur.
421 2018 584 2067 Quibus
616 2019 744 2060 rebus
776 2022 900 2060 tanta
930 2020 1110 2073 pecunia
1141 2035 1227 2061 una
1256 2020 1303 2060 in
1334 2020 1460 2061 domo

120 2079 373 2118 coacervata
405 2080 482 2130 est,
514 2080 574 2130 ut,
607 2077 644 2118 si
674 2077 756 2119 hoc
788 2091 921 2133 genus
947 2079 1151 2132 pecuniae
1177 2079 1223 2119 in
1249 2079 1461 2119 aerarium

121 2135 356 2190 redigatur,
387 2150 474 2176 non
506 2136 564 2176 sit
594 2136 776 2189 pecunia
805 2136 866 2177 rei
898 2137 1096 2190 publicae
1128 2136 1337 2178 defutura.

208 2193 369 2249 Legem
401 2194 532 2234 etiam
562 2194 828 2236 iudiciariam
860 2195 962 2236 tulit
993 2195 1123 2236 homo
1156 2197 1299 2236 castus
1332 2196 1502 2248 atque5

119 2252 288 2307 integer
319 2252 573 2294 iudiciorum
599 2255 643 2293 et
666 2253 772 2294 iuris
799 2256 959 2295 auctor.
1003 2253 1056 2294 In
1081 2268 1165 2307 quo
1190 2267 1268 2294 nos
1294 2252 1461 2295 fefellit.

120 2309 441 2366 Antesignanos
483 2313 526 2352 et
568 2311 855 2365 manipulares
900 2315 944 2352 et
979 2311 1170 2352 Alaudas
1213 2311 1374 2353 iudices
1417 2327 1461 2354 se
