1671 2543
461 336 524 384 M.
563 336 753 383 TULLI
791 335 1119 384 CICERONIS

119 458 192 512 IN
241 458 310 513 M.
365 457 726 513 ANTONIUM
771 458 1022 512 ORATIO
1067 457 1464 513 PHILIPPICA

670 564 899 618 PRIMA.

593 772 982 811 ARGUMENTUM.

210 873 410 909 Interfecto
441 872 568 908 Idibus
599 873 708 908 Mart.
742 871 778 908 C.
813 872 968 907 Caesare
1000 871 1047 907 M.
1079 872 1281 916 Antonius,
1314 872 1460 918 collega

116 920 196 956 eius
241 920 281 955 in
319 920 530 963 consulatu,
571 919 642 955 sibi
685 920 854 954 metuens
891 930 966 954 non
1003 918 1123 954 solum
1160 930 1203 954 eo
1243 919 1303 954 die
1337 919 1459 964 latuit,

117 979 246 1002 verum
284 967 399 1003 etiam
437 967 533 1002 texit
571 966 803 1011 aliquamdiu
841 965 999 1001 consilia
1037 978 1102 1001 sua
1139 966 1376 1002 simulatione
1413 968 1461 1002 ad

117 1017 266 1059 tempus
300 1013 590 1049 accommodata.
648 1013 833 1049 Postridie
865 1013 951 1048 Idus
984 1014 1109 1048 actum
1141 1016 1199 1048 est
1231 1025 1315 1049 cum
1345 1024 1388 1049 eo
1415 1014 1461 1050 de

118 1061 305 1096 communi
337 1061 531 1096 concordia
566 1071 632 1105 per
664 1060 876 1096 consulares
908 1061 1024 1103 viros3
1056 1062 1142 1105 post
1172 1061 1271 1096 diem
1296 1060 1460 1105 tertium,

118 1109 182 1152 qui
213 1107 287 1143 fuit
318 1107 402 1143 XVI
427 1107 510 1143 Kal.
537 1109 643 1153 Apr.,
676 1108 715 1142 in
747 1107 876 1142 aedem
901 1107 1060 1142 Telluris
1092 1110 1298 1143 convocato
1330 1110 1461 1143 senatu

118 1157 165 1190 M.
193 1154 337 1199 Cicero,
374 1156 554 1199 quantum
585 1155 624 1189 in
649 1154 730 1199 ipso
755 1154 844 1198 fuit,
877 1154 966 1189 iecit
990 1154 1234 1190 fundamenta
1258 1156 1362 1200 pacis
1389 1155 1461 1190 dis-

118 1201 402 1246 cordiarumque
427 1202 643 1237 memoriam
669 1212 814 1237 omnem
838 1202 963 1236 vetere
983 1201 1268 1237 Atheniensium
1294 1202 1462 1248 exemplo

118 1249 306 1285 oblivione
332 1249 559 1294 sempiterna
585 1249 783 1283 delendam
809 1249 962 1284 censuit.
1007 1248 1086 1291 Quo
1113 1249 1173 1284 die
1198 1249 1390 1294 praeclare
1416 1249 1461 1285 de

117 1307 157 1331 re
187 1296 340 1341 publica
371 1296 518 1331 locutus
544 1296 730 1331 Antonius
756 1296 1066 1339 consequentibus
1092 1296 1207 1331 etiam
1232 1296 1363 1331 diebus
1387 1307 1463 1332 non

118 1343 233 1378 dubia
263 1353 351 1378 suae
381 1343 586 1378 voluntatis
619 1345 839 1387 argumenta
865 1342 952 1378 dare
977 1344 1078 1378 visus
1105 1345 1177 1386 est;
1208 1344 1321 1378 misso
1347 1354 1461 1389 parvo

117 1390 194 1425 filio
224 1391 329 1435 pacis
362 1390 492 1425 obside
523 1390 563 1424 in
588 1390 814 1443 Capitolium
840 1388 876 1424 C.
904 1389 1070 1425 Cassium
1099 1391 1197 1434 ipse,
1229 1391 1276 1425 M.
1304 1391 1461 1425 Brutum

105 1436 289 1482 Lepidus,
315 1437 484 1482 pontifex
508 1437 702 1481 maximus,
729 1436 794 1471 alii
821 1436 914 1472 alios
940 1448 985 1472 ex
1008 1437 1309 1473 interfeetmibus
1329 1439 1461 1473 Caesa-

117 1483 185 1527 ris,
228 1483 292 1528 qui
321 1485 408 1528 post
439 1484 517 1519 eius
549 1495 677 1520 necem
708 1484 838 1529 populi
869 1486 907 1519 et
937 1484 1077 1519 Antoni
1107 1484 1267 1520 maxime
1299 1484 1460 1520 consulis

118 1531 220 1565 metu
251 1530 291 1564 in
322 1530 550 1575 Capitolium
581 1542 620 1566 se
652 1531 903 1574 contulerant
936 1542 1049 1566 cenae
1075 1531 1337 1566 adhibuerunt.
1387 1532 1460 1567 Sed

116 1577 243 1611 fictam
274 1587 471 1621 personam
504 1578 685 1612 sustinere
718 1578 781 1612 diu
811 1589 919 1612 nemo
951 1579 1086 1622 potest.
1143 1577 1233 1612 Cum
1264 1577 1460 1614 Caesarem

116 1625 155 1658 in
195 1623 316 1658 libera
360 1623 513 1659 civitate
554 1625 734 1668 singulari
777 1626 966 1668 potestate
1009 1636 1116 1659 usum
1159 1624 1287 1659 funere
1333 1627 1460 1660 tamen

119 1670 239 1706 efferri
276 1670 495 1714 placuisset,
535 1671 599 1714 qui
635 1671 718 1705 fons
748 1673 931 1705 malorum
963 1671 1125 1705 omnium
1157 1671 1229 1706 fuit
1261 1671 1328 1715 (sic
1360 1672 1460 1707 enim

117 1719 316 1762 tyrannum
352 1727 428 1751 non
465 1717 579 1751 fuisse
617 1717 867 1760 iudicabat-ur,
905 1728 992 1751 nam
1027 1719 1269 1762 tyrannorum
1303 1729 1460 1762 corpora

115 1764 396 1809 proiciebantur
426 1763 650 1807 inhumata),
682 1764 851 1798 laudavit
884 1775 967 1798 eum
998 1763 1042 1798 de
1074 1775 1174 1798 more
1201 1764 1250 1799 M.
1276 1764 1459 1799 Antonius

117 1812 157 1845 in
181 1811 262 1846 foro
289 1812 658 1854 commemoratisque
683 1811 793 1844 rebus
820 1810 865 1844 ab
893 1821 935 1845 eo
962 1810 1079 1856 gestis
1104 1810 1349 1855 maximisque
1370 1822 1460 1856 erga

118 1868 196 1892 rem
225 1857 415 1902 publicam
440 1857 583 1891 meritis
611 1857 796 1901 explicata
820 1857 968 1891 demum
995 1860 1146 1892 cruenta
1169 1859 1291 1902 veste,
1322 1859 1360 1893 in
1386 1869 1460 1902 qua

118 1915 245 1938 caesus
278 1905 373 1945 erat,
406 1904 532 1938 multis
563 1904 768 1948 pugionum
798 1903 935 1938 ictibus
965 1904 1133 1948 perfossa
1165 1904 1349 1939 convertit
1379 1916 1459 1939 ora·

117 1951 259 1986 tionem
279 1951 326 1985 ad
345 1950 622 1985 miserationem
642 1950 947 1985 commovendam
965 1950 1216 1996 populumque
1237 1952 1312 1985 iam
1331 1951 1458 1986 dolore

117 1998 308 2032 incensum
334 1997 373 2032 in
399 2008 481 2032 eam
506 1996 737 2032 iracundiam
762 1997 996 2041 furoremque
1021 1996 1187 2042 impulit,
1214 1999 1257 2032 ut
1282 1998 1409 2032 statim
1435 2010 1458 2034 a.

116 2045 245 2080 funere
283 2044 332 2078 ad
370 2044 520 2079 domum
551 2043 657 2078 Bruti
695 2046 733 2078 et
765 2043 868 2079 Cassi
906 2055 990 2079 cum
1022 2045 1165 2079 facibus
1200 2045 1458 2088 accucurwrit,

118 2092 214 2126 unde
246 2102 357 2137 aegre
388 2091 556 2136 repulsus
588 2094 655 2125 est.
704 2091 840 2126 Brutus
873 2092 911 2126 et
942 2090 1089 2125 Cassius
1120 2092 1239 2126 vitato
1270 2093 1460 2136 praesenti

116 2138 283 2183 periculo
315 2137 526 2173 concitatae
558 2137 810 2172 multitudinis
840 2137 916 2172 vim
940 2138 1116 2172 timentes
1141 2138 1353 2183 Antonique
1377 2150 1459 2184 per-

117 2185 244 2220 fidiam
274 2185 349 2220 iam
381 2185 470 2219 satis
503 2185 644 2230 experti
674 2185 827 2220 Antium
859 2186 897 2219 et
921 2185 1127 2219 Lanuvium
1159 2185 1384 2229 aufugerunt
1415 2197 1458 2222 eo

118 2231 286 2276 consilio,
312 2234 355 2267 ut
378 2231 465 2266 inde
491 2231 530 2265 in
554 2231 763 2276 provincias
790 2243 812 2266 a
837 2233 966 2266 senatu
992 2231 1161 2266 decretas
1186 2232 1459 2277 proficisceren-

118 2280 187 2313 tur.
242 2278 467 2314 Decreverat
505 2280 629 2312 autem
663 2280 826 2321 senatus,
863 2277 1043 2321 postridie
1076 2289 1188 2322 quam
1221 2290 1239 2313 e
1273 2278 1458 2324 Capitolio
