1671 2543
540 90 642 126 CAP.
668 94 781 125 8—11
809 95 827 133 ς
853 95 1002 128 20—25.
1386 93 1438 134 91

107 196 422 252 Neapolitanis,
447 197 498 239 de
516 196 906 240 Alexandrinorum
929 199 1172 254 pulsatione
1192 198 1443 253 Puteolana,

109 256 159 297 de
185 256 309 298 bonis
329 256 485 298 Pallae.
535 255 703 298 Vellem
729 257 891 298 dictum
918 260 1032 300 esset
1057 258 1110 299 ab
1137 258 1285 299 eodem
1311 258 1442 299 etiam

109 315 159 356 de
179 313 329 356 Dione.
366 314 431 356 De
452 329 535 369 quo
555 314 649 369 ipso
670 318 815 356 tamen
836 316 937 370 quid
956 319 1022 358 est
1042 316 1155 371 quod
1177 316 1442 370 expectetis?

109 373 224 427 quod
259 373 314 427 is,
352 373 426 428 qui
455 373 575 427 fecit,
613 376 688 414 aut
718 388 805 415 non
836 375 962 416 timet
993 377 1068 416 aut
1099 375 1231 416 etiam
1261 374 1442 429 fatetur3

72 442 88 467 5
110 434 176 473 est
213 431 325 472 enim
357 446 447 486 rex;
485 432 558 486 qui
589 435 733 473 autem
766 433 904 474 dictus
937 436 1003 474 est
1034 433 1204 475 adiutor
1234 433 1367 474 fuisse
1399 436 1443 475 et

109 490 318 545 conscius,
344 489 389 531 P.
409 490 592 544 Asicius,
618 491 775 532 iudicio
803 494 869 532 est
894 492 1113 533 liberatus.
1160 491 1282 541 Quod
1307 492 1443 547 igitur

108 551 175 590 est
213 548 302 590 eius
341 548 457 590 modi
488 549 667 603 crimen,
704 552 770 604 ut,
808 550 881 604 qui
913 550 1146 604 commisit,
1183 565 1271 592 non
1300 553 1442 606 neget,

109 607 182 662 qui
206 607 392 663 negavit,
425 607 649 649 absolutus
675 608 744 662 sit,
775 608 819 649 id
843 608 913 650 hic
938 609 1225 663 pertimescat,
1258 609 1331 664 qui
1355 623 1442 650 non

109 665 236 707 modo
267 680 293 706 a
322 665 445 720 facti,
482 680 629 707 verum
661 667 793 708 etiam
825 682 850 708 a
882 667 1166 708 conscientiae
1199 667 1442 722 suspicione

56 734 90 759 ιο
109 723 247 765 afuit?
319 723 395 777 Et,
439 724 477 765 si
519 725 666 766 Asicio
710 727 755 766 in
798 740 926 767 causa
967 725 1064 780 plus
1107 725 1270 780 profuit
1314 741 1442 781 quam

108 782 257 824 nocuit
305 782 481 837 invidia,
529 783 628 824 huic
679 784 819 825 oberit
862 787 984 825 tuum
1027 784 1319 838 maledictum,
1370 784 1442 838 qui

108 841 234 882 istius
283 841 388 882 facti
436 855 523 882 non
572 842 698 883 modo
743 842 1002 896 suspicione,
1052 842 1126 883 sed
1168 857 1221 884 ne
1264 842 1443 883 infamia

110 899 280 954 quidem
311 903 378 941 est
408 901 636 954 aspersus?
697 900 758 941 At
788 901 1153 955 praevaricatione
1179 903 1245 942 est
1270 901 1440 942 Asicius
1456 908 1499 938 24

109 958 328 999 liberatus.
401 957 609 999 Perfacile
654 961 720 999 est
762 959 836 1000 isti
879 959 973 1001 loco
1018 959 1291 1013 respondere,
1335 959 1441 1000 mihi

59 1026 91 1053 15
110 1017 376 1071 praesertim,
408 1030 433 1057 a
464 1030 546 1071 quo
572 1017 647 1057 illa
674 1032 801 1058 causa
826 1017 999 1059 defensa
1023 1021 1101 1059 est.
1164 1015 1247 1058 Sed
1273 1017 1442 1059 Caelius

111 1075 316 1129 optimam
370 1089 540 1116 causam
585 1075 704 1117 Asici
749 1090 840 1117 esse
883 1076 1136 1130 arbitratur3
1187 1076 1443 1118 cuicuimodi

111 1136 256 1174 autem
295 1133 370 1187 sit,
409 1148 434 1174 a
470 1147 547 1174 sua
577 1137 704 1187 putat
735 1134 824 1175 eius
857 1149 949 1175 esse
981 1135 1231 1176 seiunctam.
1292 1133 1442 1188 Neque

111 1192 250 1233 solum
289 1191 476 1246 Caelius,
520 1193 593 1233 sed
630 1192 761 1233 etiam
799 1193 1092 1234 adulescentes
1129 1192 1444 1233 humanissumi

111 1253 155 1291 et
185 1250 449 1304 doctissumi,
479 1251 745 1292 rectissumis
778 1251 931 1292 studiis
963 1253 1090 1305 atque
1123 1251 1312 1304 optumis
1344 1251 1444 1291 arti-

57 1319 92 1344 20
112 1309 190 1350 bus
220 1308 416 1363 praediti,
447 1309 570 1350 Titus
598 1308 813 1364 Gaiusque
840 1308 1034 1363 Coponii,
1066 1309 1138 1364 qui
1168 1324 1219 1350 ex
1244 1309 1443 1351 omnibus

111 1367 295 1408 maxime
321 1365 474 1409 Dionis
506 1370 690 1409 mortem
721 1368 961 1421 doluerunt,
993 1368 1065 1422 qui
1098 1382 1193 1409 cum
1225 1367 1443 1409 doctrinae

112 1425 253 1467 studio
286 1427 414 1479 atque
445 1426 747 1481 humanitatis,
779 1429 873 1467 tum
905 1402 1035 1467 etiam
1066 1425 1256 1480 hospitio
1289 1425 1443 1467 Dionis

111 1484 379 1525 tenebantur.
410 1484 652 1526 Habitabat
671 1485 708 1526 is
729 1485 839 1539 apud
860 1483 906 1525 L.
920 1483 1162 1538 Lucceium,
1181 1487 1231 1525 ut
1251 1484 1444 1525 audistis.

112 1541 273 1583 Fuerat
315 1542 353 1583 ei
397 1543 595 1597 cognitus
635 1543 929 1584 Alexandriae.
998 1542 1109 1592 Quid
1148 1546 1222 1584 aut
1260 1542 1331 1584 hic
1370 1545 1446 1583 aut

60 1611 94 1636 25
115 1614 282 1641 summo
321 1600 544 1654 splendore
581 1602 800 1655 praeditus
837 1601 972 1643 frater
1004 1602 1094 1642 eius
1127 1601 1177 1642 de
1208 1600 1265 1642 M.
1299 1600 1444 1643 Caelio

114 1658 342 1712 existimet,
374 1673 424 1700 ex
454 1659 571 1713 ipsis,
603 1659 639 1700 si
670 1659 868 1713 producti
901 1662 1036 1713 erunt,
1068 1659 1263 1700 audietis.
1324 1659 1443 1714 Ergo
1458 1666 1503 1696 25

113 1717 219 1758 haec
238 1719 548 1771 removeantur,
567 1719 616 1758 ut
635 1717 875 1772 aliquando,
894 1717 939 1758 in
959 1717 1115 1771 quibus
1137 1731 1265 1758 causa
1278 1717 1445 1763 nititur,

115 1775 168 1816 ad
200 1789 250 1816 ea
279 1774 509 1815 veniamus.

203 1832 499 1874 Animadverti
537 1833 667 1887 enim,
703 1833 880 1887 iudices,
918 1833 1055 1874 audiri
1086 1847 1112 1874 a
1142 1833 1265 1874 vobis
1298 1847 1453 1905 meum

63 1902 97 1927 3⁰
116 1891 388 1945 familiarem,
424 1890 471 1932 L.
508 1890 788 1957 Herennium,
825 1893 1078 1945 perattente.
1145 1890 1197 1932 In
1235 1905 1318 1945 quo
1357 1891 1439 1932 etsi

116 1963 273 2005 magna
297 1964 349 1991 ex
372 1952 494 2003 parte
520 1949 692 2004 ingenio
719 1949 808 1990 eius
835 1951 878 1990 et
903 1949 1068 1990 dicendi
1088 1963 1240 2004 genere
1261 1949 1447 2002 quodam

117 2007 396 2062 tenebamini,
445 2010 591 2048 tamen
632 2021 719 2048 non
760 2021 993 2061 numquam
1036 2007 1232 2061 verebar,
1274 2021 1328 2048 ne
1372 2007 1449 2048 illa

118 2066 336 2120 suptiliter
373 2066 426 2107 ad
463 2065 773 2107 criminandum
809 2065 983 2107 inducta
1022 2065 1159 2107 oratio
1198 2065 1251 2106 ad
1282 2065 1448 2106 animos

116 2127 283 2166 vestros
310 2124 469 2166 sensim
494 2139 543 2165 ac
568 2123 722 2165 leniter
747 2123 968 2165 accideret.
1022 2123 1146 2164 Dixit
1171 2123 1285 2164 enim
1310 2123 1448 2164 multa

65 2193 98 2218 85
118 2183 168 2224 de
204 2182 389 2236 luxurie,
426 2183 564 2223 multa
595 2182 644 2223 de
675 2182 870 2235 libidine,
907 2181 1044 2222 multa
1075 2182 1125 2222 de
1157 2181 1274 2222 vitiis
1306 2182 1448 2222 iuven-

118 2241 242 2294 tutis,
273 2241 410 2282 multa
441 2241 491 2282 de
523 2241 714 2282 moribus
746 2243 800 2294 et,
833 2240 905 2294 qui
937 2240 982 2280 in
1012 2240 1177 2294 reliqua
1206 2240 1296 2280 vita
1327 2240 1447 2280 mitis

118 2302 232 2341 esset
263 2301 306 2340 et
336 2299 381 2340 in
410 2299 491 2342 hac
523 2298 735 2340 suavitate
765 2298 1061 2353 humanitatis,
1094 2312 1178 2352 qua
1201 2312 1334 2352 prope
1360 2298 1447 2339 iam

1464 1811 1513 1850 11

1443 1868 1517 1909 (25)
