1671 2543
477 384 539 432 M.
578 383 765 431 TULLI
803 383 1133 431 CICERONIS

138 517 211 571 IN
260 517 328 572 M.
377 516 742 572 ANTONIUM
786 516 1037 571 ORATIO
1084 516 1478 572 PHILIPPICA

713 622 915 677 NONA.

620 842 1004 881 ARGUMENTUM.

232 950 462 999 Quamquam
497 955 721 989 sententiam
759 966 857 999 eam,
896 967 1006 999 quam
1043 956 1091 990 M.
1130 954 1256 990 Cicero
1295 955 1483 1000 superiore

137 1002 306 1037 oratione
345 1001 636 1045 commendavit,
675 1004 825 1036 senatus
864 1001 902 1035 in
941 1003 1170 1037 decernendo
1211 1004 1358 1037 secutus
1391 1004 1482 1046 erat,

137 1051 264 1084 tamen
296 1049 343 1084 M.
380 1050 519 1084 Antoni
556 1048 699 1083 inimici
731 1051 841 1093 atque
874 1049 1077 1084 adversarii
1108 1049 1272 1084 nondum
1306 1049 1345 1083 id
1377 1051 1485 1084 erant

139 1096 345 1139 consecuti,
385 1096 483 1141 quod
523 1095 682 1130 maxime
717 1096 956 1141 spectabant,
994 1098 1036 1130 ut
1067 1096 1114 1131 M.
1148 1096 1332 1131 Antonius
1363 1096 1482 1131 hostis

138 1143 284 1187 patriae
316 1142 553 1178 iudicaretur.
604 1143 720 1185 Quam
753 1143 800 1178 ob
832 1154 906 1177 rem
940 1154 1023 1177 cum
1054 1142 1091 1178 C.
1122 1143 1245 1178 Pausa
1276 1143 1405 1178 consul
1437 1145 1483 1178 de

138 1190 277 1225 honore
305 1189 379 1225 Ser.
408 1189 560 1235 Sulpici,
588 1190 651 1234 qui
678 1201 759 1224 cum
784 1190 822 1224 L.
848 1189 1022 1235 Philippo
1050 1192 1088 1225 et
1112 1189 1152 1225 L.
1178 1190 1313 1225 Pisone
1339 1190 1387 1225 ad
1406 1190 1486 1225 An·-

138 1238 284 1271 tonium
309 1237 462 1279 missus,
494 1237 709 1282 priusquam
736 1237 916 1272 mandata
941 1238 1091 1272 senatus
1117 1241 1333 1281 exponeret,
1366 1248 1482 1282 prope

137 1286 262 1318 castra
286 1284 334 1318 M.
356 1283 495 1319 Antoni
526 1285 607 1319 erat
631 1285 809 1329 mortuus,
836 1284 874 1318 in
901 1286 1032 1318 senatu
1057 1284 1212 1319 referret
1237 1286 1274 1319 et
1300 1295 1383 1319 eum
1408 1296 1483 1319 11011

138 1331 260 1366 solum
292 1331 477 1376 sepulcro,
510 1342 637 1365 verum
669 1331 780 1366 etiam
814 1333 939 1366 statua
962 1331 1111 1376 publice
1137 1331 1329 1366 honestari
1355 1331 1483 1375 vellet,

139 1378 236 1422 quod
262 1379 305 1412 ut
329 1379 482 1413 referret
507 1377 665 1413 fortasse
693 1389 714 1412 a
734 1378 781 1413 M.
804 1378 978 1413 Cicerone
1008 1378 1157 1422 eiusque
1184 1378 1482 1413 adsectatoribus

138 1427 336 1469 propterea
360 1425 560 1470 instigatus
586 1427 682 1467 erat,
710 1426 808 1469 quod
832 1425 949 1461 honos
976 1426 1122 1460 statuae
1148 1437 1222 1460 non
1247 1425 1484 1460 tribuebatur

138 1472 211 1505 nisi
231 1472 367 1516 legatis
387 1472 525 1507 iniuria
545 1472 673 1516 eaesis,
699 1472 738 1508 P.
761 1472 936 1507 Servilius
958 1472 1101 1507 consuli
1120 1472 1163 1507 de
1185 1474 1312 1506 statua
1331 1472 1482 1516 quidem

140 1518 426 1553 adsentiendum
463 1531 537 1554 non
575 1518 735 1562 censuit,
773 1530 819 1554 ne
857 1531 953 1554 nova
983 1519 1031 1554 M.
1065 1519 1228 1553 Antonio
1261 1519 1404 1553 invidia
1437 1519 1483 1554 de

139 1568 257 1600 morte
278 1565 351 1600 Ser.
376 1566 517 1610 Sulpici
542 1565 773 1610 conflaretur,
800 1566 848 1601 M.
875 1568 999 1601 autem
1021 1565 1147 1600 Cicero
1174 1566 1244 1600 hac
1267 1566 1359 1610 ipsa,
1387 1577 1484 1610 quae

139 1612 238 1646 infra
264 1613 404 1656 scripta
429 1615 502 1656 est,
529 1613 694 1647 oratione
720 1614 958 1648 vehementer
984 1612 1022 1648 C.
1049 1613 1194 1647 Pansae
1222 1612 1400 1648 adsensus
1427 1615 1486 1648 est

139 1664 177 1694 et
204 1661 349 1694 senatui
375 1659 420 1693 de
447 1670 512 1694 sua
538 1659 726 1694 sententia
751 1659 946 1704 persuasit.

229 1894 395 1936 Vellem
428 1895 470 1936 di
502 1894 769 1936 immortales
801 1893 1021 1947 fecissent,
1060 1897 1204 1949 patres
1238 1885 1518 1949 conscripti,1

140 1955 191 1994 ut
226 1953 323 1994 vivo
361 1954 506 2008 potius
540 1952 628 1995 Ser.
663 1951 851 2006 Sulpicio
890 1953 1054 2007 gratias
1093 1967 1316 2008 ageremus
1355 1943 1518 2007 quaml

141 2012 325 2053 honores
358 2015 528 2053 mortuo
563 2024 872 2066 quaereremus.
929 2010 1020 2053 Nec
1045 2026 1145 2053 vero
1173 2012 1334 2065 dubito,
1368 2013 1483 2066 quin,

141 2070 178 2111 si
204 2070 277 2110 ille
303 2070 368 2110 vir
394 2070 654 2125 legationem
680 2069 923 2110 renuntiare
950 2070 1174 2124 potuisset,
1203 2070 1366 2111 reditus
1393 2071 1484 2111 eius

107 2140 122 2166 5
143 2131 187 2170 et
210 2128 333 2170 vobis
361 2131 509 2184 gratus
535 2128 666 2169 fuerit
692 2130 735 2168 et
760 2127 822 2168 rei
846 2128 1043 2182 publicae
1071 2128 1273 2170 salutaris
1300 2128 1484 2183 futurus,

141 2201 230 2228 non
267 2201 351 2241 quo
390 2186 436 2227 L.
474 2186 675 2240 Philippo
714 2188 756 2226 et
793 2185 839 2226 L.
877 2186 1026 2227 Pisoni
1064 2189 1139 2227 aut
1179 2187 1370 2228 studium
1410 2190 1486 2229 aut

144 2260 244 2287 cura
285 2245 472 2287 defuerit
508 2245 554 2286 in
589 2247 712 2286 tanto
751 2243 892 2286 officio
930 2247 1138 2299 tantoque
1175 2260 1368 2300 munere,
1411 2247 1485 2287 sed

144 2318 240 2345 cum
285 2302 371 2345 Ser.
418 2302 632 2359 Sulpicius
683 2305 823 2344 aetate
873 2303 971 2344 illos
1016 2303 1218 2358 anteiret,
1272 2304 1487 2359 sapientia
