1671 2543
548 101 649 137 CAP.
679 106 814 137 16—19
841 105 860 144 s
887 106 1036 137 44—50.
1381 101 1467 143 299

124 211 273 254 fectae.
336 210 530 252 Primum
562 212 676 252 certe
709 209 919 251 liberatur
945 209 1050 251 Milo
1082 225 1170 252 non
1201 224 1251 251 eo
1284 209 1465 250 consilio

124 270 345 325 profectus
378 283 488 320 esse,
525 271 575 310 ut
606 268 883 310 insidiaretur
915 269 959 310 in
993 269 1063 310 via
1094 268 1264 323 Clodio,
1296 268 1466 322 quippe,

126 329 162 370 si
206 329 278 370 ille
317 328 468 370 obvius
506 327 546 369 ei
581 326 754 369 futurus
794 327 967 369 omnino
1004 341 1092 369 non
1129 330 1234 369 erat.
1300 325 1465 368 Deinde

126 390 232 442 (non
263 387 377 429 enim
407 386 548 440 video,
581 400 655 428 eur
686 400 772 427 non
805 401 946 427 meum
979 400 1147 441 quoque
1179 399 1307 441 agam
1337 398 1467 440 nego·

90 445 253 501 stium)
287 445 420 498 scitis,
452 444 625 497 iudices,
657 444 801 498 fuisse,
834 445 906 499 qui
939 445 984 486 in
1014 445 1095 486 hac
1120 444 1346 500 rogatione
1374 457 1466 484 sua-

125 505 261 547 denda
310 504 500 546 dicerent
543 502 719 544 Milonis
769 518 897 544 manu
943 504 1113 545 caedem
1157 517 1249 545 esse
1292 502 1465 556 factam,

125 563 305 606 consilio
337 577 437 604 vero
470 562 646 604 maioris
679 562 870 604 alieuius.
920 562 989 603 Me
1021 562 1221 604 videlicet
1251 562 1464 602 latronem

126 637 175 664 ac
212 622 415 664 sicarium
454 621 610 663 abiecti
647 621 844 662 homines
883 623 927 662 et
963 621 1120 675 perditi
1154 620 1464 662 describebant.

124 680 274 723 Iacent
310 681 398 722 suis
437 680 623 721 testibus
663 680 749 733 [ii],
788 680 861 734 qui
893 679 1091 722 Clodium
1121 681 1284 734 negant
1315 693 1364 720 eo
1398 678 1464 719 die

74 757 106 782 10
126 740 321 789 Romam,
352 739 435 780 nisi
467 739 517 780 de
544 737 657 793 Cyro
690 738 890 792 audisset,
922 738 1054 779 fuisse
1086 738 1336 780 rediturum.
1385 736 1466 778 Re-

125 799 297 853 spiravi,
317 798 525 839 liberatus
546 811 660 852 sum;
678 812 765 839 non
784 812 945 847 vereor,
964 812 1029 847 ne,
1050 797 1162 851 quod
1183 811 1235 838 ne
1256 795 1466 850 suspicari

126 857 297 911 quidem
322 856 551 911 potuerim,
576 856 721 897 videar
747 856 790 897 id
817 855 1043 911 cogitasse.
1081 854 1207 896 Nune
1232 868 1466 909 persequar
1479 863 1524 895 48

127 919 280 958 cetera.
342 914 457 957 Nam
495 914 683 957 occurrit
714 914 837 955 illud:
894 913 1052 969 ‘Igitur
1082 928 1134 955 ne
1167 913 1343 956 Clodius
1377 913 1465 967 qui-

125 976 222 1017 dem
265 975 316 1016 de
359 973 528 1015 insidiis
573 973 799 1028 cogitavit,
845 972 1048 1027 quoniam
1092 972 1175 1013 fuit
1211 972 1257 1013 in
1294 971 1464 1012 Albano

74 1050 105 1076 15
127 1031 382 1075 mansurus.9
434 1030 479 1073 Si
509 1031 682 1086 quidem
708 1031 899 1072 exiturus
926 1031 978 1072 ad
1005 1031 1177 1072 caedem
1204 1045 1225 1071 e
1251 1030 1354 1071 villa
1378 1044 1466 1071 non

123 1093 289 1134 fuisset.
338 1090 476 1132 Video
510 1090 623 1131 enim
654 1089 789 1144 illum,
821 1090 894 1144 qui
925 1090 1093 1131 dicatur
1121 1089 1171 1130 de
1199 1088 1300 1143 Cyri
1326 1091 1465 1130 morte

124 1151 365 1202 nuntiasse,
401 1163 489 1191 non
526 1148 569 1189 id
606 1148 846 1203 nuntiasse,
884 1148 957 1189 sed
995 1147 1201 1189 Milonem
1239 1147 1466 1202 appropin-

126 1224 268 1264 quare.
330 1207 444 1250 Nam
483 1207 584 1261 quid
622 1207 672 1248 de
705 1206 817 1261 Cyro
855 1207 1091 1260 nuntiaret,
1130 1220 1256 1260 quem
1289 1205 1465 1247 Clodius

125 1269 265 1310 Roma
308 1266 584 1322 proficiscens
604 1265 862 1320 ,reliquerat
906 1265 1191 1307 morientem?
1256 1263 1353 1306 Una
1389 1263 1465 1317 fui,

72 1345 106 1369 ευ
126 1329 435 1369 testamentum
446 1325 572 1366 simul
589 1324 814 1380 obsignavi
827 1326 941 1376 [cum
953 1323 1121 1376 Clodio]
1133 1340 1142 1378 3
1155 1325 1464 1365 testamentum

125 1389 270 1440 autem
300 1384 455 1439 ‘palam
498 1383 659 1425 fecerat
703 1385 746 1424 et
782 1383 905 1424 illum
941 1383 1142 1424 heredem
1179 1384 1222 1423 et
1259 1396 1326 1423 me
1365 1381 1465 1423 seri-

123 1447 281 1499 pserat.
355 1443 501 1492 Quem>
534 1442 670 1496 pridie
707 1441 815 1483 hora
853 1442 983 1482 tertia
1020 1441 1207 1482 animam
1246 1440 1466 1482 efflantem

124 1503 382 1556 reliquisset,
413 1505 511 1543 eu'm
541 1503 761 1542 mortfium
792 1500 999 1554 postridie
1028 1500 1136 1541 hora
1161 1499 1326 1541 decima
1352 1499 1466 1540 deni-

127 1575 207 1616 que
239 1560 278 1601 ei
307 1559 616 1601 nuntiabatur?
661 1559 768 1614 Age,
800 1559 857 1600 sit
887 1559 949 1600 ita
978 1558 1158 1612 factum3
1191 1572 1298 1612 quae
1325 1535 1534 1626 causam&

73 1636 107 1662 25
128 1634 202 1661 eur
233 1618 416 1659 Romam
452 1620 718 1671 properaret,
757 1631 831 1658 cur
865 1617 910 1657 in
940 1619 1112 1658 noctem
1143 1630 1188 1657 se
1220 1615 1464 1657 coniceret?

125 1677 292 1732 Ecquid
313 1676 518 1718 afferebat
531 1675 832 1729 festinationis,
854 1675 966 1728 quod
979 1675 1103 1715 heres
1119 1674 1239 1714 erat?
1271 1673 1466 1714 Primum

127 1739 219 1777 erat
249 1735 376 1787 nihil,
415 1748 488 1775 eur
520 1736 750 1787 properato
784 1747 891 1787 opus
924 1734 1054 1786 esset3
1093 1731 1262 1785 deinde,
1294 1732 1330 1772 si
1363 1731 1466 1785 quid

127 1797 252 1847 esset,
279 1793 381 1847 quid
407 1791 581 1832 tandem
606 1794 710 1844 erat,
736 1791 849 1844 quod
869 1805 918 1831 ea
936 1792 1063 1831 noete
1084 1789 1286 1842 consequi
1306 1791 1467 1842 posset,

128 1853 348 1894 amitteret
379 1853 540 1902 autem,
575 1849 611 1890 si
642 1849 849 1903 postridie
881 1848 1065 1889 Romam
1096 1861 1215 1888 mane
1247 1847 1465 1888 venisset?

74 1928 108 1953 80
128 1911 271 1964 Atque
309 1912 359 1951 ut
396 1909 460 1949 illi
493 1910 728 1949 nocturnus
762 1907 813 1947 ad
845 1906 994 1947 urbem
1027 1906 1234 1947 adventus
1266 1905 1466 1946 vitandus

126 1969 273 2024 potius
301 1981 429 2022 quam
449 1965 709 2020 expetendus
730 1964 825 2018 fuit,
851 1965 911 2006 sic
932 1964 1096 2018 Miloni,
1123 1978 1219 2006 cum
1238 1963 1466 2004 insidiator

127 2030 253 2081 esset,
280 2027 316 2067 si
341 2026 465 2067 illum
492 2024 543 2065 ad
563 2024 713 2065 urbem
731 2026 857 2065 nocte
878 2037 1148 2065 accessurum
1168 2022 1343 2075 sciebat,
1370 2022 1466 2063 sub-

127 2085 350 2128 sidendum
382 2087 510 2138 atque
542 2082 875 2136 exspectandum
905 2081 1000 2123 fuit.
1048 2080 1187 2122 Nemo
1221 2081 1259 2121 ei
1287 2079 1464 2135 neganti
1478 2087 1524 2120 50

126 2159 215 2185 non
245 2143 514 2195 credidisset,
547 2154 673 2195 quem
705 2154 797 2182 esse
830 2154 976 2182 omnes
1010 2140 1175 2181 salvum
1208 2139 1338 2179 etiam
1370 2153 1466 2180 con-

75 2218 108 2244 35
129 2202 323 2243 fitentem
347 2201 510 2243 volunt.
555 2198 841 2241 Sustinuisset
865 2198 948 2240 hoc
974 2198 1135 2240 crimen
1160 2197 1347 2251 primum
1373 2196 1465 2250 ipse

128 2260 200 2301 ille
231 2261 450 2302 latronum
482 2258 721 2300 occultator
752 2259 795 2298 et
820 2259 1016 2310 receptor
1041 2256 1173 2309 locus,
1205 2270 1302 2296 cum
1327 2269 1465 2309 neque

129 2321 247 2359 muta
285 2318 472 2360 solitudo
504 2317 736 2358 indicasset
765 2329 902 2370 neque
935 2313 1069 2356 caeca
1089 2328 1173 2355 nox
1206 2313 1463 2355 ostendisset
