1671 2543
558 75 656 110 CAP.
684 79 776 110 2-4
802 79 821 117 3
848 77 972 109 5—12.
1351 73 1436 113 469

106 186 307 228 acerbum
352 184 500 226 auditu
542 183 608 225 vel
653 182 900 224 incredibile
945 196 970 223 a
1012 180 1068 222 M.
1106 180 1309 223 Cicerone
1347 194 1438 221 esse

106 244 286 297 dictum,
324 242 543 297 accipiatis
583 242 671 283 sine
711 241 959 295 offensione,
997 240 1109 294 quod
1143 239 1305 292 dixero,
1335 253 1439 279 neve

105 304 169 356 id,
212 302 479 357 priusquam,
524 301 647 355 quale
693 300 769 353 sit,
813 299 1044 354 explicaro,
1088 273 1338 353 repudietis)
1387 321 1435 326 —

107 375 186 417 ego
212 361 284 403 ille
311 360 469 416 (dicam
495 357 682 414 saepius)
709 358 826 413 pacis
853 372 1020 412 semper
1039 357 1247 411 laudator,
1273 371 1440 410 semper

69 422 256 462 5auctor
298 434 447 474 pacem
491 433 586 460 cum
629 417 685 458 M.
727 417 916 458 Antonio
962 431 1052 457 esse
1095 416 1208 457 nolo.
1281 414 1440 469 Magna

107 493 181 533 spe
206 477 462 533 ingredior
451 493 497 518 m
521 477 730 530 reliquam
757 475 1007 530 orationem,
1032 477 1177 529 patres
1198 473 1440 527 conscripti

107 537 309 592 quoniam
335 536 745 591 periculosissimum
772 535 914 576 locum
940 534 1112 575 silentio
1140 547 1233 574 sum
1256 534 1439 587 praeter-

108 599 263 637 vectus.
338 594 424 637 Cur
467 595 600 650 igitur
642 608 789 648 pacem
834 593 966 634 110109
1041 591 1150 641 Quia
1187 591 1325 645 turpis
1362 593 1439 644 est,
1456 601 1474 626 ¹.)

107 654 207 708 quia
236 654 488 709 periculosa,
520 653 620 707 quia
646 667 737 693 0330
763 666 850 693 11011
874 654 1030 706 potest.
1088 651 1203 699 Quae
1230 650 1314 690 tiia
1339 649 1439 690 dum

55 731 87 755 ιο
107 712 290 767 explico,
332 716 431 767 peto
476 727 500 753 a
542 711 682 764 101113,
725 714 868 765 patres
914 710 1165 763 conscripti,
1207 711 1256 749 ut
1293 708 1440 749 eadem

106 771 386 827 benignitate,
419 785 501 825 qua
533 770 693 822 soletis,
725 784 819 810 mea
851 769 980 810 veiba
1011 767 1205 809 audiatis.

195 830 306 879 Quid
349 832 414 870 est
457 804 764 882 inconstantia,
814 828 1006 880 levitate,
1056 825 1297 868 mobilitate
1344 839 1439 866 cum

107 888 288 944 singulis
312 888 572 941 hominibus,
597 890 690 928 tum
715 901 814 928 vero
836 886 1034 927 universo
1055 885 1222 926 senatui
1242 888 1312 924 tui
1315 883 1440 938 pius?

107 947 207 1001 quid
244 961 371 1001 porro
410 946 725 988 inconstantius
764 960 909 1000 quam,
947 959 1072 998 quem
1110 944 1235 985 modo
1270 943 1439 984 hostem

55 1023 86 1048 15
106 1020 192 1047 non
222 1006 364 1056 verbo,
397 1005 469 1046 sed
500 1020 544 1046 re
576 1004 724 1045 multis
752 1004 931 1045 decietis
958 995 1336 1056 iu<lica1·itis,‘cum
1360 1001 1441 1042 hoc

107 1064 251 1105 subito
301 1078 449 1118 pacem
493 1063 601 1104 10110
647 1062 877 1117 coniungi‘.>
951 1061 1048 1102 Nisi
1088 1075 1207 1113 vero,
1257 1075 1353 1101 cum
1397 1058 1441 1100 C.
1461 1068 1500 1097 10

111 1121 284 1164 Caesari
322 1123 497 1163 meritos
534 1122 599 1162 illi
639 1098 828 1175 quideme>
845 1121 1029 1161 honores
1067 1122 1110 1160 et
1141 1094 1326 1171 debitos,
1370 1118 1442 1159 sed

107 1184 253 1221 tamen
291 1180 520 1236 singularis
560 1182 602 1221 et
638 1179 895 1220 immoitalis
933 1177 1181 1219 (10010113113
1219 1192 1349 1218 unam
1387 1177 1441 1217 ob

107 1254 297 1292 causam,
341 1239 453 1293 quod
497 1241 646 1280 contra
689 1238 745 1279 M.
789 1238 1026 1278 Antonium
1072 1235 1305 1277 exercitum
1349 1250 1443 1276 con-

54 1297 362 1351 2opa1avisset,
404 1312 491 1338 non
533 1297 704 1338 hostem
749 1299 841 1337 tum
884 1295 1122 1337 Antonium
1166 1293 1443 1347 iudicavistis,

106 1370 184 1397 nec
222 1359 315 1397 tum
351 1356 492 1398 hostis
525 1359 590 1396 est
622 1371 646 1396 a
677 1355 799 1396 vobis
830 1354 1042 1396 iudicatus
1075 1353 1308 1406 Antonius,
1348 1367 1443 1394 cum

106 1415 270 1455 laudati
320 1415 577 1456 auctoritate
627 1416 769 1455 vestra
818 1413 1007 1454 veterani
1051 1412 1229 1465 milites,
1280 1411 1353 1466 qui
1398 1410 1440 1453 C.

108 1472 333 1515 Caesarem
373 1473 509 1514 secuti
547 1475 708 1525 essent,
750 1487 828 1513 nec
866 1475 959 1513 tum
995 1471 1167 1512 hostem
1205 1469 1444 1511 Antonium

110 1530 344 1585 iudicastis,
377 1546 472 1573 cum
503 1531 752 1572 fortissimis
783 1530 1039 1586 legionibus,
1072 1529 1184 1583 quod
1209 1529 1344 1581 illum,
1372 1528 1443 1582 qui

55 1607 89 1632 25
111 1589 259 1631 consul
303 1589 618 1644 appellabatur,
663 1604 758 1630 cum
803 1592 914 1630 esset
957 1588 1115 1642 hostis,
1158 1587 1443 1640 reliquissent,

108 1647 364 1701 vacationes,
396 1648 616 1701 pecunias,
648 1661 774 1702 agros
808 1646 1111 1700 spopondistis.
1175 1645 1314 1694 Quid?
1348 1660 1443 1686 cum

108 1706 293 1747 Brutum
320 1707 459 1747 omine
487 1706 670 1759 quodam
695 1705 811 1746 illius
839 1705 1006 1759 generis
1028 1707 1070 1745 et
1089 1703 1275 1744 nominis
1295 1706 1444 1743 natum
1463 1689 1501 1717 ¹¹

109 1763 160 1805 ad
198 1779 288 1805 rem
326 1764 542 1818 publicam
580 1764 844 1804 liberandam
883 1763 1200 1816 exercitumque
1239 1762 1328 1802 eius
1366 1776 1444 1815 pro

108 1823 310 1864 libertate
336 1823 485 1876 populi
514 1821 696 1863 Romani
715 1822 876 1861 bellum
896 1824 1115 1875 gerentem
1136 1835 1232 1861 cum
1251 1819 1443 1860 Antonio

55 1898 91 1923 30
108 1881 457 1935 provinciamque
494 1880 788 1921 fidelissimam
825 1882 953 1933 atque
986 1879 1210 1933 optimam,
1249 1877 1447 1932 Galliam,

108 1939 308 1980 laudibus
341 1939 617 1993 amplissimis
650 1938 878 1990 adfecistis,
910 1940 1002 1978 tum
1033 1952 1116 1978 non
1146 1938 1316 1978 hostem
1342 1937 1446 1977 iudi-

111 1998 243 2038 castis
269 1997 536 2038 Antonium'?
594 1996 732 2045 Quid?
760 2010 854 2037 cum
879 1996 1139 2049 decrevistis,
1164 1998 1212 2036 ut
1238 1995 1446 2048 consules,

111 2056 219 2096 alter
257 2056 453 2109 ambove,
491 2055 544 2096 ad
580 2055 741 2096 bellum
777 2054 1167 2108 proficiscerentur,
1205 2054 1317 2107 quod
1355 2057 1447 2094 erat

109 2114 286 2166 bellum,
331 2115 367 2154 si
410 2114 548 2154 hostis
587 2113 801 2153 Antonius
845 2127 931 2153 non
974 2112 1095 2153 erat?
1164 2111 1274 2160 Quid
1311 2112 1445 2166 igitur
1465 2127 1504 2156 12

56 2189 90 2215 35
108 2172 326 2226 profectus
354 2175 419 2213 est
439 2172 503 2212 vir
524 2171 797 2224 fortissimus,
824 2185 942 2211 meus
964 2171 1128 2225 collega
1148 2174 1190 2211 et
1210 2170 1446 2224 familiaris,

108 2232 159 2271 A.
196 2230 367 2271 Hirtius
407 2230 584 2271 consul?
623 2232 668 2270 at
706 2244 789 2282 qua
825 2229 1124 2278 inbecillitate,
1170 2243 1253 2282 qua
1290 2229 1444 2270 macie!

110 2287 192 2329 Sed
240 2289 371 2330 animi
416 2289 525 2329 vires
577 2288 766 2341 corporis
813 2287 1041 2328 infirmitas
1079 2302 1165 2328 non
1201 2287 1446 2328 retardavit.
