1671 2543
494 70 773 106 ADNOTATIO
801 47 1015 106 camora]
1307 70 1420 106 xcix

78 177 242 222 PBGH,
280 182 359 213 209.
375 182 419 213 26
450 177 517 212 ΤΕ
549 176 642 221 (rell.
674 178 799 221 succa),
838 180 975 212 357.12
1008 187 1151 220 omnes,
1190 178 1232 210 ut
1261 175 1419 219 videtur,

78 230 159 261 427.
176 230 196 261 9
216 226 264 260 V¹
292 227 499 270 (suscepere)
529 225 576 258 at
605 234 712 265 suse.;
745 223 794 258 ad
824 223 932 258 Arch.
963 235 999 268 p.
1027 226 1176 258 379.19.
1204 243 1248 248 -
1273 223 1313 258 P.
1340 226 1418 258 356.

81 277 124 308 19
151 285 204 317 sq.
231 273 297 308 Ma
323 283 410 316 uus,
441 273 501 307 ille
531 283 596 307 γεω
627 272 676 314 (Ρ.
704 274 758 306 62.
775 272 809 315 6)
840 271 970 315 Asiae,
995 275 1152 316 posteaq.
1182 292 1223 295 —
1251 271 1421 313 devictus,

82 321 205 356 Tauro
224 320 280 354 Ho
350 330 433 354 ann.
450 317 749 363 ‘Zeitpartikeln’
772 329 807 362 p.
821 321 864 353 47
887 317 957 352 del.
978 329 1058 353 eum
1078 318 1116 352 et
1134 322 1194 361 est,
1215 317 1317 361 quod
1335 317 1419 351 add.

78 367 226 411 Lamb,
257 366 376 401 Klotz.
402 365 530 411 posuit
561 366 647 399 ante
679 366 854 407 devictus3
886 365 935 399 ad
964 376 999 409 p.
1022 369 1052 400 6.
1069 368 1124 400 20.
1145 385 1189 390 —-
1214 364 1254 400 Ρ
1281 368 1361 400 356.
1376 367 1421 398 26

79 415 273 450 distulerat
301 414 344 449 A.
371 433 415 438 —
447 413 485 447 P.
513 416 592 447 356.
607 416 650 447 37
683 413 777 447 euim
808 416 857 447 est
892 413 951 447 iis
985 411 1122 456 Klotz„
1161 416 1211 447 est
1244 413 1339 447 euim
1374 412 1422 446 iis

81 463 161 507 (his,
187 459 583 506 is)AR,‘Col.G1-ut.,
610 459 772 494 edVen
788 460 892 494 1472'
915 458 1000 494 fort.
1018 460 1130 502 recte,
1166 459 1261 494 euim
1285 459 1318 494 is
1343 469 1419 493 oru.

79 513 130 544 est
153 508 192 544 F.
214 528 258 533 -
283 507 323 542 P.
345 511 422 542 357.
439 511 482 541 31
503 512 535 542 te
554 508 685 541 iteoum
711 508 785 541 tim.
806 506 1007 541 Lehmann.
1026 505 1150 540 Herm.
1167 509 1258 540 1879
1283 517 1318 550 p.
1340 508 1420 539 454.

81 555 178 590 -P.
193 559 272 590 358.
282 558 302 589 2
322 555 554 600 deueyavisti
570 552 684 596 DES,
704 553 825 588 Halm.
840 553 867 597 I,
887 553 969 597 Kay
971 565 1010 597 s.,
1030 552 1154 595 Η6111.;
1182 553 1230 586 ad
1249 564 1284 597 Ρ.
1300 556 1355 587 27.
1366 556 1420 587 32.

81 623 124 628 -—
145 602 184 637 P.
205 606 284 637 358.
300 606 320 636 3
346 603 514 636 maxima
533 582 706 635 Wesenb.
734 600 826 635 Sest.
853 612 888 645 p.
905 565 969 635 67y
968 612 1028 644 m.,
1053 610 1145 635 recc.
1168 600 1249 634 edd.
1274 600 1423 644 praeter

79 649 202 684 Halm.
222 649 255 693 I,
280 650 435 683 maxime
461 647 578 691 codd,
604 647 727 681 Halm.
749 647 775 682 Ι.

174 741 538 787 Philippicarum
564 740 773 775 orationum
798 740 907 785 longe
932 740 1298 785 praestantissimum
1324 739 1422 775 codi-

82 801 161 825 cem
187 800 268 824 esse
294 791 441 823 constat
458 787 729 823 Vaticanum
755 787 862 821 illum
881 788 916 821 H
936 792 991 831 25,
1019 787 1083 831 qui
1108 787 1274 822 continet
1298 799 1333 832 p.
1354 791 1423 822 360

81 840 275 872 ——514.20
306 837 354 871 ad
388 838 523 879 virum,
563 838 700 870 52627
734 846 856 870 sumus
892 836 1057 870 iudicare
1082 839 1214 870 —530.
1230 839 1274 870 19
1305 845 1422 880 corpo,

82 887 290 920 534—538.
307 887 351 917 18
384 884 556 918 acerbam.
607 881 725 916 Multo
751 881 869 916 levior
894 883 951 916 est
982 881 1185 916 auctoritas
1217 883 1423 916 ceterorum

83 930 254 966 codicum
280 929 460 974 omnium,
493 940 538 964 ex
563 928 698 972 quibus
723 928 894 962 Halmius
925 928 1086 963 maxime
1118 928 1292 963 adhibuit
1317 930 1423 972 quat-

80 980 177 1021 tuor,
204 988 295 1021 quos
322 976 450 1011 littera
474 976 506 1010 D
533 975 823 1020 comprehendit,
849 974 984 1009 B'amb
994 986 1079 1020 erg.
1101 986 1133 1019 a,
1158 976 1366 1010 Bernens.
1387 975 1422 1019 b,

83 1023 337 1060 Gudianum
362 1035 397 1068 g,
423 1023 631 1067 Tegerns
652 1024 679 1066 t,
705 1022 745 1056 in
770 1034 819 1057 or.
840 1023 856 1056 Ι
882 1024 920 1057 et
944 1022 983 1056 111
1007 1022 1053 1056 iis
1076 1022 1318 1066 ‘reliquarum
1343 1033 1423 1057 ora—

82 1071 227 1107 tionum
251 1070 434 1115 partibus,
461 1081 556 1114 quae
578 1071 644 1104 aut
666 1069 705 1103 in
722 1070 756 1104 V
776 1071 841 1103 aut
866 1069 905 1103 in
923 1069 955 1103 D
976 1069 1264 1113 desiderantur’,
1290 1069 1424 1103 Alani

84 1119 164 1154 cod.
189 1118 221 1162 1,
251 1117 291 1152 111
320 1117 407 1152 XIV
431 1128 481 1152 or.
501 1116 645 1151 Vatic.
673 1120 763 1151 3327
794 1128 823 1152 V.
875 1116 947 1150 Sed
978 1118 1106 1151 tamen
1136 1116 1319 1160 optimum
1344 1117 1422 1151 cod.

82 1177 157 1200 non
181 1164 237 1199 ita
261 1165 453 1209 praestare
480 1162 742 1207 deterioribus,
775 1164 817 1197 ut
847 1162 979 1198 horum
1003 1163 1108 1197 nulla
1134 1163 1184 1197 sit
1208 1162 1423 1206 auctoritas

82 1212 123 1248 in
147 1211 205 1246 his
231 1213 340 1246 oratt.
367 1211 485 1245 multo
510 1209 746 1244 manifestius
772 1211 829 1244 est
853 1221 967 1254 quam
991 1209 1031 1243 in
1057 1209 1228 1245 Sestiana
1254 1209 1423 1254 aliisque,

83 1259 123 1294 in
154 1258 288 1303 quibus
319 1257 490 1292 Halmius
528 1268 619 1302 prae
649 1256 811 1291 Parisini
841 1269 888 1292 m.
911 1261 929 1291 1
963 1258 1104 1291 ceteros
1135 1256 1212 1291 fere
1245 1256 1423 1301 neglegit.

82 1305 292 1341 Librarium
324 1303 517 1349 archetypi
543 1303 711 1338 codicum
735 1304 767 1337 D
793 1304 912 1338 multa
936 1303 976 1338 in
1006 1303 1129 1338 locum
1154 1315 1296 1347 eorum,
1329 1315 1424 1347 quae

82 1353 143 1389 vel
162 1353 287 1397 legere
305 1351 366 1386 vel
384 1351 602 1396 intellegere
620 1362 695 1385 non
713 1350 888 1395 potuerit,
916 1362 983 1385 sua
1001 1350 1154 1385 inventa
1174 1350 1424 1393 substituisse,

85 1411 181 1444 quae
207 1398 482 1444 displicuerint,
508 1397 721 1441 correxisse,
748 1397 824 1432 alia
850 1409 914 1432 suo
942 1397 1097 1433 arbitrio
1121 1397 1322 1441 addidisse,
1350 1397 1425 1432 alia

85 1446 290 1491 dempsisse
333 1444 622 1480 innumerabilia
659 1445 829 1490 exempla
865 1445 1015 1489 docent,
1060 1445 1125 1479 sed
1167 1456 1242 1480 non
1279 1445 1424 1488 desunt,

85 1493 220 1538 quibus
252 1493 472 1528 ostendatur
502 1503 733 1527 communem
768 1491 931 1526 omnium
970 1473 1213 1536 ar'chetypum
1249 1503 1272 1526 a
1302 1492 1336 1527 V
1366 1473 1426 1526 vel

84 1540 345 1585 neglegentius
370 1540 431 1574 vel
463 1539 634 1573 inscitius
659 1539 797 1573 lectum
823 1540 889 1573 aut
914 1538 1142 1583 descriptum
1165 1549 1245 1573 esse
1265 1550 1378 1583 quam
1403 1549 1426 1573 a

88 1587 230 1622 ceteris.
268 1586 429 1621 Maxime
454 1585 639 1620 notabilia
665 1587 752 1620 sunt
771 1586 956 1629 quaedam
975 1585 1150 1620 vitiorum
1170 1596 1307 1630 genera
1320 1585 1425 1620 Vati-

87 1633 170 1669 cani
190 1633 340 1678 propria
358 1634 462 1668 velut
481 1644 536 1676 ea,
557 1633 602 1667 de
623 1632 757 1676 quibus
777 1632 855 1666 dixi
875 1633 922 1666 ad
944 1644 980 1677 p.
996 1637 1026 1668 3.
1043 1637 1097 1676 20,
1124 1636 1204 1668 453.
1220 1637 1275 1675 33,
1300 1632 1424 1667 Halm.

85 1693 122 1725 p.
144 1684 246 1715 1277.
262 1684 282 1714 2
309 1679 384 1725 (hic
415 1692 450 1724 p.
470 1683 549 1714 416.
566 1684 586 1713 2
613 1681 905 1724 postulabatuz't).
951 1679 1126 1714 Codicum
1151 1679 1183 1713 D
1208 1679 1326 1713 multo
1351 1690 1425 1713 me-

86 1727 198 1762 liores
225 1728 312 1761 sunt
334 1726 359 1760 b
380 1728 418 1761 et
440 1728 458 1761 t
482 1737 595 1769 quam
621 1737 643 1760 a
662 1728 701 1761 et
725 1738 750 1770 g
769 1726 844 1770 (hic
864 1725 989 1760 deficit
1012 1738 1048 1770 p.
1070 1730 1206 1760 542.17
1235 1727 1424 1770 operibus).

87 1774 148 1809 Illi
173 1773 228 1808 ita
252 1772 349 1807 'mter
375 1783 414 1807 se
440 1772 630 1816 differunt,
656 1774 699 1807 ut
722 1772 916 1807 libiarium
940 1771 1041 1806 illius
1068 1772 1262 1815 aliquanto
1286 1771 1425 1807 doctio-

86 1831 176 1865 rem,
201 1820 310 1854 huius
335 1819 464 1872 paulo
468 1818 742 1863 diligentiorem
762 1821 800 1854 et
817 1818 1081 1853 modestiorem
1098 1818 1214 1853 fuisse
1234 1820 1424 1862 appareat,

87 1879 162 1902 non
187 1867 277 1911 quin
301 1866 363 1900 hic
387 1868 430 1901 ut
453 1864 493 1900 in
518 1865 602 1900 aliis
629 1866 726 1901 orati
728 1865 859 1900 onibus
886 1868 932 1910 (v.
957 1865 1006 1899 ad
1026 1864 1129 1900 Caec.
1151 1867 1189 1899 et
1214 1865 1319 1909 Sull)
1344 1876 1425 1909 per-

88 1914 210 1948 multa
229 1912 406 1956 omiserit,
427 1913 476 1947 ad
495 1912 691 1947 arbitrium
711 1913 895 1956 quaedam
914 1912 1116 1946 mutaverit
1132 1911 1248 1957 (velut
1266 1923 1302 1956 Ρ.
1317 1915 1394 1946 374.
1406 1916 1424 1946 7

91 1972 174 1996 cum
198 1960 550 2006 Isid.pe1t2mesee7e
575 1970 642 1993 scr.
668 1970 734 2004 pro
756 1960 1036 2004 perhorrescere,
1063 1963 1141 1994 389.
1158 1963 1178 1993 8
1203 1960 1335 2004 quippe
1359 1969 1426 2003 pro

84 2012 287 2054 praeterea,
320 2011 399 2042 432.
415 2011 456 2041 21
490 2007 602 2050 fuisse
632 2016 698 2050 pro
725 2005 888 2049 Suessae,
914 2006 947 2040 V
971 2010 1122 2048 suessat,
1155 2016 1210 2049 ag
1239 2016 1370 2049 suesse,
1401 2005 1426 2039 b

89 2066 216 2098 suesce,
241 2058 349 2089 441.1
373 2055 589 2089 lucidisszme
608 2063 673 2107 pro
690 2054 822 2096 tulisse,
847 2056 927 2087 441.
937 2057 956 2087 3
975 2064 1027 2097 sq
1043 2064 1111 2097 per
1129 2054 1201 2088 vim
1218 2053 1425 2097 uitioseque,

89 2101 139 2137 ib.
162 2105 205 2136 10
231 2103 423 2146 ά7337Ραεεε
446 2111 512 2145 pro
533 2101 655 2145 perff'qe
674 2101 850 2144 potuzsse,
877 2103 955 2134 472.
971 2103 992 2133 4
1017 2101 1049 2134 si
1073 2110 1139 2144 pro
1165 2111 1261 2142 eum,
1289 2102 1366 2134 529.
1382 2103 1426 2134 20

90 2153 275 2194 aryeuteos
293 2159 358 2193 pro
379 2160 449 2183 α777
451 2150 532 2192 eos)
559 2146 624 2181 sed
648 2158 809 2198 primum
827 2128 920 2180 liaeo
940 2147 1027 2180 sunt
1045 2148 1123 2180 tam
1141 2156 1227 2180 rara
1246 2146 1425 2190 exempla,

90 2197 134 2230 ut
162 2206 236 2229 non
266 2195 384 2229 multo
409 2194 518 2239 plura
549 2192 800 2237 inveniantur,
834 2195 872 2228 et
896 2192 928 2227 si
953 2203 1048 2237 quae
1076 2194 1162 2227 sunt
1187 2191 1341 2236 similia,
1372 2192 1426 2226 in-

92 2241 239 2276 scitiam
264 2241 388 2293 potius
407 2240 568 2276 hominis
589 2242 750 2294 arguunt
768 2251 880 2284 quam
905 2239 1074 2274 fraudem
1093 2242 1150 2284 (ut
1169 2239 1267 2283 quod
1286 2221 1366 2274 469.
1382 2243 1424 2273 27

90 2300 165 2324 77077
190 2291 284 2325 euim
315 2287 464 2333 scripsit
490 2299 555 2333 pro
582 2289 713 2331 omine,
738 2287 771 2322 V
796 2288 952 2331 homine,
986 2298 1039 2332 ag
1063 2287 1254 2331 homiuem,
1287 2290 1426 2321 491.13

1166 2346 1215 2389 g..
