1671 2543
596 132 774 169 FRAGM.
805 137 929 170 1-10.
1362 135 1442 177 161

528 264 1009 308 FRAGMENTA.

193 332 230 377 1.’
273 307 357 377 Pro
397 336 440 377 di
476 336 747 378 inmortales!
794 337 867 391 qui
904 337 975 379 hic
1011 337 1170 378 inluxit
1207 337 1298 378 dies
1336 337 1446 379 mihi

100 393 283 449 quidem,
302 398 447 449 patres
469 395 715 450 conscripti,
734 398 1003 451 peimoptatus
1022 398 1072 437 ut
1090 396 1173 438 hoc
1191 399 1445 450 portentum

98 453 227 494 huius
247 453 344 508 loci,
364 457 607 495 monstrum
620 454 754 508 urbis,
773 455 1021 510 prodigium
1036 455 1226 496 civitatis
1240 455 1444 497 viderem!

100 511 209 563 (Gens.
228 516 266 563 1,
291 511 430 563 Quint.
444 513 520 554 IX
529 516 568 554 4.
584 517 651 568 76,
673 513 830 555 Charis.
838 528 882 566 p.
896 516 992 555 235.
1006 518 1044 568 8,
1064 513 1254 568 Diomp.
1268 517 1365 557 468.
1379 518 1444 568 10,

63 580 80 605 ⁵
103 569 250 612 Claud.
275 572 436 613 Sacerci.
465 572 511 613 T.
546 572 613 614 VI
629 586 676 626 p.
700 575 800 614 447.
821 572 877 627 6.)

188 630 226 670 2.
257 629 471 684 Equidem
502 630 613 672 nihil
639 630 791 685 malui3
822 645 899 672 vos
925 630 1111 673 fortasse
1139 634 1445 686 consumptum

98 687 233 729 istum
259 689 451 730 cruciatu
479 692 554 730 aut
580 690 822 731 demersum
848 690 1052 732 fluctibus
1076 690 1222 732 audire
1242 691 1444 732 malletis.

54 796 57 800 ᾗ
100 745 212 802 (Cas.
237 747 297 800 2.)

188 806 226 848 3.
257 805 536 848 Perturbatio
568 807 704 848 istum
734 808 893 848 mentis
926 810 970 849 et
999 808 1209 862 quaedam
1234 809 1445 850 scelerum

47 869 81 894 1⁰
101 864 238 906 offusa
269 865 409 921 caligo
442 869 486 907 et
515 866 713 907 ardentes
738 865 969 908 Furiarum
994 866 1109 908 faces
1136 867 1444 909 excitaverunt.

100 922 211 979 (Cus.
238 927 276 977 3,
313 923 451 975 Quint.
477 925 554 966 IX
569 929 606 966 3.
626 923 716 979 47.)

188 983 226 1023 4.
261 981 398 1031 Quem
430 983 544 1025 enim
574 983 658 1025 iste
690 984 736 1024 in
768 984 995 1038 scopulum
1020 998 1108 1025 non
1132 984 1298 1038 incidit,
1331 984 1446 1038 quod

98 1039 145 1082 in
176 1041 312 1082 telum
341 1056 430 1083 non
460 1042 617 1083 irruit?
668 1040 783 1098 (Cas.
808 1045 865 1094 4.)

189 1099 227 1141 5.
261 1099 373 1149 Quid
400 1103 468 1142 est
491 1115 650 1156 negare
676 1115 805 1142 ausus
833 1104 908 1142 aut
933 1101 1080 1156 potius
1108 1101 1211 1155 quid
1236 1116 1324 1142 non
1350 1115 1447 1143 con-

50 1168 82 1193 15
102 1157 271 1199 fessus?
323 1157 439 1212 (Cels.
459 1158 516 1213 5.)

189 1217 227 1258 6.
262 1216 373 1265 Quid
412 1218 525 1258 enim
562 1218 638 1259 illo
677 1218 880 1272 inertius,
926 1218 1028 1272 quid
1066 1218 1300 1273 sordidius,
1344 1218 1447 1272 quid

98 1275 293 1376 nCe'quius,
317 1276 418 1330 quid
438 1277 694 1332 enervatius,
716 1277 818 1331 quid
839 1277 1030 1332 stultius,
1052 1277 1156 1332 quid
1170 1277 1445 1319 abstrusius?

153 1347 202 1376 us
245 1338 271 1375 6

101 1333 117 1390 (
189 1394 226 1434 7.
251 1332 520 1447 Tiwbulenti,
541 1394 748 1449 seditiosi,
768 1394 954 1448 factiosi,
973 1394 1218 1448 perniciosi.
1252 1392 1366 1449 (Cas.
1387 1392 1445 1449 7.)

49 1463 84 1488 20
190 1452 228 1494 8.
261 1451 386 1500 Quod
410 1453 638 1494 minimum
664 1454 883 1508 specimen
906 1453 954 1494 in
978 1456 1021 1494 te
1047 1453 1242 1508 ingenii?
1275 1452 1446 1508 Ingenii

102 1510 276 1551 autem?
313 1511 446 1552 immo
487 1512 664 1566 ingenui
694 1512 884 1553 hominis
918 1526 967 1553 ac
997 1511 1155 1553 11100119
1196 1512 1270 1565 qui
1303 1512 1446 1553 colore

101 1568 196 1621 ipso
212 1569 399 1622 patriam
413 1571 669 1625 aspernaris,
690 1571 886 1612 oratione
901 1585 1048 1626 genus,
1068 1570 1261 1612 moribus
1276 1585 1447 1612 nomen.

104 1625 497 1684 (Ascon.p.2.10.)

542 1711 678 1741 (HRCA
709 1711 837 1742 VERs
870 1711 1008 1741 LXXX.

50 1779 84 1805 25
192 1767 230 1807 9.
261 1766 358 1808 Hoc
382 1782 470 1809 non
495 1769 547 1810 ad
574 1770 930 1811 contemnendam
949 1769 1219 1810 Placentiam
1243 1770 1447 1824 pertinet,

104 1825 214 1866 unde
247 1840 291 1866 se
322 1826 360 1867 is
393 1829 538 1867 ortum
567 1827 746 1882 gloriari
779 1829 908 1883 solet3
939 1842 1078 1881 neque
1104 1828 1219 1868 enim
1244 1828 1326 1869 hoc
1352 1842 1448 1869 mea

103 1887 260 1925 natura
296 1883 382 1925 fert
418 1899 496 1927 nec
531 1886 772 1941 municipii,
810 1886 1068 1940 praesertim
1100 1885 1150 1926 de
1182 1901 1249 1927 me
1284 1886 1447 1941 optime

104 1943 267 1997 meriti,
300 1943 489 1998 dignitas
520 1945 699 1999 patitur.
750 1943 917 2000 (Ascon.
939 1959 981 1997 p.
1005 1947 1046 1987 2.
1072 1944 1157 1999 19.)

619 2061 773 2091 PAULO
806 2061 932 2091 POST.

52 2130 87 2156 30
197 2119 263 2160 10.
295 2118 379 2160 Hic
424 2134 521 2161 cum
566 2134 591 2160 a
634 2119 761 2161 domo
798 2120 1006 2173 profectus
1043 2118 1291 2161 Placentiae
1332 2120 1445 2162 forte

107 2177 301 2218 consedit
339 2180 382 2219 et
418 2178 566 2232 paucis
591 2182 688 2231 post
717 2179 840 2220 annis
870 2178 917 2219 in
948 2193 1042 2219 eam
1074 2179 1297 2220 civitatem
1329 2177 1448 2234 (nam

106 2238 201 2276 tum
233 2239 326 2277 erat
365 2236 526 2291 civitas)
567 2236 771 2278 ascendit.
833 2236 959 2278 Prius
996 2236 1110 2278 enim
1143 2236 1312 2292 Gallus,
1350 2237 1449 2279 dein

109 2292 355 2336 Gallicanus
376 2295 471 2349 fuit,
495 2296 552 2336 ad
569 2298 807 2336 extremum
826 2295 1104 2337 Placentinus
1123 2295 1274 2337 haberi
1292 2300 1450 2349 coeptus

107 2354 185 2393 est.
242 2351 407 2407 (Ascon.
426 2368 469 2407 p.
494 2358 532 2396 3.
557 2352 641 2409 18.)

178 2420 249 2448 c1c.
268 2421 309 2447 11.
329 2423 354 2447 3.
1194 2427 1235 2457 11
