1671 2543
554 68 654 105 CAP.
682 75 821 106 14—-16
848 74 868 114 §e
893 75 1044 106 33—39.
1380 72 1464 112 217

203 178 285 221 Sed
331 178 561 233 aliquando
599 178 821 220 veniamus
860 179 912 220 ad
952 194 1138 221 causam.
1206 178 1259 220 In
1296 194 1380 233 qua
1418 164 1537 221 tulf)

116 238 290 280 nomine
326 238 436 294 legis
468 236 676 291 Liciniae,
716 252 823 292 quae
862 240 929 279 est
967 238 1017 280 de
1050 238 1285 292 sodaliciis,
1325 239 1465 280 omnis
1481 223 1525 253 36

119 297 308 338 ambitus
351 297 469 352 leges
511 296 757 351 complexus
797 311 860 351 es,
907 311 1045 351 neque
1084 297 1198 338 enim
1237 297 1466 352 quicquam

119 356 235 397 aliud
277 356 324 397 in
365 356 446 396 hac
488 355 584 410 lege
627 355 712 396 nisi
756 355 953 397 editicios
996 356 1157 398 iudices
1197 370 1242 397 es
1281 359 1465 398 secutus.

81 427 98 451 5
120 415 243 464 Quod
277 428 412 470 genus
444 413 701 455 iudiciorum
732 413 770 454 si
802 417 867 455 est
900 429 1083 469 aequum
1114 415 1203 456 ulla
1234 415 1280 456 in
1310 430 1355 456 re
1381 415 1467 457 nisi

117 474 163 514 in
192 473 273 514 hac
305 472 528 527 tribuaria,
557 487 645 514 non
676 473 896 527 intellego,
929 488 1059 527 quam
1091 474 1144 515 ob
1172 488 1263 514 rem
1289 477 1464 515 senatus

116 532 199 574 hoc
236 546 320 573 uno
357 531 402 572 in
440 545 594 587 genere
626 531 766 573 tribus
800 532 867 573 edi
898 532 1083 573 voluerit
1122 533 1175 573 ab
1215 536 1464 575 accusatore

115 605 254 645 neque
282 591 459 632 eandem
486 590 718 631 editionem
744 591 1019 632 transtulerit
1044 592 1090 632 in
1116 594 1280 633 ceteras
1302 606 1465 645 causas,

118 650 167 691 de
206 650 300 704 ipso
340 649 521 703 denique
555 649 722 690 ambitu
753 650 1031 691 reiectionem
1062 650 1156 691 fieri
1188 650 1374 692 voluerit
1404 651 1465 692 iu-

65 721 98 745 10
118 709 262 750 dicum
301 708 584 762 alternorum,
623 722 803 762 cumque
840 708 1009 749 nullum
1044 723 1178 764 genus
1212 709 1463 751 acerbitatis

115 767 502 822 praetermitteret,
539 767 621 808 hoc
658 770 804 808 tamen
834 782 968 808 unum
999 768 1359 822 praetereundum
1390 783 1464 823 pu-

116 826 234 867 tarit.
304 825 444 875 Quid?
480 825 658 867 huiusce
696 826 759 867 rei
796 827 970 867 tandem
1008 826 1192 868 obscura
1230 841 1360 868 causa
1396 830 1464 868 est
1478 830 1522 861 37

118 899 173 926 an
211 887 254 926 et
286 884 453 940 agitata
483 887 595 938 tum,
633 899 730 926 cum
762 885 847 926 ista
877 885 924 926 in
957 888 1108 926 senatu
1140 900 1208 926 res
1241 886 1464 940 agebatur,

118 946 162 985 et
188 943 409 998 disputata
433 943 636 984 hesterno
669 943 736 984 die
763 942 1060 998 copiesissi‘me
1088 959 1112 985 a
1140 943 1189 993 Q.
1214 943 1464 998 Hortensio,

67 1019 99 1044 15
120 1003 188 1044 cui
220 1005 314 1043 tum
347 1005 413 1044 est
445 1004 620 1043 senatus
653 1002 889 1043 adsensus?
945 1001 1041 1044 Hoc
1069 1002 1207 1057 igitur
1233 1003 1463 1044 sensimus:

119 1061 439 1115 ‘cuiuscumque
458 1061 599 1102 tribus
613 1061 797 1116 largitor
811 1063 936 1115 esset,
951 1064 994 1102 et
1007 1076 1084 1115 per
1096 1062 1207 1103 hanc
1223 1062 1464 1103 consensio-

116 1134 233 1174 nem,
277 1134 384 1173 quae
429 1119 569 1174 magis
612 1119 792 1161 honeste
837 1134 967 1174 quam
1009 1134 1107 1161 vere
1146 1120 1354 1162 sodalitas
1390 1135 1463 1162 no-

118 1178 368 1232 minaretur,
401 1192 530 1232 quam
563 1178 743 1232 quisque
776 1178 941 1219 tribum
973 1179 1091 1233 turpi
1115 1179 1349 1234 largitione
1376 1194 1464 1221 cor-

117 1239 348 1291 rumperet,
381 1251 479 1278 eum
511 1236 696 1278 maxime
722 1237 775 1278 iis
807 1237 1069 1291 hominibus,
1103 1238 1177 1291 qui
1205 1238 1296 1279 eius
1322 1238 1463 1279 tribus

65 1312 98 1338 20
119 1298 282 1350 essent,
323 1310 415 1337 esse
452 1295 634 1337 uotum?
701 1295 771 1336 Ita
808 1296 979 1350 putavit
1017 1299 1211 1351 senatus,
1252 1311 1348 1338 cum
1390 1312 1462 1338 reo

118 1355 258 1396 tribus
309 1355 536 1396 ederentur
585 1369 677 1408 eae,
728 1369 833 1409 quas
882 1355 919 1396 is
963 1355 1197 1410 largitione
1242 1356 1463 1397 devinctas

116 1413 308 1467 haberet,
341 1413 514 1455 eosdem
544 1412 636 1454 fore
669 1413 795 1454 testis
826 1416 869 1454 et
900 1413 1073 1455 iudices.
1131 1412 1350 1455 Acerbum
1377 1429 1463 1456 om-

116 1472 220 1513 nino
252 1485 386 1527 genus
418 1471 578 1525 iudicii,
611 1472 685 1513 sed
716 1474 873 1525 tamen,
904 1472 941 1513 si
970 1472 1037 1513 vel
1065 1487 1142 1514 sua
1166 1473 1233 1514 vel
1261 1487 1322 1527 ea,
1355 1488 1463 1528 quae

119 1530 303 1571 maxime
341 1533 455 1571 esset
493 1530 645 1584 cuique
684 1531 929 1584 coniuncta,
967 1531 1107 1572 tribus
1140 1531 1354 1586 ederetur,
1392 1533 1463 1573 vix

65 1604 98 1629 25
118 1588 412 1630 recusandum.
472 1589 537 1630 Tu
569 1591 732 1643 autem,
770 1588 1034 1643 Laterensis,
1067 1604 1172 1644 quas
1205 1590 1346 1631 tribus
1380 1570 1533 1640 edi-⁴16

119 1647 250 1688 disti?
317 1646 580 1701 Teretinam,
617 1647 753 1688 credo.
821 1647 925 1688 Fuit
964 1650 1077 1689 certe
1114 1648 1159 1689 id
1197 1663 1380 1702 aequum
1420 1650 1483 1690 et'

120 1708 233 1747 certe
273 1707 546 1759 expectatum
583 1708 649 1746 est
686 1708 730 1747 et
765 1705 849 1747 fuit
888 1705 1066 1760 dignum
1099 1707 1344 1748 constantia
1375 1710 1461 1748 tua.

120 1763 252 1806 Cuius
302 1766 351 1804 tu
395 1763 534 1804 tribus
580 1764 847 1805 venditorem
891 1767 934 1804 et
978 1767 1275 1818 corruptorem
1319 1768 1363 1806 et
1401 1780 1462 1806 se-

120 1825 339 1877 questrem
370 1821 595 1863 Plancium
625 1821 758 1863 fuisse
792 1822 1007 1874 clamitas,
1046 1837 1140 1863 eam
1172 1823 1336 1864 tribum
1366 1838 1463 1877 pro-

67 1897 101 1921 30
120 1881 253 1934 fecto,
303 1880 675 1922 severissimorum
722 1881 978 1934 praesertim
1017 1880 1242 1922 hominum
1287 1884 1330 1922 et
1368 1896 1462 1937 gra-

120 1939 408 1993 vissimorum,
434 1939 556 1980 edere
583 1938 781 1980 debuisti.
830 1938 891 1980 At
916 1938 1176 1994 Voltiniam3
1200 1939 1323 1981 lubet
1349 1940 1463 1981 enim

120 1998 202 2039 tibi
232 1998 378 2039 nescio
413 1997 514 2051 quid
547 1997 678 2038 etiam
709 1997 759 2038 de
790 1997 866 2038 illa
897 1997 1015 2038 tribu
1048 1998 1277 2039 criminari.
1338 1997 1463 2041 Hanc

118 2057 255 2112 igitur
302 2056 444 2110 ipsam
494 2070 568 2098 cur
616 2070 703 2097 non
747 2055 948 2097 edidisti?
998 2056 1100 2110 quid
1143 2056 1320 2098 Plancio
1366 2072 1463 2099 cum

118 2114 344 2169 Lemonia,
380 2114 482 2168 quid
514 2129 611 2156 cum
642 2113 861 2168 Ufentina,
894 2114 996 2168 quid
1028 2129 1125 2156 cum
1157 2113 1462 2157 Clustumina?

65 2190 100 2215 35
118 2173 234 2215 Nam
264 2173 494 2227 Maeciam,
531 2188 618 2214 non
650 2187 757 2226 quae
788 2172 1008 2226 iudicaret,
1041 2174 1116 2214 sed
1148 2187 1256 2228 quae
1287 2174 1462 2216 reicere-

119 2235 203 2286 tur,
235 2246 327 2274 esse
358 2231 546 2274 voluisti.
609 2230 833 2272 Dubitatis
865 2231 1012 2286 igitur,
1044 2231 1218 2286 iudices,
1250 2232 1353 2286 quin
1383 2247 1460 2274 vos
1475 2246 1520 2276 39

117 2289 176 2331 Μ.
202 2288 450 2332 Laterensis
483 2304 559 2331 suo
586 2289 743 2331 iudicio
768 2304 855 2331 non
882 2290 933 2331 ad
954 2291 1214 2332 sententiam
1233 2291 1355 2346 legis,
1387 2292 1461 2333 sed
