1671 2543
167 752 171 759 .
167 730 202 760 ¹1

177 1412 204 1454 5

164 1473 203 1503 12

221 85 308 126 462
393 86 444 120 ΙΝ
470 84 517 120 Μ.
544 84 801 120 ΑΝΤΟΝῙὈΜ
827 84 1003 119 ORATIO
1029 84 1298 120 PHILIPPICA
1325 84 1386 120 VI.

227 193 352 235 verba
387 193 642 235 audientur?
703 191 794 235 Nec
827 193 940 234 enim
973 193 1134 235 secerni
1167 208 1191 234 a
1221 192 1355 234 fratre
1386 193 1560 248 poterit,

222 256 345 294 tanta
393 252 648 307 praesertim
692 252 962 293 auctoritate.
1036 251 1150 293 Nam
1192 251 1262 294 hic
1304 252 1418 293 inter
1460 252 1560 294 illos

220 311 450 353 Africanus
502 314 585 365 est3
635 310 770 364 pluris
816 311 1000 352 habetur
1045 325 1173 365 quam
1216 309 1265 352 L.
1307 310 1560 366 Trebellius,

221 370 357 421 pluris
390 384 519 424 quam
543 369 589 410 T.
615 369 800 411 Plancus
826 368 914 394 ***
940 370 1187 412 adulescens
1215 369 1388 411 nobilis.
1436 369 1560 411 Plan-

221 444 335 483 cum,
380 429 452 483 qui
496 428 695 470 omnibus
737 429 962 470 sententiis
1000 429 1186 470 maximo
1224 431 1368 470 vestro
1406 428 1560 483 plausu
1595 443 1614 469 ⁵

221 489 528 530 condemnatus
562 487 708 529 nescio
743 502 826 542 quo
859 488 985 529 modo
1018 502 1062 529 se
1095 487 1279 529 coniecit
1309 487 1355 529 in
1386 487 1559 529 turbam

220 550 349 601 atque
388 547 451 587 ita
488 549 678 588 maestus
716 546 860 600 rediit,
897 549 946 588 ut
977 549 1208 605 retractus,
1245 560 1332 588 non
1362 560 1559 588 reversus

219 606 447 659 videretur,
479 605 540 647 sic
572 606 822 659 contemnit,
853 607 1076 671 tamquam
1105 605 1142 646 si
1167 580 1232 646 illi
1259 619 1371 659 aqua
1396 607 1440 647 et
1465 605 1556 661 igni

218 639 497 706 interdictlim
523 664 599 719 s'it3
624 639 853 718 aliquando
875 668 1006 730 negat
1026 664 1065 706 ei
1083 665 1228 706 locum
1247 678 1339 705 esse
1360 667 1558 718 oportere
1626 667 1628 670 ’

219 724 264 764 111
310 722 445 777 curia,
495 723 568 777 qui
612 723 849 765 incenderit
892 723 1064 764 curiam.
1138 722 1253 764 Nam
1295 722 1558 764 Trebellium
1579 738 1612 763 ιο

218 782 341 824 valde
372 782 460 823 iam
491 782 653 837 diligit3
687 782 837 823 oderat
868 784 978 832 tum,
1010 796 1107 824 cum
1137 781 1210 823 ille
1243 781 1404 823 tabulis
1435 781 1558 823 novis

219 841 545 895 adversabatur3
582 841 668 882 iam
705 840 790 883 fert
826 841 871 882 in
909 841 1060 894 oculis,
1097 844 1381 895 posteaquam
1417 840 1559 895 ipsum

218 899 482 941 Trebellium
519 899 627 941 vidit
665 900 755 941 sine
794 899 954 941 tabulis
991 900 1114 941 novis
1151 900 1316 941 salvum
1349 913 1441 941 esse
1472 913 1558 942 non

218 973 357 1013 posse.
430 958 615 1000 Audisse
660 959 773 1001 enim
817 973 894 1000 vos
939 959 1145 1013 arbitror,
1192 957 1400 1012 Quirites,
1445 957 1559 1012 quod

219 1018 352 1059 etiam
382 1017 525 1059 videre
557 1018 774 1072 potuistis,
807 1017 962 1060 cotidie
996 1031 1224 1072 sponsores
1256 1019 1300 1058 et
1325 1017 1558 1059 creditores
1579 1029 1612 1057 15

218 1076 264 1118 L.
308 1076 495 1117 Trebelli
544 1077 780 1118 convenire.
849 1075 883 1118 O
928 1076 1050 1118 Fide!
1101 1074 1201 1132 (hoc
1249 1075 1363 1117 enim
1406 1075 1560 1130 opinor

218 1135 481 1177 Trebellium
531 1135 765 1190 sumpsisse
817 1133 1073 1191 cognomen)
1125 1149 1233 1189 quae
1276 1137 1423 1189 potest
1465 1148 1558 1176 esse

219 1195 357 1236 maior
382 1194 487 1235 fides
515 1209 643 1249 quam
668 1194 865 1235 fraudare
892 1194 1138 1248 creditores,
1163 1194 1290 1235 domo
1316 1192 1558 1249 profugere,

218 1256 396 1307 propter
435 1267 506 1294 aes
545 1253 731 1294 alienum
769 1254 830 1294 ire
865 1253 917 1294 ad
950 1253 1097 1294 arma?
1159 1251 1246 1295 Ubi
1277 1253 1454 1306 plausus
1485 1251 1557 1293 ille

218 1312 263 1352 in
309 1311 529 1365 triumpho
574 1315 657 1366 est,
708 1326 832 1366 saepe
876 1312 1006 1365 ludis,
1055 1311 1130 1353 ubi
1174 1311 1370 1352 aedilitas
1414 1310 1558 1352 delata
1578 1325 1611 1349 2⁰

219 1384 386 1411 summo
432 1370 573 1411 studio
618 1370 860 1417 bonorum?
929 1345 1034 1419 Quis
1079 1372 1162 1419 est,
1207 1369 1279 1423 qui
1320 1369 1433 1410 hunc
1469 1383 1557 1411 non

219 1443 320 1470 casu
358 1428 577 1470 existimet
613 1432 727 1470 recte
765 1428 935 1482 fecisse,
971 1428 1166 1482 nequitia
1203 1427 1411 1469 sceleste?
1474 1426 1557 1470 Sed

219 1487 344 1528 redeo
389 1487 441 1528 ad
485 1501 653 1528 amores
696 1487 953 1541 deliciasque
994 1490 1177 1540 vestras,
1221 1485 1267 1527 L.
1305 1486 1557 1539 Antonium,

220 1546 293 1600 qui
342 1560 417 1587 vos
469 1546 606 1587 omnis
656 1546 702 1587 in
749 1546 877 1587 fidem
927 1561 1048 1587 suam
1097 1546 1269 1600 recepit.
1343 1543 1557 1601 Negatis?

218 1604 536 1659 Numquisnam
578 1607 643 1646 est
680 1607 889 1658 vestrum,
935 1605 1006 1659 qui
1045 1605 1207 1646 tribum
1244 1618 1331 1645 non
1367 1603 1610 1645 habeafflss

219 1663 345 1706 Certe
382 1678 520 1705 nemo
582 1662 718 1717 Atqui
752 1663 875 1704 illum
908 1664 1094 1718 quinque
1127 1666 1171 1704 et
1202 1663 1385 1719 triginta
1415 1663 1555 1704 tribus

218 1725 450 1777 patronum
488 1722 760 1776 adoptarunt
822 1722 986 1763 Rursus
1025 1721 1300 1764 reclamatis?
1361 1720 1556 1786 Aspicite

217 1781 337 1822 illam
369 1796 394 1822 a
426 1781 602 1823 sinistra
631 1784 873 1835 equestrem
900 1784 1089 1822 statuam
1115 1781 1369 1834 inauratam,
1401 1780 1446 1821 in
1471 1794 1556 1834 qua

218 1840 319 1894 quid
350 1840 607 1894 inscriptum
640 1840 734 1881 est?
785 1839 1011 1890 QUINQUE
1044 1851 1101 1880 ET
1134 1850 1358 1881 TRIGINTA
1391 1849 1554 1881 TRIBUS

216 1898 460 1940 PATRON0.'
534 1898 689 1953 Populi
734 1898 917 1940 Romani
967 1899 1102 1954 igitur
1145 1901 1211 1940 est
1255 1900 1463 1952 patronus
1507 1895 1608 1938 Lao

215 1957 443 1999 Antonius.
506 1957 667 1998 Malam
705 1957 876 2011 quidem
914 1957 978 1998 illi
1010 1957 1192 2011 pestem!
1232 1955 1409 1999 clamori
1440 1955 1554 1998 enim

216 2019 359 2058 vestro
392 2016 621 2058 adsentior.
671 2014 772 2058 Non
797 2016 923 2058 modo
950 2015 1020 2057 hic
1046 2016 1169 2069 latro,
1203 2029 1329 2070 quem
1355 2013 1553 2056 clientem

215 2075 373 2116 habere
411 2089 535 2116 nemo
573 2074 694 2128 velit,
733 2075 806 2116 sed
845 2074 940 2129 quis
977 2089 1182 2128 umquam
1220 2073 1354 2115 tantis
1387 2072 1552 2127 opibus,

216 2134 350 2175 tantis
380 2134 507 2175 rebus
534 2133 668 2189 gestis
694 2132 789 2187 fuit,
822 2133 894 2187 qui
921 2147 964 2175 se
990 2133 1137 2188 populi
1164 2131 1350 2174 Romani
1374 2130 1550 2172 victoris

216 2192 462 2246 dominique
492 2192 683 2234 omnium
709 2167 902 2248 gentium
926 2195 1156 2246 patronum
1182 2191 1320 2233 dicere
1345 2188 1550 2230 auderet?
1568 2200 1602 2227 ³⁶

162 2258 201 2288 13
219 2250 270 2291 In
318 2250 413 2292 f01o
463 2250 508 2292 L.
558 2250 720 2292 Antoni
772 2253 960 2292 statuam
1009 2251 1218 2304 videmus,
1270 2249 1381 2290 sicut
1430 2246 1549 2288 illam

217 2307 262 2354 Q
301 2309 506 2363 Tremuli,
547 2310 619 2363 qui
654 2309 863 2351 Hernicos
903 2309 1077 2359 devicit,
1114 2311 1211 2350 ante
1244 2305 1448 2350 Castoris.
1511 2304 1546 2346 Ο
