1671 2543
217 135 305 176 422
396 134 447 169 IN
472 135 520 171 M.
547 133 809 169 ANTONIUM
836 133 1013 170 ORATIO
1040 133 1314 170 PHILIPPICA
1338 133 1401 169 1111.

219 244 315 299 illo,
353 243 426 298 qui
465 243 575 284 male
609 243 730 297 dicit,
769 242 1007 297 impurior?
1070 242 1400 298 Ignobilitatem
1433 242 1569 285 obicit

220 302 265 345 C.
304 301 500 345 Caesaris
543 302 652 356 filio,
697 301 817 343 cuius
856 302 988 343 etiam
1024 305 1181 343 natura
1218 305 1360 356 pater,
1404 302 1441 344 si
1478 302 1570 343 vita

220 362 556 417 suppeditasset,
606 360 755 402 consul
805 360 945 402 factus
996 363 1121 402 esset.
1197 361 1374 403 Aricina
1418 363 1567 403 mater.

219 420 484 462 Trallianam
517 422 592 461 aut
620 419 856 474 Ephesiam
882 422 1008 474 putes
1036 420 1186 461 dicere.
1242 419 1410 475 Videte,
1438 435 1567 474 quam

219 479 505 534 despiciamur
549 493 716 533 omnes,
761 478 834 533 qui
873 493 1019 520 sumus
1058 494 1079 520 e
1118 478 1380 534 municipiis,
1421 479 1464 520 id
1502 482 1569 521 est
1606 492 1623 518 5

221 553 367 579 omncs
400 538 544 593 plane,
576 540 734 592 quotus
768 537 880 579 enim
914 538 1094 592 quisque
1126 541 1325 580 nostrum
1355 552 1442 580 non
1472 538 1568 580 est?

221 597 344 646 Quod
383 600 527 638 autem
565 597 848 651 municipium
885 611 973 638 non
1011 597 1249 638 contemnit
1280 597 1335 651 is,
1368 597 1441 652 qui
1473 596 1568 639 Ari-

219 657 363 698 cinum
403 658 525 697 tanto
565 670 692 710 opere
730 655 914 710 despicit
952 658 1170 698 vetustate
1203 655 1568 711 antiquissimum,

218 716 309 757 iure
336 715 616 768 foederatum,
648 715 973 769 propinquitate
999 730 1133 769 paene
1159 715 1405 769 finitimum,
1431 715 1568 770 splen-

164 789 204 819 16
220 775 320 816 dore
348 774 613 828 municipum
633 773 1018 815 honestissimum?
1068 773 1181 815 Hinc
1209 773 1441 829 Voconiae,
1466 773 1567 816 hinc
1588 787 1620 812 10

219 833 394 875 Atiniae
432 833 567 889 leges,
605 833 705 874 hinc
744 833 906 874 multae
945 833 1074 874 sellae
1113 833 1282 875 curules
1321 836 1364 874 et
1394 835 1568 888 patrum

218 892 428 934 memoria
472 895 515 934 et
552 895 721 946 nostra,
763 891 864 933 hinc
903 892 1069 946 equites
1108 891 1293 933 Romani
1332 891 1567 933 lautissimi

218 955 262 993 et
293 951 479 1006 plurimi.
538 950 632 1003 Sed,
665 947 706 992 si'
728 950 950 992 Aricinam
981 966 1159 992 uxorem
1185 965 1272 992 non
1296 951 1466 1005 probas,
1493 965 1569 993 cur

218 1011 377 1065 probas
409 1010 727 1052 Tusculanam?
791 1009 1062 1065 Quamquam
1100 1010 1227 1051 huius
1267 1010 1567 1052 sanctissimae

218 1070 403 1111 feminae
448 1072 576 1123 atque
622 1068 809 1123 optimae
853 1071 995 1123 pater,
1036 1068 1092 1110 M.
1130 1069 1259 1110 Atius
1298 1068 1479 1123 Balbus,
1522 1069 1568 1110 in
1589 1081 1621 1106 15

219 1129 370 1183 primis
404 1128 625 1182 honestus,
657 1127 900 1182 praetorius
927 1128 1029 1183 fuit3
1062 1131 1160 1169 tuae
1188 1127 1396 1184 coniugis,
1429 1128 1567 1169 bonae

219 1188 420 1240 feminae,
464 1186 693 1240 locupletis
740 1187 911 1241 quidem
956 1190 1087 1241 certe,
1125 1186 1352 1228 Bambalio
1392 1187 1569 1241 quidam

217 1249 359 1301 pater,
400 1246 530 1287 homo
574 1245 693 1287 nullo
730 1260 921 1287 numero.
989 1245 1111 1287 Nihil
1149 1246 1224 1287 illo
1264 1246 1567 1300 contemptius,

221 1306 291 1359 qui
331 1307 508 1358 propter
539 1304 846 1345 haesitantiam
879 1304 1052 1359 linguae
1086 1307 1392 1358 stuporemque
1426 1303 1566 1345 cordis

220 1377 460 1418 cognomen
505 1377 555 1403 cx
594 1362 857 1404 contumelia
894 1363 1085 1403 traxerit.
1154 1364 1214 1403 At
1253 1376 1356 1403 avus
1394 1362 1566 1403 nobilis.
1588 1375 1623 1400 20

219 1421 458 1463 Tuditanus
502 1436 654 1475 nempe
699 1421 789 1475 ille,
840 1421 913 1475 qui
957 1435 1053 1462 011111
1097 1421 1213 1475 palla
1257 1423 1299 1462 et
1344 1420 1566 1462 cothurnis

219 1494 419 1522 nummos
455 1480 615 1534 populo
649 1480 699 1520 de
732 1480 885 1521 rostris
919 1493 1121 1545 spargere
1154 1479 1334 1521 solebat.
1398 1479 1568 1521 Vellem

218 1539 328 1580 hanc
374 1538 740 1593 contemptionem
783 1538 987 1593 pecuniae
1027 1538 1115 1579 suis
1155 1539 1419 1593 leliquisset!
1482 1538 1553 1580 Ha

164 1606 203 1636 17
221 1597 333 1639 betis
359 1597 634 1639 nobilitatem
655 1598 824 1652 generis
846 1597 1092 1653 gloriosam.
1145 1597 1227 1646 Qui
1248 1600 1393 1639 autem
1410 1597 1566 1652 evenit,

221 1660 268 1699 ut
295 1656 375 1697 tibi
401 1657 431 1711 †
457 1656 569 1697 Iulia
593 1660 722 1698 natus
748 1655 954 1712 ignobilis
981 1656 1189 1710 videatur,
1216 1671 1312 1698 cum
1341 1660 1390 1697 tu
1416 1656 1565 1698 eodem
1585 1669 1619 1694 25

221 1718 416 1757 materno
451 1729 606 1771 genere
640 1715 779 1756 soleas
812 1715 1019 1770 gloriari?
1077 1715 1194 1764 Quae
1221 1729 1350 1770 porro
1378 1714 1568 1756 amentia

220 1777 287 1816 est
324 1789 421 1816 eum
455 1775 593 1816 dicere
626 1774 789 1828 aliquid
822 1774 872 1815 de
904 1789 1086 1815 uxorum
1117 1773 1412 1829 ignobilitate,
1444 1774 1565 1815 cuius

219 1836 343 1888 pater
374 1832 667 1875 Numitoriam
700 1833 1014 1888 Fregellanam,
1050 1832 1284 1887 proditoris
1317 1832 1463 1886 filiam,
1494 1832 1567 1873 ha—

220 1892 364 1934 buerit
390 1907 580 1946 uxorem,
605 1893 696 1946 ipse
723 1907 773 1933 ex
800 1891 989 1933 libertini
1011 1891 1099 1932 filia
1120 1891 1356 1946 susceperit
1376 1890 1567 1932 liberos?

222 1950 304 1992 Sed
347 1951 429 1992 hoc
475 1951 701 1992 clarissimi
747 1950 828 1991 viri
872 1950 1074 2003 viderint,
1117 1949 1164 1991 L.
1206 1950 1452 2004 Philippus,
1493 1948 1565 2004 qui
1585 1967 1618 1992 30

219 2010 353 2051 habet
390 2009 611 2051 Aricinam
649 2024 845 2063 uxorem,
883 2008 927 2050 C.
966 2008 1214 2062 Marcellus,
1253 2008 1326 2063 qui
1365 2007 1564 2050 Aricinae

221 2068 374 2123 liliam,
420 2082 526 2122 quos
572 2070 688 2109 certo
735 2067 822 2109 scio
869 2067 1096 2123 dignitatis
1141 2067 1404 2122 optimarum
1446 2065 1566 2107 femi·

181 2134 203 2172 ’ἶ
222 2141 373 2168 narum
394 2141 478 2168 non
499 2127 728 2181 paenitere.
768 2126 888 2167 Idem
908 2126 1039 2167 etiam
1059 2124 1106 2174 Q.
1128 2125 1389 2178 Ciceronem,
1415 2123 1564 2166 fratris

221 2186 305 2226 mei
343 2185 498 2239 filium,
537 2185 770 2240 compellat
808 2185 948 2226 edicto
986 2199 1065 2226 nec
1103 2185 1237 2226 sentit
1275 2196 1419 2225 amens
1454 2196 1565 2224 com-

221 2243 539 2285 mendationem
578 2258 670 2286 esse
708 2243 1069 2298 conpellationem
1107 2257 1240 2284 suam.
1309 2240 1419 2290 Quid
1451 2241 1565 2283 enim
1584 2257 1618 2284 35

222 2301 411 2342 accidere
430 2302 530 2344 huic
551 2302 817 2344 adulescenti
836 2301 980 2355 potuit
1000 2300 1193 2355 optatius
1214 2314 1343 2353 quam
1361 2299 1564 2354 cognosci

223 2359 275 2400 ab
303 2360 502 2401 omnibus
533 2359 729 2402 Caesaris
763 2360 1041 2401 consiliorum
1073 2372 1164 2400 esse
1191 2357 1367 2406 socium,
1400 2358 1565 2400 Antoni
