1671 2543
257 85 381 121 XVIII
677 82 959 119 ADNOTATIO
986 81 1184 118 CRITICA.

258 190 340 225 Nec
365 190 497 225 melius
522 190 637 226 verba
659 202 694 234 p.
716 193 771 225 31.
787 194 829 224 32
856 190 961 224 Abiit
990 189 1050 224 ille
1082 200 1201 224 armus
1227 209 1267 214 -
1297 193 1386 223 32.1
1414 191 1596 233 perdidis-

257 249 376 273 semus
410 240 498 283 post
532 238 679 273 sustulit
712 249 748 281 p.
775 235 1005 271 32106011.
1043 235 1241 280 Spengelio
1279 237 1376 270 ancia.
1410 236 1520 280 Kays.
1559 240 1599 271 et

258 285 382 319 Halm.
404 284 504 328 olim,
530 285 594 329 qui
615 295 712 318 nuno
731 283 789 318 W.
810 283 995 317 Bauerum
1014 284 1053 317 et
1070 282 1109 317 E.
1127 282 1370 317 Orbmannum
1388 283 1530 318 laudat.
1552 305 1596 309 —

259 332 298 366 P.
320 337 376 366 31.
392 337 435 366 36
458 343 535 375 sqq.
563 332 820 376 precabantur,
844 341 955 374 neque
981 351 1022 354 —
1044 330 1346 374 perdidissemus!
1380 329 1598 365 Eberhardo

261 380 359 413 auct.
384 378 506 412 Halm.
532 378 565 412 H
596 378 697 417 fals,
729 379 771 411 ut
797 376 937 420 opinor.
979 375 1108 420 Neque
1133 388 1167 411 v.
1192 388 1258 412 snos
1289 376 1342 410 sio
1373 377 1598 412 collocatum

259 437 439 470 magnum
469 425 613 470 pondus
637 424 754 458 habet
778 423 962 467 (haberet,
996 423 1028 457 si
1053 423 1232 468 scriptum
1259 424 1358 458 esset
1379 435 1445 459 nos
1467 436 1598 469 neque,

260 485 295 507 v.
314 485 349 508 v.
370 484 399 506 ο.
424 484 461 517 p.
484 476 588 514 18.8,
624 476 677 506 19.
696 475 749 514 25,
782 475 895 505 27.17
923 471 961 504 et
986 474 1045 512 183
1079 470 1124 504 cf.
1151 470 1199 504 ad
1229 482 1264 514 p.
1288 474 1342 505 74.
1358 471 1432 515 30),
1464 482 1597 515 neque,

262 518 295 553 si
325 520 497 562 habereb,
531 520 760 562 sequeretur,
793 518 836 551 ut
865 516 1074 552 necessario
1106 530 1140 552 v.
1172 529 1284 562 ‘neque
1315 519 1599 562 perdidissemus

262 577 307 600 ex
333 566 463 600 eadem
494 565 678 610 particula
701 566 844 600 utinam
873 564 1088 608 penderent.
1137 563 1195 597 An
1219 575 1294 598 non
1318 565 1418 599 recte
1445 564 1597 600 dieissur:

268 614 416 649 Utinam
439 618 481 648 tu
503 613 713 656 fortunatus
737 614 844 646 esses!
875 622 934 657 eyo
960 623 1095 656 quoque
1119 612 1240 646 salvus
1265 615 1392 646 essem?
1413 632 1455 637 -
1481 611 1519 646 P.
1541 616 1598 648 32.

263 664 283 695 2
305 671 357 703 sq.
392 660 512 705 Quod
537 670 654 694 onmes
674 680 717 684 —
738 659 1006 701 confirmarant,
1030 669 1073 693 ex
1097 659 1144 692 iis
1169 657 1302 701 PGW,
1331 657 1475 694 Oehler.
1500 658 1597 694 Phil.

264 710 351 744 xm
377 718 413 751 p.
431 711 507 748 669,
532 705 663 748 Klotz„
689 704 862 748 Hirschf,
887 704 985 748 quod
1009 715 1084 739 non
1109 704 1323 739 defenditur
1340 704 1387 739 iis
1407 705 1600 750 exemplis,

263 765 359 797 quae
397 753 507 787 attuli
543 753 591 787 ad
621 752 763 787 Cluenb.
800 763 834 796 p.
865 756 941 786 110.
957 756 1016 792 343
1057 751 1104 785 ad
1134 763 1169 796 p.
1196 755 1275 786 473.
1291 756 1323 787 8.
1356 773 1398 777 —
1434 752 1473 787 P.
1501 757 1557 787 32.
1578 758 1599 788 6

261 801 429 835 nitedula
464 800 613 834 ‘firmab’
649 800 798 844 praeter
836 798 950 833 schol.
985 798 1098 832 etiam
1135 798 1213 833 cod.
1247 797 1327 833 Cus.
1361 801 1399 833 ei:
1436 798 1550 834 Prisc.
1583 799 1600 833 I

261 860 297 892 p.
328 851 450 882 107,9.
484 868 526 872 -
559 847 595 881 P.
624 850 714 881 328
753 846 862 881 Gavii
891 847 915 891 †
946 846 1112 880 olaeliore
1142 845 1262 880 Halm.
1289 845 1321 888 1,
1364 847 1475 881 Gavii
1509 846 1602 881 Oleli

262 906 347 929 rure
372 894 493 928 Madv.
519 905 554 937 p.
576 898 643 927 470
664 904 734 937 sq.,
760 892 882 927 Halm.
906 892 954 935 II,
981 893 1118 927 deserta
1146 893 1344 927 Gaviorum
1368 893 1489 928 oliveti
1515 905 1601 928 area

263 941 395 983 Koch,
428 940 512 983 Eb.,
548 941 659 975 Gavii
693 939 794 983 Ofilii
823 940 924 974 horto
955 939 1046 973 Bak.
1077 950 1112 984 p.
1135 943 1195 981 90,
1232 940 1342 974 Gavii
1372 940 1600 983 (Gaviorum,

268 988 426 1031 Gam'olz)
462 988 596 1022 oleario
626 986 801 1031 Wagner.
837 986 1028 1020 ‘Zeitsehiz
1060 985 1084 1020 f.
1112 986 1144 1021 d.
1172 985 1306 1021 (³1.-W?
1337 989 1424 1020 1861
1456 997 1492 1031 p.
1521 990 1599 1030 148,

267 1036 363 1070 Gavi
403 1035 504 1069 horto
547 1035 690 1069 olitorio
729 1032 843 1068 Koch.
882 1033 932 1067 ib.
970 1045 1004 1077 p.
1038 1037 1122 1075 385,
1170 1033 1281 1068 Gavii
1321 1033 1458 1077 Ofellae
1500 1034 1601 1068 horto

262 1081 382 1116 Klotz.
404 1102 444 1106 —
468 1081 519 1115 Ib.
543 1081 686 1116 Galatis
704 1080 883 1123 Momms.,
910 1081 1038 1115 calatis
1064 1080 1167 1114 codd.
1195 1081 1234 1114 eb
1259 1080 1340 1116 edd.
1361 1101 1405 1105 —
1424 1079 1463 1115 P.
1485 1084 1540 1114 32.
1555 1084 1600 1115 27

263 1133 476 1173 temporum:
495 1129 574 1163 iure
589 1129 770 1172 iudicii-sq.
781 1128 944 1170 sublatis,
956 1138 1089 1171 magma
1101 1126 1265 1162 Richter.
1279 1138 1314 1171 p.
1327 1131 1407 1169 275,
1421 1126 1543 1162 Halm.
1554 1126 1600 1170 ΙΙ,

263 1180 458 1219 temporum
484 1176 563 1209 iure
585 1196 625 1199 —
646 1175 799 1209 sublatis
806 1189 819 1217 ‚·
843 1185 975 1219 mayna
993 1173 1092 1217 vulg.
1113 1193 1158 1199 --
1181 1173 1220 1208 P.
1242 1178 1296 1208 33.
1313 1178 1356 1207 20
1382 1175 1424 1208 in
1449 1174 1602 1209 concilio

263 1222 387 1256 Madv.
407 1233 443 1266 p.
459 1226 538 1265 472,
560 1221 732 1256 Wesenb.
752 1232 786 1265 p.
802 1225 857 1263 40,
879 1220 999 1254 Halm.
1014 1220 1057 1262 Π,
1078 1219 1156 1263 Eb.,
1183 1221 1335 1255 concilio
1354 1219 1409 1264 P¹,
1436 1220 1559 1256 Halm.
1573 1222 1600 1261 l,

263 1268 374 1312 Kays.
401 1269 461 1311 (ad
486 1281 521 1312 p.
544 1272 621 1303 130.
636 1272 711 1311 26),
744 1269 889 1302 concilii
920 1266 1075 1310 P2WG,
1109 1268 1253 1302 consilii
1283 1266 1362 1310 all„
1394 1269 1435 1302 i‘n
1460 1268 1602 1302 comitio

264 1316 404 1358 Lamb.,
433 1315 548 1359 Hein.,
576 1316 725 1350 consilio
749 1314 840 1349 Bak.
865 1326 900 1358 p.
922 1318 976 1348 91.
1005 1335 1045 1339 —
1074 1313 1111 1347 P.
1139 1318 1194 1348 33.
1218 1317 1263 1348 26
1292 1314 1389 1358 Quid
1411 1315 1481 1357 illi,
1507 1315 1601 1356 edd„

261 1373 372 1396 nemo
394 1367 531 1396 337.12
556 1362 653 1407 Quid
671 1366 711 1397 tu
732 1363 817 1403 ete,
844 1362 889 1395 ad
910 1372 945 1405 p.
967 1365 1021 1396 49.
1038 1365 1092 1403 25,
1121 1365 1175 1395 53.
1193 1365 1245 1403 13,
1273 1365 1351 1395 263.
1367 1364 1422 1404 22,
1449 1365 1528 1396 298.
1546 1364 1600 1403 18,

263 1413 344 1444 318.
363 1414 414 1451 16,
442 1413 591 1452 32312,
619 1413 697 1443 372.
714 1412 768 1451 31,
795 1412 873 1442 426.
890 1412 943 1450 19,
971 1412 1048 1442 445.
1065 1413 1102 1450 4,
1133 1410 1212 1442 478.
1227 1411 1282 1450 22,
1311 1412 1389 1442 524.
1405 1412 1460 1451 31,
1492 1407 1602 1442 Font.

261 1468 299 1500 p.
314 1461 369 1490 22.
384 1461 437 1490 10.
450 1476 493 1481 -
510 1456 548 1490 P.
564 1461 617 1490 33.
634 1460 677 1490 31
696 1456 899 1490 Venientem
919 1457 1019 1489 item
1038 1453 1140 1489 Paul.
1160 1466 1195 1498 p.
1211 1458 1290 1490 318.
1305 1475 1348 1479 -—
1363 1454 1402 1489 P.
1417 1459 1472 1489 33.
1488 1458 1531 1489 35
1546 1465 1600 1498 sq.

263 1504 406 1547 [virum
432 1523 474 1528 -
501 1502 708 1547 amantiss]
741 1502 866 1546 Kays„
903 1502 1008 1546 [fort.
1036 1522 1078 1526 —-
1106 1501 1265 1546 amant]
1295 1500 1385 1536 Bak.
1411 1513 1447 1545 p.
1474 1505 1535 1541 92;
1565 1513 1602 1536 V.

264 1549 440 1593 Kimmig.
466 1561 500 1594 p.
524 1554 578 1584 28.
606 1569 650 1574 -
675 1550 715 1583 Ρ.
736 1553 791 1583 33.
807 1552 849 1583 37
865 1559 917 1592 sq.
945 1549 1007 1594 [in
1030 1553 1132 1583 tanto
1158 1569 1200 1573 —
1227 1548 1360 1594 eausa]
1384 1547 1483 1590 Em„
1508 1547 1600 1582 Bak.

263 1609 300 1640 p.
327 1601 388 1640 92,
426 1596 522 1642 [ozon
549 1608 622 1640 rep.
651 1617 694 1620 —
726 1595 859 1641 eausa]
894 1595 1021 1639 Kays;
1058 1606 1092 1629 v.
1125 1594 1300 1639 Kimmig.
1335 1606 1372 1639 p.
1399 1598 1442 1629 28
1469 1606 1522 1638 sq.
1556 1615 1599 1620 —

264 1643 302 1677 P.
325 1648 379 1678 34.
401 1648 444 1677 22
470 1644 535 1678 vel
560 1647 667 1677 const.
693 1641 826 1677 Eberh.
853 1641 931 1676 sine
957 1653 1084 1683 eausa3
1114 1640 1221 1685 Seyff.
1249 1641 1374 1676 Lael.²
1397 1653 1432 1685 p.
1454 1645 1535 1677 289.
1556 1662 1600 1667 —

264 1690 318 1724 Ib.
337 1691 477 1732 seditio,
496 1691 604 1733 culpa
623 1689 716 1732 edd„
741 1690 881 1731 seditio,
899 1690 1017 1723 oritur
1035 1700 1078 1723 eae
1097 1689 1205 1733 culpa
1223 1688 1329 1723 Hein.
1365 1687 1459 1722 Mihi
1476 1687 1601 1722 verbis

265 1738 375 1782 culpa
397 1757 444 1762 -
470 1738 661 1781 Iaryitione
693 1735 781 1770 addi
810 1735 974 1778 videtur,
1007 1736 1154 1779 quando
1181 1736 1220 1769 ef,
1243 1746 1318 1779 qua
1343 1746 1456 1769 causa.
1483 1735 1602 1780 perbi-

264 1794 375 1818 naces
402 1782 477 1817 sint
500 1783 773 1817 intercessores,
796 1803 843 1809 —
867 1782 906 1817 P.
927 1787 982 1817 34.
998 1787 1041 1816 23
1062 1784 1248 1827 proposito
1274 1782 1335 1816 hic
1361 1782 1456 1825 add„
1482 1782 1601 1816 oblato

264 1830 398 1873 Halm„
424 1830 546 1874 Kays,
569 1831 760 1875 proposita
783 1830 871 1873 post
896 1830 1086 1874 Iccrgsitiorw
1110 1829 1221 1873 vulg,
1248 1829 1316 1864 Eb.
1343 1849 1386 1854 —
1411 1828 1450 1862 P.
1477 1832 1532 1863 34.
1553 1832 1600 1863 25

261 1879 421 1922 primo?;
455 1877 501 1910 ad
532 1875 636 1912 Caes.
662 1888 697 1922 p.
720 1880 856 1919 5235,
889 1876 972 1911 infr.
1000 1880 1053 1910 51.
1070 1880 1100 1910 5.
1151 1876 1189 1910 P.
1211 1879 1325 1911 350.8
1355 1874 1455 1909 mell.
1482 1875 1601 1918 codd,

267 1928 345 1959 378.
367 1929 410 1959 32
442 1924 473 1957 D
507 1925 637 1968 primo.
671 1944 711 1948 -—
746 1923 783 1958 P.
812 1927 867 1957 34.
889 1927 931 1958 28
970 1924 1047 1958 lata
1075 1922 1197 1958 Halm.
1228 1934 1263 1967 p.
1291 1925 1379 1956 1451
1413 1921 1469 1956 ed.
1501 1921 1600 1965 Tus„

264 1970 387 2013 Kays„
413 1970 534 2004 Halm.
555 1970 599 2014 Π,
625 1970 704 2013 Eb.,
732 1970 803 2014 leffe
823 1971 899 2005 lata
918 1970 1038 2004 Halm.
1061 1971 1086 2013 I,
1113 1971 1184 2015 1696
1205 1971 1356 2004 recitata
1375 1967 1415 2012 Gr,
1442 1968 1507 2002 sed
1527 1979 1598 2004 om.

266 2019 446 2051 concitata
465 2017 532 2061 (sic
546 2018 600 2062 P),
621 2017 731 2061 vulg,
753 2016 883 2060 Klotz,
906 2018 976 2062 1696
990 2018 1224 2062 promulyata
1240 2015 1365 2049 Lamb.
1387 2036 1430 2040 —
1451 2015 1490 2050 P.
1505 2019 1562 2050 35.
1576 2019 1599 2050 2

266 2063 488 2109 [Fabricio]
499 2063 587 2099 Bak.
601 2075 637 2108 p.
650 2068 704 2107 94,
719 2063 841 2107 Kays,
858 2064 973 2099 dubit.
988 2063 1162 2107 Kimmig.
1176 2075 1211 2108 p.
1223 2066 1275 2096 17.
1289 2082 1326 2086 —
1345 2061 1397 2095 Ib.
1410 2062 1600 2107 [praetor]

269 2110 388 2144 Madv.
402 2115 528 2154 p.473,
550 2110 639 2145 Bak.
652 2122 688 2155 p.
701 2114 756 2152 94,
777 2109 846 2144 del.
862 2110 927 2144 Εἴ).
942 2111 1025 2145 forb.
1040 2112 1151 2154 recte,
1172 2109 1529 2145 ·P-R-codd.-1b.
1543 2119 1599 2152 sq.

267 2158 329 2200 qui
354 2168 388 2190 se
414 2177 456 2180 —
483 2158 626 2191 disserat
651 2157 721 2191 del.
741 2156 915 2201 Kimmig.
941 2169 976 2201 p.
998 2161 1041 2192 55
1062 2169 1132 2201 sq.,
1159 2157 1221 2201 qui
1245 2160 1414 2191 servasset
1438 2156 1480 2190 de
1505 2156 1598 2190 coelo

267 2202 360 2237 coni.
382 2202 502 2237 Madv.
525 2208 571 2244 (se
592 2215 660 2237 om.
680 2203 775 2246 PW,
803 2203 863 2238 all.
883 2215 1038 2239 servasse
1060 2215 1109 2244 se,
1137 2204 1182 2237 ad
1206 2214 1242 2246 p.
1263 2207 1316 2237 66.
1334 2204 1404 2247 11),
1429 2206 1600 2238 servasset

266 2250 309 2284 de
328 2250 433 2292 coelo,
458 2251 551 2284 sieut
571 2261 672 2295 saepe
690 2251 848 2285 irridens
866 2252 1010 2285 dixerat
1029 2250 1122 2285 coni.
1142 2249 1236 2284 Keil.
1255 2260 1290 2293 p.
1306 2253 1361 2292 22,
1387 2260 1422 2284 se
1445 2260 1532 2284 serv.
1552 2269 1598 2274 —

263 2297 396 2332 diceret
415 2295 524 2339 Man„
545 2296 716 2332 Wesenb.
737 2309 773 2342 p.
789 2301 843 2332 41.
865 2318 907 2322 —-
929 2298 967 2331 P.
989 2302 1043 2332 35.
1064 2302 1085 2332 4
1109 2308 1241 2342 yemere
1265 2307 1350 2331 non
1373 2300 1489 2341 posset
1505 2295 1596 2330 Bak.
