1671 2543
571 405 631 452 M.
672 404 861 451 TULLI
899 403 1228 452 CICERONIS

227 538 298 592 IN
350 538 417 593 M.
470 537 832 592 ANTONIUM
875 537 1127 592 ORATIO
1172 536 1572 593 PHILIPPICA

687 642 1115 698 DUODEOIMA.

705 911 1092 950 ARGUMENTUM.

322 1023 402 1058 Etsi
429 1023 476 1059 M.
505 1023 631 1059 Cicero
657 1023 750 1058 illud
775 1024 998 1069 perfecerat,
1030 1024 1073 1058 ut
1097 1023 1283 1068 permulta
1309 1024 1459 1058 senatus
1485 1035 1571 1060 con-

226 1071 327 1106 sulta
352 1073 484 1106 contra
502 1071 551 1105 M.
572 1071 775 1105 Antonium
801 1071 942 1114 fierent,
967 1071 1038 1106 hoc
1063 1072 1188 1105 tamen
1213 1070 1376 1106 nondum
1401 1072 1484 1106 erat
1508 1071 1572 1106 ad-

226 1120 387 1155 secutus.
414 1118 514 1162 quod
539 1118 699 1153 maxime
715 1118 920 1162 contendit,
947 1120 989 1153 ut
1007 1118 1055 1153 M.
1076 1117 1261 1153 Antonius
1282 1117 1400 1153 hostis
1425 1119 1571 1164 patriae

226 1166 466 1201 iudicaretur.
512 1165 607 1208 Quin
627 1165 741 1200 etiam
763 1164 1055 1210 Quinquatribus
1084 1176 1115 1200 a.
1142 1165 1177 1201 d.
1203 1165 1288 1200 XIV
1314 1164 1397 1201 Kal.
1423 1165 1572 1210 Apriles

226 1213 347 1248 Pansa
372 1212 522 1247 consule
549 1213 742 1247 referente-
766 1214 914 1247 senatus
941 1212 1171 1256 decreverat,
1202 1214 1246 1247 ut
1268 1212 1357 1247 novi
1381 1212 1500 1257 legati
1525 1212 1573 1248 ad

226 1260 275 1294 M.
310 1259 514 1294 Antonium
555 1261 793 1294 mitterentur
823 1260 861 1295 P.
895 1259 1073 1294 Servilius
1106 1261 1144 1294 et
1175 1259 1223 1295 M.
1256 1259 1383 1294 Cicero
1414 1271 1497 1294 cum
1529 1258 1571 1301 Q.

226 1306 327 1341 Fufio
355 1306 509 1349 Caleno,
543 1306 581 1341 L.
610 1308 759 1351 Pisone,
791 1306 829 1341 L.
857 1307 1024 1342 Caesare.
1075 1305 1147 1342 Sed
1172 1305 1212 1341 P.
1238 1306 1433 1341 Servilium
1460 1307 1499 1342 et
1522 1306 1572 1342 M.

228 1353 443 1389 Ciceronem
469 1364 553 1387 mox
581 1353 729 1387 consilii
757 1353 857 1398 capti
878 1353 1076 1399 paenituit,
1102 1353 1325 1396 omninoque
1350 1364 1407 1388 res
1426 1354 1573 1388 tantam

226 1400 514 1435 admirationem
542 1400 676 1443 movit,
709 1402 751 1434 ut
776 1400 813 1435 C.
841 1401 962 1435 Pansa
988 1399 1117 1434 consul
1143 1399 1276 1434 iterum
1303 1399 1341 1434 in
1367 1402 1500 1435 senatu
1526 1400 1572 1435 de

227 1459 272 1482 ea
297 1458 335 1482 re
362 1446 527 1482 referret.
572 1446 663 1482 Cum
688 1446 805 1492 igitur
830 1447 869 1482 P.
896 1446 1073 1481 Servilius
1099 1447 1172 1481 iam
1199 1446 1443 1481 omittendam
1470 1447 1573 1492 lega-

225 1494 366 1529 tionem
393 1493 619 1538 censuisset,
654 1493 754 1528 idem
779 1494 827 1529 M.
855 1494 982 1529 Cicero
1009 1505 1068 1538 ea,
1097 1504 1191 1538 quae
1217 1493 1316 1528 infra
1340 1495 1480 1539 scripta
1504 1496 1574 1539 est,

226 1542 395 1577 oratione
421 1541 549 1576 suasit.

188 1707 206 1747 1

195 1768 211 1797 1
316 1731 412 1773 Etsi
440 1730 614 1772 minime
642 1731 789 1772 decere
815 1730 994 1783 videtur,
1026 1734 1171 1785 patres
1198 1730 1442 1785 conscripti,
1468 1730 1575 1781 falli,

229 1790 385 1845 decipi,
424 1805 565 1831 errare
605 1805 719 1844 eum,
758 1790 826 1832 cui
863 1804 938 1831 vos
977 1789 1175 1832 maximis
1211 1804 1336 1844 saepe
1367 1789 1418 1831 de
1444 1789 1572 1831 rebus

227 1849 543 1902 assentiamini,
581 1849 780 1890 consolor
817 1863 883 1889 me
916 1851 1077 1902 tamen,
1116 1848 1317 1903 quoniam
1349 1847 1572 1890 vobiscum

225 1908 389 1963 pariter
415 1910 458 1949 et
482 1922 567 1948 una
594 1922 690 1949 cum
717 1906 1036 1961 sapientissimo
1058 1907 1231 1948 consule
1252 1906 1402 1948 erravi.
1446 1905 1572 1960 Nam,

227 1981 324 2008 cum
363 1966 445 2008 duo
485 1966 729 2008 consulares
767 1980 886 2020 spem
918 1966 1123 2007 honestae
1155 1965 1272 2020 pacis
1303 1965 1429 2007 nobis
1461 1967 1572 2007 attu-
1607 1986 1624 2012 5

225 2025 391 2080 lissent,
424 2025 536 2079 quod
569 2027 691 2066 erant
726 2024 959 2066 familiares
991 2023 1047 2065 M.
1079 2024 1256 2078 Antoni,
1288 2024 1399 2079 quod
1432 2024 1572 2066 dome-

228 2084 344 2138 stici,
375 2098 503 2125 nosse
536 2083 709 2138 aliquod
743 2083 833 2124 eius
865 2083 1037 2136 vulnus,
1070 2083 1183 2137 quod
1214 2083 1340 2124 nobis
1372 2082 1570 2138 ignotum

228 2145 360 2196 esset,
402 2142 668 2184 videbantur.
737 2141 863 2196 Apud
901 2142 1083 2183 alterum
1122 2156 1245 2195 uxor,
1284 2141 1426 2194 liberi,
1463 2141 1572 2181 alter

228 2201 384 2242 cotidie
410 2201 580 2242 litteras
602 2200 784 2253 mittere,
810 2200 1014 2254 accipere,
1041 2203 1185 2254 aperte
1206 2199 1347 2242 favere
1368 2199 1570 2241 Antonio.

193 2258 285 2300 2Hi
320 2259 464 2301 subito
496 2259 663 2301 hortari
696 2259 747 2300 ad
780 2273 940 2313 pacem,
973 2259 1087 2313 quod
1118 2259 1203 2300 iam
1236 2257 1306 2300 diu
1338 2271 1424 2299 non
1448 2257 1570 2299 fecis·
1593 2274 1625 2300 ιο

230 2321 335 2370 sent,
366 2332 454 2359 non
480 2318 570 2359 sine
598 2332 726 2360 causa
751 2317 1017 2358 videbantur.
1081 2317 1276 2359 Accessit
1301 2315 1450 2357 consul
1475 2315 1571 2358 hor-
