1671 2543
557 518 620 567 M.
661 518 851 566 TULLI
888 518 1217 566 CICERONIS

255 643 393 698 PRO
441 641 497 697 O.
541 640 834 695 RABIRIO
878 639 1195 695 POSTUMO
1241 639 1508 695 ORATIO.

693 847 1084 887 ARGUMENTUM.

310 939 352 976 A.
388 937 586 981 Gabinius,
626 937 658 972 is
691 936 755 982 qui
788 947 871 971 cum
903 936 942 972 L.
969 935 1102 972 Pisone
1135 948 1168 971 a.
1199 948 1235 972 u.
1267 948 1296 972 c.
1331 940 1398 972 696
1430 937 1560 972 consul

215 988 355 1032 fuerat,
398 987 485 1032 post
528 985 761 1019 consulatum
799 982 942 1028 Syriam
984 983 1213 1028 provinciam
1252 985 1455 1029 acceperat.
1516 984 1559 1018 In

217 1046 329 1079 quam
360 1045 444 1068 cum
477 1032 630 1068 obrutus
664 1042 748 1066 aere
781 1031 902 1065 alieno
935 1030 1122 1084 profectus
1148 1032 1263 1074 esset,
1295 1033 1337 1066 ut
1361 1030 1558 1076 pecuniam

216 1081 289 1117 sibi
325 1081 491 1126 pareret,
530 1090 613 1114 cum
644 1078 764 1113 multa
796 1077 872 1112 alia
901 1077 1037 1112 iniuria
1066 1078 1198 1113 fecisse
1230 1059 1441 1122 dicebatur,
1478 1080 1559 1113 tum

216 1129 345 1164 decem
374 1127 483 1162 milia
512 1126 697 1161 talentum
723 1137 745 1160 a
769 1125 1001 1168 Ptolomaeo,
1028 1136 1115 1170 rege
1141 1124 1319 1170 Aegypti,
1353 1125 1417 1171 qui
1442 1136 1558 1171 regno

216 1186 282 1211 suo
320 1175 449 1220 pulsus
489 1175 586 1217 erat,
626 1172 813 1217 accepisse
851 1174 1092 1216 arguebatur,
1130 1174 1173 1207 ut
1210 1184 1292 1208 eum
1329 1172 1366 1206 in
1405 1184 1559 1218 regnum

216 1221 442 1273 legionibus
459 1220 535 1254 suis
565 1220 769 1254 reduceret.
826 1218 943 1260 Quam
976 1220 1023 1254 ob
1055 1230 1149 1261 rem,
1182 1230 1264 1254 cum
1297 1218 1452 1254 redisset
1484 1219 1556 1253 Ro-

217 1280 333 1311 mam,
361 1270 407 1303 ab
432 1266 590 1302 inimicis
616 1267 709 1308 suis,
736 1276 827 1310 quos
854 1267 991 1300 multos
1017 1266 1157 1300 Romae
1181 1266 1395 1310 reliquerat,
1420 1265 1495 1300 tria
1519 1266 1559 1300 in

217 1327 300 1351 eum
331 1314 469 1350 iudicia
501 1315 634 1366 parata
665 1314 781 1347 erant.
831 1311 883 1346 Ac
915 1315 1074 1357 primum
1105 1312 1253 1356 quidem
1286 1323 1308 1346 a
1332 1312 1369 1347 L
1398 1314 1557 1348 Lentulo

217 1362 426 1397 maiestatis
458 1361 610 1396 crimine
642 1360 838 1394 accusatus
870 1361 943 1401 est,
983 1359 1082 1403 quod
1114 1362 1240 1394 contra
1271 1361 1343 1404 leg
1347 1371 1390 1402 s,
1428 1363 1559 1395 contra

217 1412 367 1445 senatus
401 1407 626 1449 consultum,
660 1408 790 1441 contra
816 1405 965 1441 oracula
991 1406 1174 1451 Sibyllina
1198 1406 1427 1452 provinciam
1453 1418 1558 1442 suam

217 1455 446 1500 reliquisset,
485 1456 527 1488 ut
557 1453 811 1488 Ptolomaeum
848 1454 886 1487 in
922 1464 1077 1499 regnum
1115 1455 1337 1489 restitueret.
1394 1454 1473 1489 Hoc
1504 1454 1557 1489 iu-

218 1503 316 1538 dicio
343 1501 405 1537 Cn.
431 1501 585 1546 Pompei
610 1501 734 1545 gratia
760 1502 797 1534 et
822 1501 980 1545 pecunia
1005 1511 1082 1544 sua,
1109 1512 1183 1545 qua
1207 1500 1385 1536 iudicium
1411 1511 1557 1546 corrup-

218 1552 299 1585 tum
324 1560 404 1584 esse
431 1549 642 1591 dicebatur,
676 1547 866 1582 absolutus
892 1550 958 1582 est.
1010 1549 1104 1582 Tum
1133 1547 1169 1583 C.
1196 1548 1390 1583 Memmius
1417 1551 1458 1583 A.
1486 1548 1557 1584 Ga:

218 1596 364 1632 binium
396 1595 441 1630 de
466 1594 634 1640 pecuniis
660 1594 874 1640 repetundis
901 1596 1092 1630 accusavit
1118 1595 1472 1640 condemnavitque‚
1503 1596 1559 1630 ita

220 1645 262 1679 ut
286 1643 440 1678 tertium
465 1642 646 1676 iudicium
671 1642 716 1676 de
744 1641 897 1685 ambitu,
924 1642 1023 1685 quod
1050 1641 1154 1677 Sulla
1178 1644 1216 1677 in
1241 1653 1325 1677 eum
1349 1644 1558 1687 paraverat,

219 1691 394 1735 quoniam
420 1689 485 1724 ille
511 1690 777 1724 condemnatus
803 1689 842 1723 in
868 1671 1020 1723 81111111111
1045 1689 1234 1734 profectus
1261 1691 1357 1731 erat
1383 1700 1457 1724 non
1482 1689 1559 1725 iam

218 1749 283 1783 pos
270 1739 345 1772 set
371 1736 558 1772 constitui
608 1736 692 1771 Una
711 1747 793 1770 cum
813 1737 854 1770 A.
876 1735 966 1771 Gal*
950 1737 1032 1771 mio
1059 1736 1095 1771 in
1115 1736 1330 1772 reductione
1350 1719 1558 1772 Ptolomaei

218 1786 316 1830 regis
341 1786 510 1819 versatus
537 1786 616 1818 erat
641 1783 678 1818 C.
704 1782 878 1818 Rabirius
905 1783 1119 1827 Postumus,
1152 1782 1189 1819 C.
1217 1783 1318 1818 Curti
1344 1783 1458 1827 filius,
1492 1783 1558 1828 qui

218 1815 281 1866 ab0
306 1831 487 1866 avunculo
528 1830 564 1866 C.
604 1830 773 1868 Rabirio
819 1841 861 1865 eo
899 1841 1008 1874 quem
1040 1831 1088 1865 M
1121 1830 1248 1866 Cicero
1292 1811 1558 1875 perduellionis

219 1878 371 1914 crimine
398 1879 610 1913 accusatum
631 1877 809 1920 defendit,
837 1877 1034 1922 adoptatus
1061 1880 1151 1921 erat,
1179 1878 1238 1913 cui
1264 1877 1310 1912 ab
1332 1880 1374 1912 A.
1397 1877 1556 1912 Gabinio

218 1926 288 1960 hoc
325 1925 560 1970 potissimum
593 1926 755 1959 muneris
790 1906 1008 1977 impositum
1045 1927 1140 1967 erat,
1187 1927 1230 1959 ut
1266 1924 1440 1969 pecunias
1477 1923 1557 1968 regi

218 1973 434 2008 Ptolomaeo
466 1973 613 2006 mutuas
646 1973 752 2006 daret
783 1971 1005 2016 omninoque
1031 1971 1130 2016 regis
1156 1971 1296 2007 reditus
1322 1971 1377 2006 ita
1401 1970 1556 2005 admini-

219 2021 371 2063 s,traret
404 2021 447 2053 ut
478 2023 532 2061 et,
563 2018 605 2054 A
633 2017 793 2053 Gabinio
819 2029 912 2062 quae
938 2019 1140 2063 promissae
1167 2020 1286 2062 era-nt,
1318 2018 1493 2063 pecunias
1519 2018 1558 2051 et

220 2078 305 2101 suas
338 2067 416 2111 regi
450 2047 610 2100 creditas
642 2065 681 2099 in
711 2067 766 2110 ips
771 2076 792 2100 o
823 2076 938 2109 regno
971 2066 1144 2118 exigeret.
1193 2065 1299 2100 Hanc
1329 2065 1376 2099 ob
1406 2074 1562 2098 causam

220 2124 302 2147 cum
333 2113 375 2148 A.
409 2112 589 2147 Gabinius
627 2112 893 2147 condemnatus
931 2112 976 2147 de
1013 2112 1179 2157 pecuniis
1213 2110 1426 2156 repetundis
1458 2121 1494 2144 e
1490 2112 1558 2146 set

222 2170 341 2204 neque
367 2161 533 2203 tantum,
565 2159 695 2203 quanti
720 2158 798 2194 eius
825 2161 1041 2194 aestimatae
1067 2159 1153 2194 lites
1179 2160 1300 2201 erant,
1326 2159 1558 2202 compareret

219 2206 416 2250 pecuniae,
449 2206 533 2249 lege
569 2206 681 2249 Iulia,
715 2217 788 2249 qua
818 2207 897 2240 tum
928 2206 976 2247 is,
1011 2206 1058 2240 ad
1091 2216 1200 2250 quem
1225 2215 1269 2239 ea
1292 2204 1450 2248 pecunia
1475 2216 1555 2249 per-

218 2253 398 2295 venisset,
430 2252 658 2287 accusandus
684 2254 781 2295 erat,
813 2253 858 2287 ab
892 2253 1022 2287 eodem
1048 2252 1084 2288 C.
1091 2218 1284 2291 qummio
1317 2250 1362 2285 de
1386 2252 1555 2296 pecuniis

218 2298 376 2333 residuis
419 2301 507 2343 (non
544 2299 589 2333 de
625 2299 840 2342 maiestate,
877 2299 916 2334 id
949 2299 1047 2343 quod
1077 2298 1172 2333 falso
1205 2308 1250 2332 ex
1279 2297 1402 2332 verbis
1431 2298 1556 2333 Tiberi
