1671 2543
506 76 606 112 CAP.
634 81 769 111 29—31
799 81 818 120 ς
845 81 993 113 ‘zo-46.
1149 96 1160 112 x
1329 78 1408 120 191

73 197 188 226 nunc
213 186 269 238 te,
301 184 431 238 asine,
456 183 624 225 litteras
651 184 856 226 doceam?
906 184 1007 227 Non
1032 199 1139 240 opus
1166 188 1232 227 est
1258 186 1413 240 verbis,

77 243 151 284 sed
174 242 375 284 fustibus.
425 241 525 285 Non
551 242 638 284 dixi
663 242 774 284 hanc
800 246 961 299 togam,
989 258 1072 298 qua
1098 259 1193 285 sum
1217 244 1413 299 amictus,

74 316 153 343 nec
186 316 304 342 arma
336 304 505 343 scutum
537 303 612 342 aut
638 301 830 356 gladium
855 303 981 344 unius
1007 303 1296 357 imperatoris,
1329 304 1413 357 sed,

77 361 177 415 quia
201 360 318 414 pacis
345 363 411 401 est
435 359 604 415 insigne
631 363 674 401 et
702 360 780 401 otii
806 364 922 416 toga,
949 364 1100 403 contra
1126 365 1271 403 autem
1294 377 1414 402 arma

40 430 57 455 5
76 419 288 460 tumultus
315 422 443 473 atque
469 419 584 472 belli,
610 421 836 473 poetarum
862 435 980 461 more
1000 421 1169 462 locutus
1188 421 1272 462 hoc
1291 421 1414 462 intel-

76 478 162 532 legi
196 477 329 532 volui,
365 477 529 518 bellum
560 492 609 519 ac
641 478 876 519 tumultum
908 479 1004 533 paci
1035 482 1163 534 atque
1196 480 1286 521 otio
1319 494 1413 521 con-

76 550 306 577 cessurum.
358 535 522 585 Quaere
555 550 606 577 ex
637 535 841 578 familiari
870 540 945 579 tuo
974 536 1137 579 Graeco
1163 538 1239 579 illo
1265 541 1472 592 poeta374

74 594 278 649 probabit
304 608 437 650 genus
464 595 606 649 ipsum
627 598 670 636 et
691 599 896 650 agnoscet
915 611 1050 650 neque
1072 599 1114 638 te
1133 597 1243 638 nihil
1264 611 1412 651 sapere

75 653 314 694 mirabitur.
371 653 447 694 ‘At
476 654 522 694 in
553 654 688 696 altero
720 654 825 709 illo’,
864 655 1023 709 inquit,
1056 655 1239 697 ehaeres:
1271 654 1412 698 ‘Con-

24 724 56 750 ιο
76 712 224 753 cedat
260 712 437 753 laurea
473 712 656 753 laudi.''
717 712 856 754 Immo
889 714 1129 755 mehercule
1160 714 1298 756 habeo
1331 714 1413 755 tibi

75 770 279 825 gratiam3
304 771 525 812 haererem
554 771 679 825 enim,
703 772 789 812 nisi
814 775 863 813 tu
888 787 956 813 me
982 773 1237 827 expedisses.
1286 772 1412 827 Nam,

76 843 172 870 cum
220 832 270 870 tu
313 830 491 870 timidus
535 844 584 872 ac
628 833 816 871 tremens
861 831 947 872 tuis
992 831 1084 885 ipse
1127 831 1411 873 furacissimis

75 887 273 929 manibus
321 888 558 930 detractam
603 903 624 929 e
669 889 857 930 cruentis
901 889 1091 931 fascibus
1131 890 1323 932 lauream
1360 891 1413 932 ad

73 949 247 1000 portam
277 946 550 1001 Esquilinam
582 947 790 1002 abiecisti,
821 946 1022 989 indicasti
1052 963 1140 990 non
1173 950 1297 991 modo
1328 964 1413 990 am-

24 1017 55 1042 15
74 1004 313 1059 plissimae,
351 1006 424 1046 sed
462 1006 593 1047 etiam
631 1006 833 1048 minimae
871 1007 987 1048 laudi
1022 1008 1213 1049 lauream
1245 1023 1412 1049 conces-

76 1063 193 1105 sisse.
243 1063 388 1118 Atque
420 1064 506 1105 ista
538 1064 731 1106 oratione
763 1065 845 1106 hoc
873 1068 1020 1107 tamen
1045 1066 1253 1121 intellegi,
1286 1067 1413 1108 scele-

74 1125 184 1176 rate,
222 1122 304 1176 vis,
341 1122 595 1177 Pompeium
632 1123 855 1165 inimicum
891 1124 998 1165 mihi
1036 1125 1122 1166 isto
1162 1140 1287 1166 versu
1320 1140 1411 1166 esse

74 1179 254 1235 factum,
291 1183 357 1235 ut,
396 1182 432 1223 si
463 1196 611 1222 versus
644 1182 751 1222 mihi
781 1183 995 1236 nocuerit,
1030 1184 1083 1224 ab
1117 1198 1184 1238 eo,
1217 1199 1343 1238 quem
1375 1184 1412 1225 is

73 1253 222 1280 versus
250 1239 487 1294 offenderit,
512 1240 708 1281 videatur
734 1239 839 1281 mihi
859 1241 1070 1295 pernicies
1091 1256 1183 1284 esse
1205 1243 1411 1296 quaesita.

22 1311 55 1336 20
76 1296 242 1339 Omitto
274 1298 383 1339 nihil
415 1298 548 1340 istum
579 1313 749 1340 versum
780 1300 1040 1354 pertinuisse
1073 1301 1125 1341 ad
1154 1301 1295 1356 illum,
1325 1309 1469 1343 1101175

73 1355 205 1398 fuisse
238 1371 392 1412 meum,
425 1371 563 1412 quem,
596 1360 804 1412 quantum
828 1359 1078 1414 potuissem,
1110 1360 1259 1401 multis
1286 1374 1411 1414 saepe

75 1415 342 1457 orationibus
375 1416 633 1470 scriptisque
666 1417 952 1471 decorassem,
989 1418 1102 1459 hunc
1134 1433 1218 1459 uno
1251 1419 1412 1460 violare

74 1487 210 1514 versu.
280 1473 362 1515 Sed
406 1475 464 1516 sit
508 1475 694 1516 offensus
738 1476 896 1530 primo3
938 1491 1079 1518 nonne
1118 1478 1413 1531 compensavit

75 1545 173 1572 cum
200 1546 285 1573 uno
311 1533 522 1574 versiculo
549 1536 617 1575 tot
643 1548 738 1575 mea
762 1535 981 1576 volumina
1006 1535 1182 1576 laudum
1209 1537 1412 1577 suarum?

23 1603 56 1629 25
78 1589 241 1638 Quodsi
291 1594 357 1631 est
406 1594 665 1645 commotus,
715 1593 767 1633 ad
810 1594 1098 1647 perniciemne
1142 1609 1229 1635 non
1273 1595 1413 1636 dicam

76 1648 344 1702 amicissimi,
380 1664 468 1690 non
504 1650 566 1690 ita
604 1651 653 1691 de
689 1665 765 1692 sua
796 1651 919 1692 laude
952 1652 1114 1706 meriti,
1150 1667 1238 1694 non
1268 1653 1331 1694 ita
1363 1654 1414 1694 de

75 1721 120 1747 re
152 1706 342 1760 publica,
377 1722 465 1748 non
496 1709 752 1763 consularis,
788 1724 876 1750 non
908 1710 1138 1763 senatoris,
1176 1725 1264 1752 non
1296 1711 1414 1765 civis,

74 1779 163 1806 non
192 1765 330 1818 liberi,
361 1765 407 1806 in
436 1766 624 1807 hominis
658 1770 786 1821 caput
809 1768 882 1808 ille
908 1770 999 1809 tam
1026 1769 1208 1810 crudelis
1235 1772 1414 1824 propter

76 1837 247 1864 versum
282 1823 395 1864 fuit?
452 1824 533 1878 Tu,
571 1824 689 1878 quid,
726 1828 792 1879 tu,
831 1827 943 1880 apud
976 1841 1100 1880 quos,
1139 1829 1204 1881 tu,
1242 1828 1293 1868 de
1327 1842 1411 1881 quo
1427 1829 1475 1871 31

25 1897 58 1922 ³0
78 1881 207 1935 dicas,
238 1882 485 1937 intellegis?
536 1881 776 1937 Complecti
806 1884 871 1925 vis
901 1885 1192 1938 amplissimos
1219 1886 1334 1927 viros
1361 1887 1414 1927 ad

0 1955 1 1960 ¹
77 1942 200 1981 tuum
232 1943 276 1981 et
309 1939 466 1981 Gabini
498 1941 654 1994 scelus,
688 1956 825 1996 neque
857 1943 900 1983 id
932 1944 1116 1998 occulte3
1152 1959 1254 1985 nam
1284 1945 1413 1999 paulo

78 2001 177 2040 ante
216 1998 363 2040 dixisti
397 2014 464 2040 me
497 2013 594 2040 cum
625 2000 678 2041 iis
712 2001 960 2056 confligere,
999 2016 1106 2056 quos
1139 2003 1413 2057 despicerem,

76 2071 164 2098 non
207 2057 422 2113 attingere
464 2072 554 2112 eos,
599 2059 671 2112 qui
708 2059 805 2112 plus
843 2063 1038 2114 possent,
1083 2061 1238 2114 quibus
1276 2062 1413 2103 iratus

79 2129 171 2157 esse
203 2116 412 2158 deberem.
464 2116 656 2165 Quorum
688 2117 859 2171 quidem
892 2117 1006 2174 (quis
1039 2120 1153 2160 enim
1179 2133 1267 2160 non
1291 2120 1415 2161 intel-

26 2189 60 2215 35
79 2173 204 2228 legit,
255 2189 362 2229 quos
406 2173 569 2230 dicas?)
619 2190 879 2229 quamquam
921 2191 1008 2218 non
1051 2181 1117 2219 est
1162 2193 1289 2219 causa
1330 2194 1416 2220 una

81 2232 289 2287 omnium,
326 2236 472 2275 tamen
509 2236 575 2275 est
613 2235 804 2275 omnium
842 2235 948 2276 mihi
980 2236 1175 2289 probata.
1236 2236 1306 2278 Me
1339 2236 1414 2279 Cn.
1429 2245 1472 2277 76

79 2288 310 2345 Pompeius
354 2292 502 2334 multis
546 2292 856 2335 obsistentibus
895 2293 985 2335 eius
1025 2308 1128 2350 erga
1165 2310 1232 2337 me
1271 2296 1414 2339 studio
