1671 2543
212 71 238 112 8
599 67 691 103 PRO
718 68 757 103 P.
785 68 944 103 SESTIO
971 68 1160 104 ORATIO.

211 177 352 233 ignari
383 191 525 218 rerum
556 176 862 229 loquebantur,
899 190 944 217 re
977 176 1147 230 quidem
1178 190 1279 217 vera
1309 175 1355 218 in
1383 175 1547 218 univer-

213 251 304 277 sam
348 250 437 276 rem
474 234 692 289 publicam
729 234 997 275 traductione
1035 235 1087 275 ad
1123 234 1293 288 plebem
1329 233 1547 276 furibundi

211 294 398 336 hominis
432 308 480 335 ac
511 293 686 347 perditi,
724 292 830 333 mihi
861 292 979 347 irati,
1018 293 1090 334 sed
1122 293 1258 334 multo
1291 293 1429 334 acrius
1468 292 1546 334 otii

212 355 255 394 et
299 351 537 394 communis
582 350 737 392 salutis
779 350 953 392 inimici.
1013 351 1139 393 Hunc
1176 351 1242 392 vir
1285 351 1546 393 clarissimus

212 411 402 465 mihique
434 410 582 451 multis
614 409 953 464 repugnantibus
989 410 1286 464 amicissimus,
1318 409 1392 451 Cn.
1423 409 1547 450 Pom-
1579 418 1600 450 5

211 469 352 523 peius,
384 469 501 510 omni
533 468 747 521 cautione,
784 467 970 521 foedere,
1002 468 1269 510 execratione
1300 468 1548 509 devinxerat

210 528 320 568 nihil
358 528 404 568 in
440 527 664 568 tribunatu
703 529 852 567 contra
895 541 961 567 me
1003 541 1094 568 esse
1137 526 1363 568 facturum.
1426 526 1548 575 Quod

212 586 284 627 ille
327 585 516 626 nefarius
560 599 611 626 ex
655 585 846 626 omnium
889 585 1096 627 scelerum
1139 585 1377 627 colluvione
1419 587 1548 626 natus

210 659 363 698 parum
389 658 433 685 se
465 643 614 684 foedus
640 643 901 684 violaturum
927 644 1162 685 arbitratus
1194 647 1261 697 est,
1290 643 1375 684 nisi
1405 643 1548 697 ipsum

213 705 433 744 cautorem
477 702 603 742 alieni
641 702 820 755 periculi
864 702 951 743 suis
995 702 1179 756 propriis
1223 701 1423 756 periculis
1467 704 1548 742 ter·
1566 712 1603 741 10

159 770 197 800 16
213 762 380 802 ruisset.
441 760 564 801 Hanc
596 763 781 801 taetram
811 760 1125 814 immanemque
1157 761 1329 801 beluam
1359 760 1548 800 vinctam

213 819 428 873 auspiciis,
455 819 679 873 alligatam
705 833 822 860 more
849 819 1071 873 maiorum,
1100 819 1379 860 constrictam
1403 818 1549 872 legum

213 881 478 919 sacratarum
517 878 677 918 catenis
716 877 845 918 solvit
883 877 1025 918 subito
1063 878 1158 932 lege
1196 877 1360 918 curiata
1400 876 1548 918 consul

212 937 291 990 vel,
322 939 371 977 ut
397 950 476 991 ego
509 936 708 989 arbitror,
740 939 938 977 exoratus
971 936 1050 989 vel,
1080 939 1130 977 ut
1154 950 1241 977 non
1270 949 1396 976 nemo
1427 938 1549 989 puta-

212 995 304 1048 bat,
342 995 448 1035 mihi
479 995 634 1048 iratus,
675 995 849 1049 ignarus
890 994 1060 1048 quidem
1093 997 1206 1036 certe
1239 996 1282 1035 et
1318 993 1548 1048 inprudens
1569 1005 1602 1031 15

212 1053 535 1107 inpendentium
579 1055 800 1094 tantorum
845 1053 1052 1094 scelerum
1093 1056 1136 1094 et
1180 1052 1402 1093 malorum.
1466 1050 1548 1100 Qui

214 1112 411 1152 tribunus
449 1112 505 1165 pl.
542 1111 645 1152 felix
681 1111 726 1151 in
763 1111 990 1152 evertenda
1021 1126 1065 1152 re
1096 1111 1269 1165 publica
1305 1110 1390 1151 fuit
1419 1110 1548 1151 nullis

213 1170 301 1211 suis
339 1169 480 1210 nervis
527 1167 619 1223 (qui
657 1169 770 1210 enim
807 1169 852 1210 111
895 1170 984 1210 eius
1022 1169 1138 1210 modi
1168 1169 1258 1210 vita
1293 1168 1414 1209 nervi
1457 1182 1549 1209 esse

212 1230 446 1282 potuerunt
476 1227 663 1268 hominis
701 1227 902 1268 fraternis
934 1228 1130 1282 flagitiis,
1168 1227 1343 1268 sororiis
1376 1226 1550 1280 stupriS,

159 1295 197 1325 17
212 1286 330 1328 omni
361 1286 555 1326 inaudita
590 1285 766 1327 libidine
799 1284 1093 1340 exsanguis?)3
1131 1286 1204 1326 sed
1234 1285 1318 1326 fuit
1353 1284 1548 1338 profecto
1569 1298 1603 1322 20

169 2020 194 2060 8

159 2078 200 2109 18

215 1344 423 1398 quaedam
454 1344 530 1384 illa
560 1344 622 1384 rei
652 1344 847 1397 publicae
878 1344 1054 1385 fortuna
1083 1343 1247 1397 fatalis,
1278 1346 1327 1384 ut
1357 1343 1429 1384 ille
1461 1357 1550 1384 cae-

215 1417 288 1444 cus
327 1405 455 1456 atque
494 1416 638 1443 amens
676 1402 874 1443 tribunus
910 1403 967 1456 pl.
1003 1402 1322 1443 nancisceretur
1357 1425 1404 1430 —
1448 1401 1550 1455 quid

214 1461 382 1502 dicam?
427 1460 651 1502 consules?
711 1460 876 1501 Hocine
920 1464 969 1501 ut
1007 1474 1086 1515 ego
1123 1460 1294 1502 nomine
1339 1460 1551 1514 appellem

214 1533 431 1560 eversores
462 1519 589 1559 huius
620 1518 810 1583 imperii,
841 1519 1082 1572 proditores
1113 1522 1279 1560 vestrae
1312 1518 1550 1573 dignitatis,

214 1577 361 1618 hostes
393 1578 604 1618 bonorum
636 1577 844 1631 omnium,
885 1578 958 1630 qui
990 1578 1042 1618 ad
1080 1577 1303 1618 delendum
1342 1579 1549 1630 senatum,
1569 1588 1603 1614 25

215 1635 502 1690 adfligendum
546 1638 788 1688 equestrem
826 1635 1034 1690 ordinem,
1079 1635 1367 1690 extinguenda
1408 1635 1551 1676 omnia

215 1694 308 1734 iura
334 1696 461 1747 atque
492 1693 697 1734 mstituta
722 1694 933 1735 maiorum
965 1709 1009 1736 se
1041 1694 1127 1735 illis
1159 1693 1347 1735 fascibus
1381 1693 1550 1735 ceteris-

215 1766 295 1806 que
327 1752 568 1807 insignibus
607 1753 763 1793 summi
793 1752 967 1794 honoris
1007 1755 1135 1806 atque
1166 1752 1336 1806 imperii
1375 1753 1549 1803 ornatos

214 1825 305 1852 esse
345 1811 695 1852 arbitrabantur?
758 1810 966 1865 Quorum,
1007 1826 1082 1866 per
1121 1811 1221 1852 deos
1265 1809 1549 1851 immortales!

214 1869 250 1909 si
298 1869 488 1910 nondum
538 1869 698 1910 scelera
742 1870 1002 1923 vulneraque
1051 1870 1196 1910 inusta
1245 1869 1306 1909 rei
1352 1867 1550 1933 publicae
1569 1880 1604 1905 30

213 1927 344 1968 vultis
389 1927 620 1981 recordari,
664 1928 833 1968 vultum
870 1931 998 1982 atque
1038 1928 1252 1969 incessum
1293 1926 1446 1967 animis
1490 1926 1551 1967 in-

214 1985 416 2039 tuemini,
467 1985 635 2027 facilius
692 2000 839 2027 eorum
893 1986 1008 2028 facta
1064 1987 1287 2028 occurrent
1335 1984 1550 2025 mentibus

215 2043 387 2096 vestris,
431 2044 467 2085 si
509 2058 584 2085 ora
620 2044 714 2098 ipsa
758 2044 891 2085 oculis
928 2044 1252 2099 proposueritis.
1311 2042 1436 2084 Alter
1477 2057 1552 2082 un-

216 2101 386 2155 guentis
425 2101 621 2156 affluens,
670 2102 964 2143 calamistrata
1001 2117 1138 2157 coma,
1181 2100 1417 2155 despiciens
1455 2114 1550 2141 con-

215 2158 327 2199 scios
365 2162 613 2213 stuprorum
649 2175 697 2202 ac
728 2163 893 2201 veteres
926 2164 1148 2203 vexatores
1187 2159 1399 2201 aetatulae
1437 2172 1549 2212 suae,
1569 2169 1603 2196 35

214 2216 376 2270 puteali
420 2220 462 2258 et
493 2218 811 2259 faeneratorum
854 2219 1057 2274 gregibus
1089 2218 1284 2271 inflatus,
1327 2231 1352 2257 a
1395 2216 1550 2270 quibus

217 2275 444 2329 conpulsus
478 2276 599 2329 olim,
635 2291 688 2317 ne
720 2277 765 2317 in
797 2275 991 2325 Scyllaeo
1029 2278 1105 2318 illo
1138 2276 1248 2317 aeris
1280 2275 1408 2316 alieni
1445 2277 1552 2316 tam-
