1671 2543
572 92 671 129 CAP.
699 97 839 128 32—34
865 97 884 136 ς’
911 96 1060 128 78—85.
1391 92 1478 134 403

132 203 294 245 damini
325 202 415 244 eius
446 216 581 256 usque
613 201 667 243 ad
692 200 793 242 Idus
827 200 1007 242 Martias
1034 200 1314 242 consulatum.
1374 200 1478 249 Quis

133 276 337 316 umquam
369 260 589 316 adparitor
620 263 711 301 tam
739 259 926 313 humilis,
959 262 1049 300 tam
1075 259 1298 301 abiectus?
1355 258 1478 300 Nihil

133 322 225 376 ipse
262 323 452 375 poterat,
491 319 635 361 omnia
669 319 864 374 rogabat,
899 321 1027 372 caput
1058 318 1103 359 in
1135 332 1329 360 aversam
1361 318 1478 359 lecti-

134 394 228 422 cam
260 380 451 421 inserens
483 378 702 431 beneficia,
737 392 844 432 quae
877 377 1089 430 venderet,
1121 391 1146 418 a
1172 377 1338 432 collega
1363 380 1476 431 pete-

99 450 115 477 5
134 440 220 480 bat.
298 437 411 479 Ecce
466 436 718 479 Dolabellae
776 436 1050 478 comitiorum
1104 435 1210 477 dies!
1293 434 1476 477 Sortitio
1491 434 1548 476 33

133 496 479 553 praerogativae3
516 496 710 550 quiescit.
779 494 1087 548 Renuntiatur3
1131 497 1257 536 tacet.
1331 493 1479 535 Prima

134 555 284 598 9193313
298 558 488 609 vocatur,
502 554 795 608 remmtiatur3
814 553 975 607 deinde,
995 554 1058 594 ita
1072 555 1121 594 ut
1135 553 1312 607 adsolet,
1332 552 1478 594 suffra-

134 615 224 671 gia3
242 617 337 656 tum
356 613 540 656 secunda
560 613 709 655 9193313
730 615 926 666 vocatur3
947 626 1053 666 quae
1076 612 1219 653 omnia
1233 614 1335 652 sunt
1350 611 1477 653 citius

133 673 267 727 facta,
305 687 434 728 quam
464 672 563 714 dixi.
626 670 832 714 Confecto
863 670 1039 726 negotio
1071 670 1210 712 bonus
1243 683 1380 725 augur
1412 668 1476 725 (C.
1492 678 1536 709 83

85 746 116 769 ιο
134 732 331 774 Laelium
369 731 548 785 diceres)
585 730 719 772 ‘ALIO
758 728 852 771 DIE'
890 729 1042 783 inquit.
1107 728 1141 770 O
1181 728 1479 782 inpudentiam

136 791 415 846 singularem!
468 789 580 839 Quid
593 789 773 843 videras,
793 788 895 843 quid
910 802 1114 839 senseras,
1136 787 1238 841 quid
1253 786 1478 828 audieras?

136 849 285 904 Neque
330 849 444 891 enim
487 851 530 890 19
574 848 625 889 (19
666 847 784 890 99910
823 860 1014 888 servasse
1053 846 1201 887 dixisti
1237 860 1315 886 nec
1352 845 1480 887 hodie

137 908 254 950 dicis.
309 907 360 949 Id
384 907 521 963 igitur
547 906 724 948 obvenit
749 905 915 959 vitium,
949 905 1062 959 quod
1088 908 1136 945 tu
1161 905 1248 945 iam
1273 903 1479 945 Kalendis

136 967 349 1009 Ianuariis
379 965 576 1007 futurum
607 979 699 1007 esse
731 964 979 1019 provideras
1012 966 1055 1005 et
1087 966 1209 1004 tanto
1237 965 1336 1003 ante
1362 976 1480 1016 prae-

88 1037 118 1063 15
137 1026 316 1067 dixeras.
382 1024 501 1080 Ergo
537 1024 711 1066 hercule
749 1036 923 1078 magna,
959 1024 1009 1063 ut
1047 1036 1190 1076 spero,
1228 1024 1303 1062 tua
1333 1021 1479 1075 potius

138 1099 266 1139 quam
303 1084 365 1124 rei
402 1083 599 1138 publicae
638 1081 884 1124 calamitate
925 1080 1157 1122 ementitus
1195 1093 1239 1121 es
1276 1079 1480 1133 auspicia,

138 1142 412 1185 obstrinxisti
431 1141 638 1196 religione
657 1140 866 1195 populum
886 1139 1140 1192 Romanum,
1162 1152 1299 1194 augur
1315 1137 1481 1192 auguri,

138 1202 287 1244 consul
314 1200 479 1243 consuli
506 1199 786 1242 obnuntiasti.
842 1197 957 1240 Nolo
983 1198 1120 1252 plura,
1151 1212 1204 1238 ne
1231 1200 1328 1238 acta
1352 1195 1481 1237 Dola-

138 1260 276 1302 bellae
314 1259 459 1301 videar
496 1258 751 1311 convellere,
796 1271 903 1312 quae
940 1270 1114 1298 necesse
1153 1258 1218 1297 est
1251 1255 1479 1309 aliquando

87 1331 120 1355 2⁰
139 1320 192 1361 ad
226 1321 423 1360 nostrum
462 1317 693 1372 collegium
731 1315 987 1357 deferantur.
1057 1313 1140 1356 Sed
1178 1314 1478 1369 adrogantiam
1494 1323 1539 1354 84

138 1377 326 1419 hominis
352 1376 712 1429 insolentiamque
739 1374 998 1430 cognoscite.
1050 1372 1265 1422 Quamdiu
1284 1375 1332 1414 tu
1351 1372 1482 1423 voles,

121 1436 322 1480 ,vitiosus
361 1435 509 1477 consul
545 1434 791 1487 Dolabella3
835 1447 1000 1487 rursus,
1044 1446 1140 1474 cum
1177 1431 1314 1485 voles,
1353 1431 1482 1471 salvis

143 1493 343 1547 auspiciis
376 1496 555 1535 creatus.
618 1491 664 1534 Si
694 1492 804 1533 nihil
836 1494 920 1546 est,
957 1505 1054 1533 cum
1087 1504 1224 1545 augur
1254 1489 1308 1530 iis
1341 1489 1482 1530 verbis

141 1552 330 1604 nuntiat,
369 1552 522 1605 quibus
554 1554 602 1592 tu
632 1551 863 1604 nuntiasti,
895 1550 1098 1591 confitere
1130 1551 1185 1602 te,
1219 1562 1316 1589 cum
1347 1547 1482 1588 ‘Amo

90 1623 122 1647 25
143 1609 236 1651 DIE’
270 1609 438 1662 dixeris,
471 1609 663 1650 sobrium
693 1623 780 1650 non
810 1608 962 1661 fuisse3
993 1607 1061 1648 sin
1086 1609 1152 1647 est
1179 1606 1324 1659 aliqua
1348 1605 1412 1646 vis
1439 1606 1482 1646 in

142 1669 240 1710 istis
272 1667 427 1720 verbis,
460 1681 509 1708 ea
541 1681 648 1721 quae
680 1667 749 1719 sit,
782 1680 918 1721 augur
950 1680 975 1706 a
1007 1665 1172 1719 collega
1202 1664 1386 1717 requiro.

234 1724 317 1768 Sed
341 1740 394 1767 ne
419 1725 531 1766 forte
557 1739 609 1766 ex
634 1725 782 1765 multis
809 1724 935 1765 rebus
963 1722 1097 1777 gestis
1117 1721 1174 1762 M.
1195 1721 1360 1762 Antoni
1386 1735 1476 1762 rem
1493 1720 1584 1776 (34)

144 1799 274 1827 unam
310 1783 644 1837 pulcherrimam
683 1785 900 1823 transniat
939 1780 1096 1834 oratio,
1141 1780 1193 1821 ad
1230 1779 1484 1833 Lupercalia

145 1843 377 1885 veniamus.
438 1840 539 1883 Non
566 1841 822 1893 dissimulat,
852 1842 997 1893 patres
1025 1838 1275 1892 conscripti3
1308 1838 1484 1891 adparet
1500 1838 1555 1877 34

93 1914 126 1939 30
146 1916 238 1944 esse
277 1903 558 1953 commotum,
602 1899 739 1951 sudat,
776 1898 920 1952 pallet.
991 1896 1228 1950 Quidlibet,
1267 1896 1393 1937 modo
1432 1910 1484 1937 ne

145 1962 334 2012 nauseet,
365 1959 513 2010 faciat,
547 1958 660 2011 quod
691 1958 735 1998 in
767 1957 937 2010 porticu
968 1955 1157 1996 Minucia
1188 1954 1302 1996 fecit.
1367 1953 1483 2002 Quae

145 2020 291 2074 potest
315 2031 407 2058 9339
433 2015 713 2070 turpitudinis
734 2018 879 2056 tantae
901 2013 1120 2055 defensio?
1170 2011 1306 2066 Cupio
1329 2012 1485 2065 audire,

147 2080 196 2119 ut
226 2077 411 2129 videam,
448 2075 523 2116 ubi
554 2074 741 2115 rhetoris
775 2074 832 2114 sit
864 2076 986 2114 tanta
1018 2085 1180 2113 merces
1218 2071 1278 2122 [id
1311 2074 1378 2112 est
1410 2071 1483 2111 ubi

148 2149 323 2189 campus
342 2133 580 2175 Leontinus
601 2133 837 2186 appareat}
871 2130 1054 2173 Sedebat
1073 2130 1118 2170 in
1137 2129 1291 2171 rostris
1307 2129 1485 2183 conlega
1500 2142 1543 2173 35

96 2207 128 2231 35
148 2198 248 2236 111113
280 2193 462 2234 amictus
495 2194 600 2246 toga
630 2204 845 2244 purpurea
875 2189 920 2230 in
953 2188 1058 2230 sella
1090 2202 1218 2229 aurea
1243 2191 1485 2229 coronatus.

148 2252 366 2305 Escendis,
398 2250 563 2292 accedis
596 2249 648 2290 ad
681 2248 842 2301 sellam,
874 2246 955 2302 (ita
981 2261 1073 2288 eras
1100 2246 1330 2300 LuperCUS,
1361 2249 1410 2287 ut
1441 2249 1484 2287 te

150 2311 369 2352 consulem
407 2323 497 2350 esse
536 2307 781 2349 meminisse
813 2306 1008 2360 deberes)
1054 2305 1249 2346 diadema
1281 2304 1482 2347 ostendis.

1202 2372 1273 2407 26*
