1671 2543
199 69 284 112 262
442 69 536 104 PRO
565 68 603 105 C.
631 67 827 104 RABIRIO
852 67 1078 104 POSTUMO
1104 67 1294 104 ORATIO.

198 177 370 233 quidem
408 177 625 230 omnibus,
663 177 755 230 sed,
793 177 831 218 si
867 190 969 218 usus
1003 176 1211 231 magister
1241 178 1307 217 est
1338 174 1541 229 optimus,

197 236 303 278 mihi
336 236 463 277 debet
489 250 580 277 esse
606 235 845 277 notissima.
896 235 1106 277 Accusavi
1132 235 1182 276 de
1208 234 1400 289 pecuniis
1425 247 1541 288 repe-

197 295 356 350 tundis,
387 295 512 336 iudex
544 294 645 349 sedi,
676 297 851 348 praetor
882 294 1085 348 quaesivi,
1117 293 1285 335 defendi
1312 291 1541 348 plurimos;

196 354 316 395 nulla
352 369 469 408 pars,
507 355 613 407 quae
649 353 839 408 aliquam
869 352 1122 394 facultatem
1153 351 1342 394 discendi
1374 350 1540 393 adferre

197 415 356 467 posset,
385 426 466 454 non
492 426 586 453 mea
611 411 706 452 fuit.
755 411 824 452 Ita
849 411 1073 466 contendo,
1096 411 1310 452 neminem
1335 424 1541 465 umquam
1578 426 1594 453 ⁵
1650 418 1653 421 '

199 471 314 520 ‘Quo
353 483 412 512 EA
449 482 651 512 PECUNIA
682 469 1005 512 PERVENISSET'
1046 485 1218 512 causam
1256 469 1430 522 dixisse,
1469 469 1542 524 qui

198 530 244 571 in
276 530 555 571 aestimandis
583 529 734 571 litibus
761 529 1002 584 appellatus
1027 543 1115 570 non
1141 531 1264 570 esset.
1314 527 1367 569 In
1390 527 1541 569 litibus

200 591 343 630 autem
381 603 506 630 nemo
545 588 844 643 appellabatur
879 588 964 629 nisi
1002 602 1052 629 ex
1090 589 1268 629 testium
1305 586 1430 628 dictis
1466 588 1542 627 aut

144 648 361 689 lotabulis
398 647 668 702 privatorum
705 649 780 688 aut
817 647 1058 688 rationibus
1091 647 1327 688 civitatum.
1387 644 1541 700 Itaque

199 707 243 747 'm
274 706 506 748 inferendis
538 707 688 747 litibus
718 706 863 747 adesse
880 706 1099 760 solebant,
1131 706 1205 759 qui
1231 704 1394 759 aliquid
1419 704 1469 745 de
1495 717 1539 745 se
1562 720 1595 745 ιο

199 766 468 818 verebantur,
495 767 550 819 et,
576 780 672 807 cum
694 767 816 806 erant
835 764 1053 819 appellati,
1079 764 1115 805 si
1135 764 1372 817 videbatur,
1393 763 1543 804 statim

200 827 350 865 contra
393 824 532 865 dicere
577 824 791 878 solebant3
835 824 902 864 sin
944 823 1035 864 eius
1079 823 1287 877 temporis
1328 823 1544 863 recentem

201 883 405 923 invidiam
448 883 779 937 pertimuerant,
826 881 1142 936 respondebant
1184 884 1345 936 postea.
1419 879 1543 929 Quod

160 942 299 983 5011111
343 941 567 995 fecissent,
610 941 814 996 permulti
859 955 984 995 saepe
1027 941 1232 982 vicerunt.
1305 939 1400 981 Hoc
1442 952 1542 980 vero

199 1015 360 1041 novum
404 1002 447 1041 et
491 1003 588 1042 ante
632 1000 714 1042 hoc
758 1002 928 1054 tempus
974 1000 1147 1041 omnino
1184 998 1436 1040 inauditum.
1491 996 1544 1038 In
1564 1013 1597 1038 15

200 1059 352 1100 litibus
378 1058 577 1100 Postumi
608 1073 765 1100 nomen
795 1062 861 1100 est
891 1072 1115 1112 nusquam.
1165 1056 1217 1099 In
1248 1057 1398 1098 litibus
1430 1056 1542 1110 di003

202 1117 328 1159 modo
361 1132 437 1158 vos
468 1118 582 1158 idem
613 1118 659 1158 111
687 1118 736 1159 A.
765 1116 996 1159 Gabinium
1027 1117 1188 1158 iudices
1221 1115 1410 1169 sedistis;
1440 1128 1544 1156 num

203 1176 297 1231 quis
329 1176 455 1217 testis
487 1176 744 1217 Postumum
777 1175 1037 1231 appellavit?
1076 1175 1202 1216 testis
1234 1174 1407 1216 autem?
1441 1187 1545 1214 num

204 1235 456 1276 accusator?
493 1250 596 1275 num
634 1235 814 1288 denique
851 1236 945 1275 toto
978 1234 1053 1275 illo
1085 1234 1130 1274 in
1159 1233 1316 1274 iudicio
1347 1231 1543 1273 Postumi

148 1300 360 1334 11110111011
392 1293 602 1334 audistis?
663 1292 763 1334 Non
794 1292 928 1347 igitur
960 1306 1056 1333 reus
1090 1306 1141 1333 ex
1173 1306 1222 1332 ea
1253 1305 1397 1345 causa,
1436 1303 1543 1344 quae
1564 1305 1598 1330 20

204 1351 392 1392 iudicata
417 1354 494 1405 est,
521 1351 729 1392 redundat
750 1350 996 1404 Postumus,
1023 1350 1095 1391 sed
1123 1353 1188 1391 est
1215 1352 1409 1404 arreptus
1435 1362 1544 1389 unus

205 1424 333 1463 eques
366 1409 586 1451 Romanus
624 1410 674 1451 de
706 1409 897 1463 pecuniis
929 1408 1175 1463 repetundis
1208 1422 1316 1449 reus.
1379 1406 1545 1456 Quibus

204 1468 393 1509 tabulis?
433 1468 550 1516 Quae
576 1469 621 1508 111
646 1468 802 1509 iudicio
829 1469 878 1509 A.
907 1466 1065 1508 Gabini
1090 1467 1295 1508 recitatae
1321 1481 1408 1508 11011
1433 1468 1546 1508 sunt.

207 1526 300 1575 Quo
332 1527 472 1568 teste?
522 1527 561 1568 A
592 1541 675 1580 quo
702 1529 794 1568 tum
820 1526 1060 1581 appellatus
1085 1540 1298 1580 nusquam
1323 1528 1400 1566 est.
1452 1523 1563 1574 Qua-

206 1585 506 1626 aestimatione
545 1585 716 1626 litium?
783 1584 836 1626 In
873 1599 958 1639 qua
995 1584 1193 1626 Postumi
1231 1583 1392 1626 mentio
1430 1582 1546 1625 facta
1565 1596 1600 1624 2⁵

205 1644 324 1685 nulla
355 1647 432 1685 est.
495 1644 589 1693 Qua
619 1644 744 1699 lege?
807 1643 901 1693 Qua
930 1658 1016 1685 non
1047 1646 1230 1684 tenetur.

294 1702 378 1744 Hic
415 1703 518 1757 iam,
559 1703 737 1756 iudices,
774 1703 906 1744 vestri
945 1702 1114 1744 consilii
1152 1716 1219 1743 res
1257 1703 1340 1755 est,
1377 1701 1546 1741 vestrae

206 1761 460 1816 sapientiae,
492 1762 592 1816 quid
622 1762 769 1803 deceat
792 1776 881 1815 vos,
911 1776 998 1802 non
1025 1763 1232 1815 quantum
1257 1760 1386 1801 liceat
1411 1758 1548 1812 vobis,

207 1823 400 1874 spectare
420 1821 596 1862 debetis.
629 1820 673 1861 Si
694 1820 818 1874 enim,
846 1820 945 1874 quid
967 1819 1105 1873 liceat,
1126 1818 1344 1873 quaeritis,
1363 1816 1546 1872 potestis

207 1879 358 1920 tollere
391 1894 412 1920 e
445 1879 637 1931 civitate,
676 1894 802 1932 quem
833 1878 983 1932 vultis,
1020 1877 1180 1919 tabella
1211 1880 1295 1930 est,
1334 1890 1441 1930 quae
1473 1874 1599 1916 datso

206 1939 488 1991 potestatem,
521 1938 708 1979 occultat
741 1937 888 1978 eadem
919 1936 1158 1989 libidinem,
1188 1936 1306 1977 cuius
1334 1933 1548 1976 conscien-

207 1995 314 2036 tiam
333 1996 441 2036 nihil
463 1999 529 2037 est
550 1997 662 2050 quod
683 1996 911 2050 quisquam
930 1995 1094 2049 timeat,
1115 1995 1151 2035 si
1169 2009 1257 2035 non
1270 1992 1547 2048 pertimescat

151 2061 192 2091 12
210 2068 342 2095 suam.
404 2054 491 2096 Ubi
530 2058 597 2095 est
628 2054 764 2109 igitur
796 2054 1006 2108 sapientia
1037 2053 1219 2094 iudicis?
1280 2051 1332 2092 In
1361 2050 1461 2102 1100,
1497 2050 1547 2088 ut

207 2127 293 2153 11011
325 2113 482 2167 solum,
515 2113 617 2166 quid
649 2112 805 2167 possit,
837 2112 910 2153 sed
943 2112 1085 2165 etiam,
1118 2110 1220 2165 quid
1251 2109 1412 2160 debeat,
1443 2120 1547 2160 pon-

207 2171 326 2212 deret
356 2186 445 2225 nec,
478 2174 686 2226 quantum
719 2171 802 2212 sibi
826 2171 1096 2225 permissum,
1128 2165 1370 2210 meminerit
1395 2164 1547 2219 solum,
1567 2180 1601 2206 35

209 2229 281 2269 sed
307 2229 450 2282 etiam,
477 2233 687 2283 quatenus
716 2225 994 2271 commissum
1020 2228 1089 2269 sit.
1126 2225 1266 2268 Datur
1285 2223 1367 2264 tibi
1387 2223 1549 2265 tabella

208 2286 348 2327 iudici.
400 2287 494 2336 Qua
526 2288 649 2342 lege?
700 2287 811 2328 Iulia
843 2287 892 2328 de
923 2285 1114 2341 pecuniis
1143 2281 1402 2337 repetundis.
1452 2281 1547 2331 Quo
