1671 2543
161 68 248 110 376
345 67 399 103 IN
423 68 473 104 M.
499 67 758 103 ANTONIUM
784 67 965 103 ORATIO
992 67 1261 104 PHILIPPICA
1286 69 1332 104 11.

161 177 326 219 tribum
365 177 456 218 sine
489 175 675 218 Curione
711 176 822 217 ferre
854 176 1104 230 potuisses?
1145 177 1265 218 cuius
1299 177 1431 218 etiam
1457 177 1516 219 fa-

162 235 353 277 miliares
380 236 430 277 de
457 236 499 276 vi
526 235 799 276 condemnati
820 237 932 285 sunt,
961 235 1074 289 quod
1096 235 1160 277 tui
1180 235 1309 277 nimis
1330 235 1514 278 studiosi

120 277 359 336 3fuissent.
422 294 484 335 At
514 293 722 335 beneficio
756 308 851 335 sum
882 296 958 335 tuo
991 308 1105 335 usus.
1168 294 1292 343 Quo?
1352 293 1514 344 Quam·

126 336 294 408 5quam
331 353 437 394 illud
478 352 638 407 ipsum,
684 353 798 406 quod
837 367 1166 407 commemoras,
1206 367 1377 408 semper
1407 367 1511 408 prae

162 427 230 453 me
256 412 356 466 tuli3
385 411 519 452 malui
546 426 613 452 me
640 411 722 453 tibi
749 411 902 453 debere
930 412 1127 453 confiteri
1154 426 1284 466 quam
1310 412 1511 466 cuiquam
1548 423 1566 450 5

162 471 304 512 minus
331 470 534 525 prudenti
560 485 647 511 non
673 469 779 511 satis
807 473 956 526 gratus
984 471 1129 511 videri.
1170 469 1252 512 Sed
1279 485 1363 525 quo
1390 471 1515 513 bene·

161 530 291 571 ficio‘?
332 529 444 583 quod
482 543 549 570 me
582 528 787 570 Brundisi
823 544 911 570 non
950 529 1187 570 occideris?
1251 529 1388 578 Quem
1421 529 1514 585 ipse

162 589 313 642 victor,
349 588 423 642 qui
457 588 550 642 tibi,
581 590 631 628 ut
663 590 756 628 tute
789 587 969 643 gloriari
1001 588 1184 642 solebas,
1216 588 1431 629 detulerat
1463 602 1514 630 ex

161 647 407 688 latronibus
440 646 530 688 suis
562 646 865 701 principatum,
898 647 1065 688 salvum
1097 661 1189 688 esse
1217 647 1438 701 voluisset,
1469 647 1515 689 in

162 705 338 747 Italiam
368 706 430 747 ire
456 705 667 759 iussisset,
700 720 798 746 eum
824 708 876 760 tu⁴
898 705 1143 747 occideres?
1193 705 1279 747 Fac
1304 706 1510 760 potuisse.
1534 718 1568 744 ιο

164 764 288 814 Quod
316 767 382 805 est
409 764 537 813 aliud,
566 767 712 818 patres
741 764 987 819 conscripti,
1008 764 1263 806 beneficium
1283 764 1515 818 latronum,

161 823 247 864 nisi
273 826 323 864 ut
349 837 686 864 commemorare
712 823 883 877 possint
907 823 961 864 iis
989 837 1033 864 se
1059 823 1224 865 dedisse
1252 823 1399 877 vitam,
1426 823 1515 878 qui-

162 882 244 923 bus
276 896 365 923 non
397 881 668 923 ademerint?
727 882 851 931 Quod
885 881 921 922 si
956 884 1070 923 esset
1097 881 1364 935 beneficium,
1395 895 1515 923 num-

164 955 305 995 quam,
339 940 412 995 qui
443 940 567 981 illum
594 939 916 991 interfecerunt,
947 955 972 981 a
998 955 1082 994 quo
1111 943 1234 982 erant
1260 940 1515 993 conservati,

163 1014 271 1053 quos
299 1002 348 1040 tu
368 999 632 1040 clarissimos
653 999 768 1040 viros
791 1000 903 1041 soles
924 999 1154 1053 appellare,
1181 1002 1350 1040 tantam
1370 1001 1514 1041 essent
1536 1010 1568 1037 15

162 1058 348 1113 gloriam
381 1057 613 1099 consecuti.
666 1057 800 1107 Quale
834 1060 979 1099 autem
1006 1058 1262 1100 beneficium
1289 1061 1367 1112 est,
1400 1057 1514 1112 quod

162 1119 206 1157 te
246 1116 507 1157 abstinueris
545 1116 710 1158 nefario
751 1117 941 1158 scelere?
1002 1115 1096 1165 Qua
1134 1117 1178 1157 in
1218 1131 1262 1158 re
1300 1131 1387 1158 non
1423 1119 1515 1158 tam

161 1174 396 1216 iucundum
430 1175 535 1216 mihi
568 1175 703 1216 videri
735 1175 884 1216 debuit
915 1190 1002 1216 non
1030 1174 1308 1217 interfectum
1334 1189 1396 1216 me
1421 1189 1446 1216 a
1470 1178 1513 1216 te

127 1248 294 1287 equam
327 1234 533 1274 miserum
566 1237 609 1274 te
641 1234 684 1274 id
716 1234 874 1287 inpune
906 1233 1047 1275 facere
1078 1234 1285 1288 potuisse.
1341 1232 1423 1275 Sed
1456 1233 1514 1274 sit

163 1291 434 1344 beneficium,
467 1292 813 1345 quandoquidem
845 1292 983 1333 maius
1017 1292 1152 1346 accipi
1179 1306 1204 1332 a
1229 1292 1395 1333 latrone
1421 1292 1512 1333 nul·
1533 1305 1568 1330 20

162 1350 254 1390 lum
291 1349 455 1403 potuit3
492 1349 537 1390 in
576 1364 660 1403 quo
698 1353 823 1403 potes
858 1365 925 1391 me
959 1350 1097 1392 dicere
1130 1349 1382 1404 ingratum?
1444 1351 1513 1392 An

163 1408 214 1449 de
246 1407 427 1448 interitu
459 1408 521 1448 rei
554 1407 749 1459 publicae
782 1409 903 1462 queri
934 1422 1021 1449 non
1053 1409 1193 1462 debui,
1224 1424 1275 1449 ne
1308 1409 1352 1450 in
1384 1411 1427 1450 te
1453 1409 1514 1450 in-

163 1469 315 1521 gratus
357 1466 554 1507 viderer?
621 1466 683 1507 At
722 1467 767 1507 in
804 1467 880 1507 illa
919 1467 1109 1521 querella
1146 1467 1303 1508 misera
1341 1467 1515 1521 quidem

164 1527 208 1566 et
240 1525 450 1577 luctuosa,
484 1525 558 1566 sed
588 1525 694 1566 mihi
719 1540 797 1579 pro
823 1525 905 1567 hoc
933 1525 1080 1581 gradu,
1114 1525 1158 1567 in
1191 1540 1275 1580 quo
1302 1541 1370 1567 me
1396 1540 1514 1568 sena-

164 1586 235 1624 tus
274 1583 546 1637 populusque
584 1583 805 1625 Romanus
845 1584 1091 1638 collocavit,
1129 1585 1373 1626 necessaria
1411 1584 1512 1639 quid
1532 1597 1566 1623 2⁵

165 1645 231 1683 est
263 1642 428 1684 dictum
462 1657 486 1683 a
516 1657 583 1684 me
611 1657 708 1684 cum
735 1643 1008 1696 contumelia,
1042 1643 1144 1697 quid
1169 1658 1256 1685 non
1282 1643 1515 1698 moderate,

164 1700 267 1754 quid
310 1715 398 1742 non
437 1701 602 1742 amice?
670 1699 792 1749 Quod
831 1701 1004 1755 quidem
1043 1701 1163 1743 cuius
1202 1702 1514 1756 temperantiae

163 1759 265 1813 fuit,
304 1760 353 1800 de
386 1759 443 1800 M.
477 1759 669 1801 Antonio
711 1763 962 1814 querentem
1001 1760 1217 1801 abstinere
1253 1760 1512 1802 maledictis!

162 1818 423 1872 praesertim
456 1833 553 1859 cum
586 1821 633 1859 tu
660 1818 863 1872 reliquias
890 1819 951 1860 rei
977 1819 1174 1873 publicae
1202 1818 1514 1873 dissipavisses,

165 1891 261 1918 cum
300 1877 415 1918 domi
452 1880 550 1918 tuae
583 1877 836 1931 turpissimo
869 1880 1062 1918 mercatu
1095 1876 1239 1918 omnia
1271 1880 1416 1918 essent
1447 1892 1513 1919 ve·
1533 1890 1568 1915 ao

164 1936 297 1988 nalia,
342 1950 438 1976 cum
482 1936 601 1990 leges
646 1950 735 1989 eas,
780 1950 887 1990 quae
931 1950 1168 1989 numquam
1212 1936 1513 1992 promulgatae

164 1996 326 2047 essent,
371 1996 414 2035 et
452 1993 502 2035 de
541 1997 585 2035 te
623 1997 667 2035 et
704 2009 730 2034 a
767 1996 810 2035 te
850 1994 961 2035 latas
1000 1994 1270 2047 confiterere,
1309 2008 1406 2036 cum
1445 2009 1514 2035 au-

165 2052 301 2105 spicia
338 2066 494 2107 augur,
532 2052 887 2094 intercessionem
926 2052 1075 2094 consul
1108 2053 1378 2107 sustulisses,
1416 2066 1513 2094 cum

166 2124 280 2151 esses
313 2110 561 2152 foedissime
596 2111 782 2165 stipatus
817 2111 1008 2164 armatis,
1042 2125 1139 2152 cum
1172 2111 1312 2152 omnis
1338 2110 1513 2164 impuri-

164 2170 278 2209 tates
311 2169 514 2222 inpudica
546 2169 592 2210 in
617 2169 744 2211 domo
772 2169 928 2211 cotidie
956 2169 1196 2223 susciperes
1221 2169 1320 2211 vino
1347 2169 1513 2210 lustris—
1532 2181 1567 2207 85

131 2240 150 2270 7
167 2240 248 2279 que
275 2227 508 2269 confectus.
561 2227 622 2269 At
648 2241 740 2282 ego,
767 2230 990 2282 tamquam
1017 2228 1123 2269 mihi
1150 2242 1246 2269 cum
1272 2226 1328 2268 M.
1356 2225 1512 2269 Crasso

166 2285 387 2326 contentio
427 2288 561 2340 esset,
603 2300 788 2340 quocum
825 2287 987 2327 multae
1026 2289 1069 2327 et
1107 2299 1288 2340 magnae
1326 2284 1513 2340 fuerunt,
