1671 2543
227 107 285 149 34
613 105 706 140 PRO
732 105 770 140 P.
799 104 959 140 SESTIO
987 104 1177 139 ORATIO.

227 214 436 256 desiderio
463 214 546 255 mei
569 227 657 255 non
681 212 958 278 repugnandi,
990 212 1062 253 sed
1087 211 1296 253 moriendi
1322 225 1450 252 causa
1474 226 1563 253 cor-

227 288 309 328 pus
348 273 576 315 obtulisset
614 286 754 317 suum
790 271 874 312 nisi
912 285 1032 312 suam
1068 271 1202 311 vitam
1239 270 1292 310 ad
1329 284 1447 323 spem
1478 270 1562 310 mei

228 332 390 373 reditus
422 333 690 372 1ese1ffvasset
752 329 894 370 Subiit
925 332 1069 370 tamen
1099 329 1185 370 vim
1210 329 1330 369 illam
1354 328 1561 369 nefariam

230 391 615 433 consceleratorum
646 389 864 429 latronum
895 390 954 442 et,
989 403 1084 429 cum
1116 388 1167 428 ad
1197 387 1346 428 fratris
1378 387 1561 428 salutem

231 464 256 490 a
301 449 460 503 populo
504 448 697 489 Romano
747 422 1053 500 deprecandam
1095 446 1299 499 venisset,
1348 445 1496 500 pulsus
1539 456 1596 486 e5

230 507 383 549 rostris
420 507 466 547 in
503 506 678 548 comitio
717 505 850 547 iacuit
887 520 1013 559 seque
1052 519 1272 546 servorum
1309 507 1352 545 et
1388 504 1561 545 liberto-

231 580 326 607 rum
369 565 619 619 corporibus
663 564 829 605 obtexit
871 564 1087 618 vitamque
1131 566 1224 604 tum
1264 577 1385 605 suam
1420 563 1561 604 noctis

232 627 275 665 et
310 623 436 679 fugae
474 622 704 678 praesidio,
740 636 827 663 non
857 622 962 663 iuris
993 622 1330 675 iudiciorumque
1362 621 1561 662 defendit.

174 687 216 717 77
232 682 488 723 Meministis
527 685 636 734 tum,
676 681 853 734 iudices,
892 680 1140 735 corporibus
1180 680 1335 721 civium
1371 679 1561 721 Tiberim

232 741 452 795 compleri,
503 740 669 782 cloacas
718 739 926 793 resarciri,
976 753 997 781 6
1039 738 1133 780 foro
1178 739 1370 793 spongiis
1414 738 1561 793 effingi
1582 750 1616 774 10

232 799 500 854 sanguinem,
543 801 592 839 ut
636 813 781 839 omnes
825 800 992 839 tantam
1031 797 1151 839 illam
1189 798 1356 853 copiam
1393 799 1436 837 et
1472 799 1562 837 tam

232 858 506 913 magnificum
549 860 804 911 apparatum
845 871 932 898 non
971 857 1188 910 privatum
1225 858 1300 896 aut
1336 855 1562 910 plebeium,

233 917 304 958 sed
335 916 564 969 patricium
596 918 639 956 et
670 916 932 970 praetorium
964 929 1054 956 esse
1087 915 1410 956 arbitrarentur.

159 976 217 1018 36
319 973 440 1015 Nihil
470 989 607 1028 neque
640 977 737 1015 ante
768 974 851 1015 hoc
882 977 1050 1028 tempus
1080 986 1218 1027 neque
1249 973 1331 1014 hoc
1356 973 1449 1027 ipso
1475 975 1563 1014 tur-

233 1033 530 1074 bulentissimo
569 1033 635 1074 die
673 1033 958 1074 criminamini
991 1031 1191 1074 Sestium.
1251 1031 1387 1086 Atqui
1423 1031 1488 1073 vis
1517 1031 1563 1072 in
1582 1042 1616 1067 15

232 1091 325 1133 foro
357 1094 527 1133 versata
559 1094 635 1133 est.
697 1090 840 1145 Certe3
873 1092 1039 1144 quando
1072 1091 1186 1132 enim
1213 1090 1379 1131 maior?
1439 1088 1564 1144 Lapi-

232 1150 425 1192 dationes
456 1163 659 1204 persaepe
691 1149 886 1203 vidimus,
916 1164 1002 1190 non
1029 1150 1091 1190 ita
1117 1163 1254 1203 saepe,
1286 1149 1359 1190 sed
1383 1148 1564 1190 nimium

232 1211 377 1250 tamen
426 1223 549 1262 saepe
596 1208 779 1262 gladios,
829 1208 999 1249 caedem
1041 1222 1140 1249 vero
1185 1210 1369 1261 tantam,
1417 1209 1562 1248 tantos

234 1281 406 1308 acervos
449 1280 676 1320 corporum
721 1268 938 1307 extructos
986 1266 1071 1307 nisi
1106 1265 1218 1307 forte
1255 1265 1331 1307 illo
1370 1264 1561 1307 Cinnano

234 1328 360 1379 atque
405 1324 640 1366 Octaviano
691 1325 756 1365 die
813 1325 907 1378 quis
956 1339 1159 1378 umquam
1201 1324 1247 1365 in
1288 1323 1382 1365 foro
1426 1323 1562 1364 vidit?
1583 1336 1617 1360 20

235 1383 328 1432 Qua
365 1397 415 1423 ex
450 1382 735 1424 concitatione
768 1383 1035 1424 animorum?
1103 1382 1216 1423 Nam
1247 1396 1297 1422 ex
1328 1381 1564 1436 pertinacia

233 1444 308 1482 aut
340 1442 582 1483 constantia
609 1441 901 1482 intercessoris
935 1442 1071 1482 oritur
1102 1455 1228 1495 saepe
1259 1440 1413 1482 seditio
1440 1440 1564 1494 culpa

234 1503 361 1553 atque
374 1500 652 1554 improbitate
666 1500 816 1540 latoris
831 1500 1052 1541 commodo
1067 1500 1210 1553 aliquo
1220 1500 1424 1552 proposito
1435 1499 1564 1554 impe-

233 1559 328 1599 ritis
361 1561 434 1599 aut
465 1558 705 1613 largitione,
741 1558 878 1599 oritur
909 1573 959 1599 ex
991 1558 1307 1600 concertatione
1339 1558 1563 1612 magistra-

233 1620 372 1670 tuum,
411 1617 548 1657 oritur
585 1617 742 1658 sensim
781 1631 830 1657 ex
862 1617 1044 1658 clamore
1075 1617 1280 1670 primum,
1311 1616 1459 1658 deinde
1491 1617 1563 1658 ali·
1583 1629 1617 1655 25

234 1690 317 1729 qua
348 1675 603 1716 discessione
636 1675 866 1729 contionis,
899 1675 969 1715 vix
1001 1689 1094 1716 sero
1127 1677 1170 1716 et
1201 1689 1297 1716 raro
1330 1675 1382 1715 ad
1413 1689 1563 1716 manus

232 1733 495 1788 pervenitur3
537 1734 655 1775 nullo
700 1748 799 1775 vero
844 1734 973 1774 verbo
1017 1733 1152 1788 facto,
1200 1734 1320 1774 nulla
1364 1734 1562 1775 contione

234 1792 455 1846 advocata,
491 1792 611 1833 nulla
642 1793 725 1833 lata
755 1792 848 1847 lege
881 1792 1141 1834 concitatam
1171 1795 1427 1834 nocturnam
1459 1792 1564 1833 sedi-

176 1864 220 1895 78
234 1851 395 1891 tionem
439 1851 532 1904 quis
574 1851 767 1891 audivit?
841 1851 910 1891 An
946 1851 1034 1891 veri
1073 1850 1211 1892 simile
1249 1853 1331 1904 est,
1372 1853 1422 1891 ut
1459 1850 1563 1892 civis

234 1909 450 1950 Romanus
495 1911 568 1950 aut
610 1909 738 1950 homo
778 1909 891 1950 'liber
935 1910 1160 1963 quisquam
1204 1923 1299 1950 cum
1339 1908 1481 1963 gladio
1519 1909 1563 1950 in
1582 1921 1618 1947 30

233 1967 374 2008 forum
405 1968 668 2009 descenderit
699 1971 796 2008 ante
828 1968 978 2022 lucem,
1007 1983 1060 2009 ne
1092 1968 1142 2008 de
1173 1982 1240 2008 me
1271 1966 1373 2008 ferri
1401 1970 1563 2021 patere-

234 2028 321 2078 tur,
355 2029 525 2079 praeter
556 2040 640 2080 eos,
671 2026 744 2080 qui
777 2026 829 2067 ab
859 2027 935 2067 illo
966 2026 1170 2080 pestifero
1204 2040 1252 2067 ac
1281 2025 1449 2079 perdito
1482 2026 1562 2067 civi

234 2083 319 2124 iam
354 2084 519 2138 pridem
556 2085 617 2125 rei
654 2085 849 2138 publicae
887 2085 1093 2139 sanguine
1131 2084 1412 2139 saginantur?
1482 2084 1563 2125 Hic

235 2141 320 2181 iam
357 2141 406 2182 de
445 2143 538 2196 ipso
574 2145 820 2184 accusatore
853 2157 1027 2196 quaero,
1067 2143 1139 2196 qui
1170 2142 1215 2183 P.
1249 2140 1435 2183 Sestium
1467 2156 1564 2196 que-

235 2199 344 2239 ritur
381 2214 476 2241 cum
512 2201 786 2241 multitudine
821 2201 866 2241 in
896 2202 1120 2242 tribunatu
1150 2203 1193 2242 et
1225 2215 1320 2241 cum
1350 2201 1562 2254 praesidio
1582 2217 1615 2243 35

235 2270 390 2311 magno
430 2259 579 2312 fuisse,
621 2274 724 2300 num
761 2259 835 2300 illo
874 2259 939 2300 die
976 2259 1118 2300 fuerit.
1184 2257 1309 2300 Certe
1346 2273 1432 2299 non
1468 2259 1562 2301 fuit.

234 2314 365 2356 Victa
389 2315 522 2371 igitur
548 2320 614 2358 est
641 2331 768 2359 causa
792 2317 853 2358 rei
878 2318 1085 2372 publicae,
1111 2319 1154 2358 ct
1178 2317 1293 2358 victa
1315 2331 1402 2358 non
1428 2318 1565 2373 auspi-
