1671 2543
191 80 280 122 392
373 80 426 115 IN
451 80 500 116 M.
527 79 785 115 ANTONIUM
811 78 990 115 ORATIO
1015 77 1287 114 PHILIPPICA
1311 78 1356 114 11.

134 202 178 233 50
193 188 393 244 gratiam.
462 189 677 239 Quaestor
719 203 763 229 es
807 187 966 242 factus3
1009 187 1159 228 deinde
1201 187 1404 229 continuo
1443 187 1535 229 sine

193 250 368 290 senatus
407 248 624 301 consulto,
662 247 753 288 sine
792 249 925 300 sorte,
964 246 1054 287 sine
1092 246 1186 301 lege
1223 246 1275 287 ad
1307 245 1535 288 Caesarem

193 307 434 348 cucurristi.
502 306 551 347 Id
591 306 705 347 enim
742 320 875 347 unum
912 305 956 347 in
993 305 1121 346 terris
1160 305 1386 360 egestatis,
1424 305 1534 346 aeris

194 365 341 420 alieni,
381 366 599 419 nequitiae
637 365 817 420 perditis
857 364 970 405 vitae
1009 363 1251 405 rationibus
1288 363 1534 419 perfugium

194 439 287 466 esse
331 424 528 466 ducebas.
590 423 658 465 Ibi
696 426 739 464 te
777 438 874 466 cum
912 426 956 464 et
991 423 1108 464 illius
1146 422 1453 477 largitionibus
1491 425 1535 464 et
1571 435 1588 461 5

194 483 281 524 tuis
320 483 483 538 rapinis
522 483 800 537 explevisses,
838 482 875 524 si
911 482 994 523 hoc
1032 484 1098 523 est
1131 482 1320 535 explere,
1357 482 1536 535 haurire,

195 542 308 597 quod
342 542 492 583 statim
525 542 727 596 effundas,
763 541 974 583 advolasti
1006 555 1136 595 egens
1169 541 1222 581 ad
1253 540 1536 594 tribunatum,

193 604 244 642 ut
273 601 319 642 in
351 615 399 643 eo
433 601 711 656 magistratu,
746 601 783 642 si
808 614 980 655 xposses,
1011 600 1093 641 viri
1126 599 1190 641 tui
1222 599 1377 641 similis
1409 613 1536 641 esses.

124 665 176 706 21
284 660 482 714 Accipite
519 674 650 714 nunc,
689 673 867 714 quaeso,
902 674 990 701 non
1028 673 1094 713 ea,
1133 673 1241 713 quae
1279 658 1371 713 ipse
1408 658 1454 699 in
1490 672 1535 699 se

195 721 323 773 atque
361 719 407 760 in
444 719 729 761 domesticum
767 719 894 761 decus
925 718 1077 772 inpure
1109 721 1154 759 et
1183 718 1533 772 intemperanter,
1557 729 1590 754 10

195 778 268 818 sed
307 793 414 832 quae
451 778 497 819 in
533 793 613 819 nos
650 777 932 843 fortunasque
969 779 1159 830 nostras,
1197 776 1240 817 id
1274 779 1341 818 est
1371 776 1416 817 111
1447 776 1538 817 11111-

193 851 363 878 versam
401 851 492 878 rem
529 837 766 891 publicam,
803 836 934 890 impie
970 850 1019 877 ae
1049 810 1211 877 nefai·ie
1242 834 1404 877 fecerit.
1465 834 1536 876 Ab

193 895 322 937 huius
350 896 464 937 enim
485 896 643 937 scelere
667 895 853 950 omniun]
877 894 1089 936 malorum
1108 894 1368 949 principium
1386 896 1538 934 natum

137 961 178 991 51
195 954 432 1008 reperietis.
500 954 632 1007 Nam,
671 969 767 996 cum
807 953 854 995 L.
892 953 1076 995 Lentulo
1115 952 1160 995 C.
1198 952 1402 994 Marcello
1441 966 1537 994 con-

195 1014 362 1055 sulibus
383 1013 588 1054 Kalendis
609 1013 822 1054 Ianuariis
847 1013 1065 1054 labentem
1091 1015 1134 1054 et
1159 1025 1292 1066 prope
1314 1011 1537 1053 cadentem
1557 1022 1592 1048 15

195 1087 286 1114 rem
316 1072 536 1127 publicam
566 1072 718 1114 fulcire
751 1072 964 1126 cuperetis
995 1071 1164 1125 ipsique
1197 1069 1241 1113 O.
1275 1069 1465 1123 Caesari,
1501 1070 1538 1111 si

196 1146 301 1172 sana
326 1134 470 1173 mente
497 1134 623 1185 esset,
649 1131 870 1173 consulere
895 1130 1077 1184 velletis,
1103 1133 1197 1171 tum
1214 1129 1298 1170 iste
1317 1128 1538 1170 venditum

196 1193 325 1245 atque
358 1191 676 1245 emancipatum
707 1190 978 1231 tribunatum
1010 1189 1201 1230 consiliis
1228 1188 1383 1230 vestris
1410 1202 1538 1242 oppo-

196 1249 286 1290 suit
329 1250 601 1303 cervicesque
645 1263 743 1290 suas
787 1249 826 1290 ei
867 1247 1052 1289 subiecit
1088 1247 1243 1301 securi,
1288 1261 1373 1300 qua
1410 1245 1536 1287 multi

194 1307 436 1349 minoribus
474 1308 520 1348 in
550 1308 738 1361 peccatis
771 1307 1030 1348 occiderunt.
1091 1305 1143 1346 In
1174 1308 1234 1359 te,
1271 1304 1327 1345 M.
1360 1304 1536 1357 Antoni,
1557 1316 1589 1342 2⁶

193 1366 240 1407 id
271 1366 461 1407 decrevit
493 1369 679 1420 senatus,
711 1368 755 1406 et
787 1365 957 1420 quidem
989 1364 1216 1405 incolumis
1247 1363 1438 1404 nondum
1469 1365 1538 1404 tot

195 1424 432 1465 luminibus
465 1424 677 1478 extinctis,
714 1424 827 1478 quod
857 1424 903 1464 in
932 1423 1103 1463 hostem
1135 1425 1335 1477 togatum
1368 1421 1538 1463 decerni

196 1486 264 1524 est
302 1483 480 1524 solitum
515 1497 633 1524 more
665 1483 890 1524 maiorum.
950 1481 1009 1522 Et
1040 1484 1088 1522 tu
1120 1481 1232 1535 apud
1263 1483 1410 1535 patres
1443 1494 1538 1522 con-

196 1542 382 1596 scriptos
410 1544 561 1583 contra
586 1556 654 1583 me
680 1542 818 1583 dicere
845 1554 973 1582 ausus
1000 1555 1057 1594 es,
1083 1555 1180 1581 cum
1207 1539 1260 1581 ab
1286 1539 1368 1581 hoc
1389 1539 1536 1581 ordine

197 1614 279 1656 ego
311 1603 588 1642 conservator
619 1615 775 1653 essem,
809 1602 858 1641 tu
888 1599 1028 1640 hostis
1060 1599 1122 1640 rei
1153 1598 1351 1653 publicae
1382 1598 1538 1639 iudica·
1557 1610 1592 1636 25

196 1659 297 1701 tus'?
348 1658 711 1701 Commemoratio
743 1659 861 1700 illius
893 1658 957 1699 tui
990 1658 1162 1700 sceleris
1188 1657 1436 1698 intermissa
1460 1659 1538 1710 est,

195 1733 283 1760 non
333 1718 541 1760 memoria
587 1718 737 1760 deleta.
810 1717 925 1759 Dum
969 1731 1103 1773 genus
1147 1717 1388 1770 hominum,
1437 1715 1539 1756 dum

195 1777 346 1832 populi
384 1777 570 1819 Romani
607 1791 765 1818 nomen
799 1776 965 1817 extabit
997 1774 1128 1831 (quod
1161 1775 1332 1830 quidem
1363 1774 1463 1828 erit,
1500 1774 1538 1815 si

196 1851 274 1890 per
304 1839 346 1877 te
378 1836 544 1889 licebit,
583 1834 928 1890 sempiternum),
962 1837 1038 1875 tua
1068 1834 1144 1875 illa
1174 1832 1379 1887 pestifera
1409 1833 1538 1874 inter-

139 1903 181 1933 52
197 1895 334 1936 cessio
360 1894 666 1936 nominabitur.
707 1893 818 1943 Quid
843 1893 993 1948 cupide
1020 1907 1046 1933 a
1067 1894 1230 1945 senatu,
1256 1891 1358 1946 quid
1376 1894 1536 1933 temere
1555 1903 1592 1929 30

196 1954 347 2007 fiebat,
392 1968 488 1995 cum
531 1956 580 1994 tu
623 1967 734 1994 unus
775 1952 1023 1993 adulescens
1060 1951 1307 1992 universum
1345 1950 1539 1992 ordinem

196 1987 422 2054 deceniere
466 2012 516 2053 de
561 2012 700 2053 salute
743 2011 806 2052 rei
844 2010 1041 2065 publicae
1079 2009 1358 2064 prohibuisti,
1400 2022 1537 2063 neque

198 2071 341 2122 semel,
368 2070 441 2112 sed
468 2071 650 2125 saepius,
675 2084 811 2124 neque
838 2073 886 2110 tu
911 2071 1054 2111 tecum
1079 2069 1129 2109 de
1155 2071 1330 2110 senatus
1356 2066 1538 2108 auctori-

198 2132 287 2170 tate
326 2130 397 2185 agi
434 2143 588 2183 passus
625 2128 700 2170 es'?
768 2127 879 2177 Quid
917 2130 1060 2168 autem
1098 2127 1324 2182 agebatur,
1362 2124 1448 2166 nisi
1483 2139 1536 2166 ne

198 2188 330 2229 deleri
367 2190 410 2229 et
445 2187 579 2229 everti
610 2201 701 2228 rem
731 2187 951 2241 publicam
981 2186 1175 2227 funditus
1205 2183 1366 2226 velles?
1428 2182 1536 2225 Cum
1555 2195 1591 2221 ³5

198 2248 239 2286 te
283 2260 419 2300 neque
462 2246 678 2301 principes
723 2245 911 2287 civitatis
949 2244 1139 2300 rogando
1177 2257 1313 2296 neque
1351 2242 1537 2284 maiores

197 2306 302 2344 natu
334 2305 546 2346 monendo
577 2319 713 2358 neque
745 2303 945 2359 frequens
974 2305 1147 2345 senatus
1174 2301 1337 2356 agendo
1365 2301 1415 2342 de
1441 2315 1538 2343 ven·
