1671 2543
546 401 608 449 M.
649 401 838 449 TULLI
876 402 1201 450 CICERONIS

206 534 277 589 IN
327 535 395 589 M.
442 534 803 590 ANTONIUM
846 535 1100 591 ORATIO
1143 536 1541 592 PHILIPPICA

722 640 1036 697 SEPTIMA.

680 909 1066 948 ARGUMENTUM.

297 1008 386 1044 Cum
411 1009 547 1055 legati,
575 1022 683 1054 quem
710 1010 756 1044 ad
783 1011 932 1046 modum
957 1010 994 1044 in
1021 1010 1208 1055 superiore
1235 1011 1402 1045 oratione
1427 1010 1542 1046 tradi-

205 1057 284 1090 tum
311 1059 378 1100 est,
405 1057 452 1091 ad
478 1057 524 1092 M.
545 1057 749 1092 Antonium
774 1057 931 1102 profecti
956 1060 1080 1092 essent
1105 1068 1303 1102 eorumque
1322 1058 1460 1092 reditus
1483 1069 1541 1093 ex-

205 1106 435 1147 pectaretur,
467 1104 653 1139 referebat
678 1104 715 1138 in
741 1107 872 1139 senatu
899 1104 934 1140 C.
961 1104 1082 1138 Pansa
1107 1105 1235 1140 consul
1261 1105 1305 1140 de
1331 1104 1394 1139 via
1418 1105 1543 1150 Appia

206 1153 243 1185 et
269 1151 313 1186 de
334 1151 494 1195 Moneta,
520 1152 689 1186 tribunus
714 1151 764 1196 pl.
792 1152 837 1187 de
856 1151 1040 1196 Lupercis.
1092 1151 1146 1186 Ibi
1166 1152 1213 1187 M.
1235 1151 1362 1187 Cicero
1388 1152 1541 1197 veritus,

204 1209 249 1232 ne
275 1198 364 1242 quid
390 1198 579 1243 languoris
611 1198 822 1244 expectatio
849 1199 1011 1233 adferret
1036 1198 1179 1240 animis,
1208 1209 1272 1234 suo
1292 1199 1374 1234 loco
1394 1201 1541 1234 seuten-

206 1246 296 1279 tiam
322 1246 472 1290 rogatus
496 1245 577 1289 hac,
605 1256 698 1290 quae
724 1245 822 1280 infra
847 1247 986 1290 scripta
1011 1247 1084 1288 est,
1111 1246 1276 1280 oratione
1304 1247 1373 1280 hoc
1399 1246 1542 1280 studuit

205 1292 367 1335 efficere,
399 1303 444 1326 ne
471 1294 660 1328 senatores
687 1293 804 1327 lenius
832 1293 876 1327 de
903 1293 950 1327 M.
977 1293 1115 1327 Antoni
1141 1292 1306 1326 consiliis
1332 1292 1541 1326 iudicarent

205 1342 242 1373 et
270 1338 471 1383 remissius,
498 1351 606 1383 quam
632 1340 711 1384 ipse
738 1342 775 1374 et
799 1339 827 1373 ii
853 1339 966 1382 cives,
997 1339 1059 1383 qui
1084 1339 1162 1373 eius
1188 1343 1311 1383 partes
1339 1339 1539 1383 sequeban-

203 1388 278 1429 tur,
305 1386 454 1420 vellent.

169 1568 185 1606 l
292 1576 441 1617 Parvis
462 1576 511 1618 de
533 1576 671 1630 rebus,
698 1576 769 1616 sed
792 1575 971 1616 fortasse
994 1575 1244 1616 necessariis
1265 1575 1539 1630 consulimur,

171 1627 186 1656 ¹
202 1638 346 1690 pat-res
380 1635 624 1689 conscripti.
685 1634 748 1675 De
775 1635 917 1688 Appia
942 1635 1010 1674 via
1036 1637 1078 1674 et
1103 1634 1152 1674 de
1179 1633 1354 1675 Moneta
1379 1634 1539 1688 consul,

205 1694 253 1735 de
285 1694 490 1748 Lupercis
528 1694 726 1735 tribunus
764 1693 819 1747 pl.
858 1692 998 1734 refert.
1061 1692 1250 1741 Quarum
1282 1707 1424 1734 rerum
1457 1693 1538 1734 etsi

203 1752 341 1795 facilis
389 1752 616 1807 explicatio
668 1752 853 1805 videtur,
902 1754 1047 1792 tamen
1089 1751 1255 1792 animus
1299 1751 1470 1792 aberrat
1513 1765 1538 1792 a

204 1812 418 1854 sententia
466 1825 698 1865 suspensus
749 1810 860 1852 curis
910 1810 1156 1851 maioribus.
1230 1809 1427 1851 Adducta
1472 1813 1537 1851 est
1572 1826 1594 1854 υ·

204 1871 329 1925 enim,
360 1873 503 1924 patres
537 1869 780 1924 conscripti,
812 1883 878 1910 res
904 1869 948 1910 in
975 1868 1207 1909 maximum
1231 1867 1467 1922 periculum
1494 1871 1538 1909 et

204 1930 248 1970 in
280 1932 518 1970 extremum
549 1943 682 1982 paene
714 1928 952 1969 discrimen.
1014 1926 1113 1968 Non
1145 1927 1234 1968 sine
1267 1941 1394 1968 causa
1426 1927 1537 1982 lega-

203 1992 344 2030 torum
398 1988 561 2040 [istam]
613 1987 861 2028 missionem
904 2000 1070 2040 semper
1113 1985 1254 2038 timui,
1303 1999 1536 2039 numquam

203 2047 401 2101 probavi3
445 2060 626 2100 quorum
663 2046 824 2087 reditus
864 2045 964 2099 quid
1003 2045 1060 2085 sit
1098 2044 1335 2097 adlaturus,
1371 2044 1534 2098 ignoro,

204 2105 467 2160 exspectatio
502 2105 671 2158 quidem
699 2107 906 2158 quantum
932 2103 1342 2158 adferat-languoris
1368 2102 1533 2152 animis,
1555 2119 1587 2144 ιο

205 2165 299 2218 quis
331 2179 417 2205 non
451 2163 591 2204 videt‘.>
653 2162 752 2204 Non
784 2163 897 2203 enim
923 2176 966 2203 se
993 2165 1140 2202 tenent
1167 2161 1208 2214 ii,
1240 2161 1311 2215 qui
1338 2162 1533 2202 senatum

204 2223 349 2263 dolent
404 2224 456 2264 ad
512 2221 782 2263 auctoritatis
838 2221 1043 2274 pristinae
1099 2234 1217 2273 spem
1269 2219 1533 2272 revirescere,

205 2281 477 2322 coniunctum
532 2281 632 2322 huic
684 2280 822 2322 ordini
872 2279 1077 2333 populum
1128 2278 1382 2330 Romanum,
1439 2291 1533 2317 con·

205 2339 438 2391 spirantem
472 2339 655 2393 Italiam,
686 2342 859 2393 paratos
892 2338 1112 2390 exercitus,
1145 2335 1362 2390 expeditos
1394 2335 1557 2393 duces.-
