1671 2543
53 751 87 775 10

53 1043 86 1068 15

52 1336 86 1361 20

507 96 608 131 CAP.
634 100 773 131 42—44
799 100 817 138 ἓ
847 100 1042 132 109-114,
1363 99 1448 139 413

106 205 242 246 mines
284 205 476 246 omnium
513 204 709 260 gentium
748 205 932 245 maxime
971 204 1196 258 barbaros,
1241 204 1449 260 Ityraeos,

107 278 204 305 cum
241 263 416 319 sagittis
453 263 625 305 deducis
663 264 708 304 in
745 262 917 304 forum?
980 262 1189 304 Praesidii
1222 264 1289 305 sui
1321 279 1450 306 causa

106 337 150 363 se
182 321 323 364 facere
354 322 471 363 dicit.
522 320 623 363 Non
654 322 791 377 igitur
822 321 992 362 miliens
1024 322 1163 376 perire
1196 325 1264 364 est
1295 323 1448 365 melius

107 395 236 435 quam
273 381 319 422 in
356 394 433 422 sua
470 381 644 422 civitate
683 380 773 422 sine
812 383 1078 422 armatorum
1116 381 1330 435 praesidio
1362 396 1450 423 non

107 453 232 494 posse
258 439 430 481 vivere?
481 438 564 481 Sed
588 439 755 481 nullum
782 442 849 480 est
874 439 1001 492 istud,
1033 439 1140 480 mihi
1165 440 1300 494 crede,
1330 454 1450 494 prae-

106 498 282 552 sidium3
325 498 506 540 caritate
551 501 593 540 te
639 501 682 539 et
727 498 1017 539 benivolentia
1055 497 1212 539 civium
1250 501 1449 553 saeptum

105 559 279 611 oportet
310 571 415 611 esse,
452 572 539 598 non
570 557 714 598 armis.
776 556 946 610 Eripiet
977 560 1020 598 et
1051 557 1328 611 extorquebit
1359 557 1519 599 tibi113

104 615 191 657 ista
214 616 400 670 populus
427 615 660 669 Romanus,
692 615 859 657 utinam
887 615 1018 656 salvis
1042 615 1187 657 nobis!
1240 614 1322 657 Sed
1349 630 1451 669 quo-

106 689 191 728 quo
224 674 352 716 modo
383 674 609 716 nobiscum
642 674 795 729 egeris,
827 674 928 715 dum
957 674 1055 715 istis
1082 673 1274 715 consiliis
1301 674 1450 728 uteris,

105 747 192 774 non
229 736 372 787 potes,
410 733 517 774 mihi
553 709 692 786 credet:
731 747 823 774 esse
855 732 1095 773 diuturnus.
1157 732 1332 773 Etenim
1365 733 1450 774 ista

105 795 181 833 tua
213 791 389 833 minime
422 806 553 833 avara
578 792 773 844 coniunx,
806 805 935 846 quam
962 804 1042 846 ego
1069 791 1161 832 sine
1187 791 1450 833 contumelia

105 850 320 904 describo,
357 851 538 892 nimium
576 850 647 891 diu
687 850 814 891 debet
850 849 1011 903 populo
1043 848 1240 891 Romano
1273 849 1448 890 tertiam

104 909 366 962 pensionem.
403 908 550 950 Habet
572 909 757 963 populus
778 908 1012 961 Romanus,
1039 908 1091 948 ad
1112 922 1220 961 quos
1241 908 1448 963 guberna-

105 967 201 1009 cula
246 967 308 1008 rei
351 968 549 1022 publicae
593 966 777 1020 deferat3
821 967 895 1020 qui
938 966 1197 1020 ubicumque
1236 969 1449 1008 terrarum

107 1028 220 1080 sunt,
251 1025 313 1066 ibi
346 1040 471 1067 omne
503 1028 570 1067 est
601 1026 663 1066 rei
695 1025 893 1079 publicae
921 1025 1184 1079 praesidium
1210 1025 1276 1066 vel
1303 1026 1449 1079 potius

106 1085 201 1138 ipsa
226 1098 293 1126 res
319 1085 504 1139 publica,
532 1099 639 1139 quae
667 1098 710 1125 se
738 1084 875 1125 adhuc
901 1086 1073 1125 tantum
1099 1083 1226 1125 modo
1253 1084 1347 1124 ulta
1372 1087 1450 1137 est,

106 1143 296 1184 nondum
327 1143 593 1197 reciperavit.
649 1142 794 1184 Habet
826 1142 997 1196 quidem
1030 1144 1144 1183 certe
1175 1156 1244 1183 res
1275 1142 1450 1195 publica

107 1201 392 1243 adulescentis
435 1202 730 1243 nobilissimos
769 1204 943 1255 paratos
982 1200 1240 1242 defensores.
1310 1200 1449 1249 Quam

107 1260 254 1301 volent
281 1260 346 1301 illi
373 1260 526 1301 cedant
553 1260 640 1301 otio
668 1260 953 1313 consulentes,
984 1261 1130 1300 tamen
1156 1273 1181 1300 a
1205 1273 1250 1300 re
1275 1259 1450 1313 publica

106 1319 432 1360 revocabuntur.
494 1318 554 1360 Et
589 1333 746 1360 nomen
777 1318 895 1372 pacis
928 1318 1049 1360 dulce
1083 1320 1149 1359 est
1181 1320 1224 1358 et
1255 1317 1350 1372 ipsa
1381 1332 1448 1359 res

107 1377 326 1432 salutaris,
371 1377 444 1419 sed
487 1378 601 1419 inter
644 1391 793 1431 pacem
838 1379 880 1418 et
924 1376 1177 1418 servitutem
1214 1376 1450 1430 plurimum

106 1436 299 1478 interest.
359 1435 450 1477 Pax
481 1439 548 1478 est
578 1436 814 1490 tranquilla
844 1436 1040 1489 libertas,
1073 1435 1257 1476 servitus
1288 1438 1450 1489 postre-

108 1507 226 1534 mum
263 1493 475 1535 malorum
514 1494 706 1536 omnium
742 1509 830 1536 non
869 1494 995 1536 modo
1033 1494 1167 1547 bello,
1206 1493 1279 1534 sed
1310 1496 1449 1535 morte

108 1551 240 1592 etiam
265 1552 568 1606 repellendum.
621 1552 783 1602 Quodsi
815 1567 858 1594 se
891 1553 1008 1606 ipsos
1037 1552 1102 1592 illi
1126 1552 1266 1593 nostri
1291 1551 1517 1593 libera-114

57 1627 91 1653 25
110 1613 227 1651 tores
272 1623 294 1650 e
335 1613 567 1663 conspectu
603 1614 754 1652 nostro
793 1611 1082 1663 abstulerunt,
1127 1612 1171 1650 at
1208 1610 1451 1663 exemplum

109 1668 212 1710 facti
250 1667 528 1721 reliquerunt.
590 1668 678 1718 Illi,
716 1669 830 1722 quod
867 1683 992 1709 nemo
1030 1667 1208 1720 fecerat,
1245 1667 1451 1709 fecerunt.

109 1726 391 1780 Tarquinium
416 1725 578 1767 Brutus
611 1726 724 1767 bello
758 1729 824 1766 est
856 1728 1116 1779 persecutus,
1149 1726 1220 1778 qui
1253 1728 1346 1766 tum
1377 1740 1451 1766 rex

111 1785 204 1838 fuit,
231 1799 328 1826 cum
354 1798 446 1825 esse
466 1783 630 1825 Romae
653 1784 829 1837 licebat,
857 1782 926 1837 Sp.
949 1783 1136 1836 Cassius,
1164 1782 1234 1836 Sp.
1254 1782 1451 1837 Maelius,

109 1843 166 1884 M.
193 1842 380 1884 Manlius
412 1845 589 1896 propter
621 1842 908 1895 suspicionem
940 1842 1063 1896 regni
1095 1841 1321 1895 adpetendi
1350 1845 1451 1882 sunt

57 1919 91 1944 30
109 1902 270 1955 necati;
306 1901 352 1942 hi
384 1900 572 1955 primum
605 1914 700 1941 011111
732 1900 886 1955 gladiis
917 1914 1004 1941 non
1034 1900 1081 1940 in
1110 1913 1291 1954 regnum
1324 1900 1448 1953 adpe-

110 1963 293 2013 tentem,
331 1959 404 2000 sed
441 1958 487 2000 in
523 1961 774 2013 regnantem
812 1958 1020 2012 impetum
1058 1957 1262 1999 fecerunt.
1328 1956 1450 2005 Quod

111 2033 208 2060 cum
239 2018 380 2072 ipsum
412 2016 574 2058 factum
606 2031 681 2069 per
713 2030 756 2057 se
788 2016 1055 2070 praeclarum
1087 2019 1153 2057 est
1185 2019 1315 2069 atque
1348 2016 1451 2056 divi-

109 2091 231 2131 num,
275 2079 369 2117 tum
407 2075 649 2129 expositum
688 2074 741 2115 ad
778 2075 1034 2115 imitandum
1072 2076 1154 2127 est,
1195 2074 1449 2139 praesertim

113 2149 208 2177 cum
245 2135 310 2176 1111
350 2148 443 2175 eam
481 2134 665 2188 gloriam
698 2133 914 2174 consecuti
948 2132 1052 2186 sint,
1091 2146 1198 2186 quae
1229 2132 1301 2173 vix
1332 2133 1449 2173 caelo

59 2211 92 2236 35
113 2194 207 2248 capi
237 2207 364 2248 posse
395 2192 602 2233 videatur.
652 2190 748 2231 Etsi
776 2191 888 2231 enim
915 2190 1020 2231 satis
1046 2191 1090 2231 in
1116 2191 1211 2244 ipsa
1237 2191 1450 2232 conscien-

111 2252 175 2292 tia
210 2251 488 2306 pulcherrimi
526 2250 630 2291 facti
662 2249 827 2290 fructus
861 2251 969 2302 erat,
1007 2252 1151 2290 tamen
1183 2249 1358 2290 mortali
1390 2249 1451 2290 in·

112 2310 423 2352 mortalitatem
454 2323 540 2350 non
566 2308 754 2349 arbitror
785 2321 877 2348 esse
909 2307 1276 2349 contemnendam.
