1671 2543
561 107 662 144 CAP.
689 112 779 143 3-5
807 112 826 151 ς
852 112 976 143 8—14.
1357 111 1442 152 559

102 215 174 263 ris,
207 229 314 269 quae
341 215 546 257 recitatae
573 218 685 269 sunt,
717 216 938 258 decernere
965 216 1192 258 debeamus
1221 215 1442 259 Servilius-

103 288 184 327 que
211 274 456 328 decreverit,
484 275 651 330 augebo
679 275 851 316 omnino
877 290 1101 317 numerum
1124 275 1299 330 dierum,
1324 291 1442 330 prae-

103 332 253 373 sertim
285 347 380 374 cum
411 347 498 374 non
523 333 607 387 uni,
640 333 712 374 sed
739 334 877 375 tribus
904 334 1082 375 ducibus
1108 333 1195 375 sint
1221 334 1443 376 decernen-

102 390 197 445 dae,
228 391 301 432 sed
329 391 412 434 1100
438 391 624 446 primum
649 391 817 446 faciam,
848 395 896 433 ut
922 393 1202 446 imperatores
1229 393 1442 447 appellem

65 465 81 490 5
102 463 192 502 eos,
225 464 408 503 quorum
439 450 610 504 virtute,
643 451 834 504 consilio,
866 450 1072 492 felicitate
1106 451 1302 492 maximis
1334 452 1442 506 peri-

4 511 5 514 ’
102 507 208 549 culis
236 509 455 551 servitutis
483 512 610 563 atque
638 509 838 550 interitus
866 509 1039 551 liberati
1059 523 1216 551 sumus.
1266 509 1441 551 Etenim

102 566 170 608 oui
207 566 363 622 viginti
400 567 468 609 his
507 568 628 609 annis
666 568 922 622 supplicatio
962 568 1132 610 decreta
1162 571 1245 622 est,
1277 571 1326 609 ut
1355 584 1443 610 non

101 624 337 679 imperator
374 626 663 680 appellaretur
701 630 774 667 aut
813 627 1001 668 minimis
1041 627 1168 668 rebus
1200 627 1334 682 gestis
1367 629 1442 669 aut

100 683 352 738 plerumque
390 685 549 726 nullis?
613 684 751 734 Quam
783 686 836 727 ob
870 700 960 726 rem
992 688 1066 726 aut
1098 685 1355 739 supplicatio
1388 686 1440 727 ab

49 758 82 783 ιο
102 756 170 796 eo,
207 743 280 797 qui
319 745 417 784 ante
457 743 581 797 dixit,
619 744 880 786 decernenda
916 759 1003 785 non
1034 743 1116 785 fuit
1149 747 1223 785 aut
1253 744 1441 786 usitatus

99 800 237 843 honos
285 802 649 857 pervulgatusque
696 803 947 844 tribuendus
991 802 1062 857 iis,
1112 802 1267 856 quibus
1311 803 1482 872 etiam5

100 859 201 901 novi
227 860 551 916 singularesque
579 861 798 902 debentur.
852 861 932 915 An,
964 861 999 902 51
1028 861 1121 915 quis
1148 860 1441 915 Hispanorum
1459 891 1498 921 ,2

102 921 178 959 aut
209 917 432 961 Gallorum
470 922 544 960 aut
578 919 790 961 Threcum
828 920 944 960 1111110
983 922 1057 960 aut
1095 920 1178 961 duo
1216 920 1337 961 milia
1375 935 1441 962 oc·

102 977 294 1032 cidisset,
338 992 435 1019 eum
471 978 551 1019 hac
589 978 910 1032 consuetudine,
955 993 1062 1032 quae
1099 978 1330 1033 increbuit,
1367 978 1443 1020 im-

50 1038 346 1090 15peratore1n
391 1037 628 1090 appellaret
673 1039 867 1091 senatus,
910 1039 977 1078 tot
1014 1036 1256 1092 legionibus
1295 1037 1442 1092 caesis,

103 1097 227 1135 tanta
268 1095 543 1136 multitudine
586 1095 777 1136 hostium
820 1094 1047 1137 interfecta
1091 1094 1283 1151 (hostium
1326 1096 1443 1151 dicor,

103 1152 183 1207 ita,
215 1153 407 1208 inquam,
439 1153 647 1207 hostium,
681 1154 874 1208 quamvis
906 1154 988 1196 1100
1018 1154 1093 1195 isti
1123 1154 1270 1195 hostes
1303 1154 1442 1196 dome-

104 1211 204 1252 stici
233 1211 392 1266 nolint)
427 1212 675 1253 clarissimis
708 1212 886 1254 ducibus
919 1212 1280 1266 supplicationum
1311 1213 1442 1255 hono-

104 1284 195 1311 rem
256 1271 512 1324 tribuemus,
574 1271 899 1325 imperatorium
958 1285 1114 1312 nomen
1176 1271 1442 1313 adimemus?

51 1345 85 1370 20
106 1328 276 1377 Quanto
322 1329 435 1370 enim
478 1330 658 1383 honore,
707 1330 891 1383 laetitia,
941 1329 1230 1385 gratulatione
1273 1330 1319 1371 in
1360 1330 1442 1372 hoc

104 1387 314 1440 templum
352 1387 518 1443 ingredi
556 1389 711 1429 debent
747 1388 812 1429 illi
851 1388 933 1442 ipsi
969 1388 1097 1429 huius
1134 1388 1252 1429 urbis
1290 1388 1443 1429 libera—

105 1448 233 1497 tores,
266 1460 362 1486 cum
393 1447 593 1488 hesterno
627 1447 692 1488 die
724 1450 902 1501 propter
933 1461 1080 1488 eorum
1109 1461 1176 1488 res
1203 1449 1349 1502 gestas
1376 1462 1442 1488 me

107 1506 305 1545 ovantem
337 1507 379 1544 et
410 1519 541 1558 prope
574 1505 913 1559 triumphantem
944 1505 1128 1559 populus
1153 1504 1372 1546 Romanus
1399 1506 1443 1546 in

107 1561 369 1615 Capitolium
408 1562 534 1603 domo
568 1564 733 1613 tulerit,
772 1565 947 1605 domum
978 1563 1073 1604 inde
1106 1563 1351 1604 reduxerit?
1400 1563 1499 1605 1513

54 1637 86 1661 25
107 1620 221 1661 enim
252 1620 422 1660 demum
454 1624 519 1661 est
550 1635 644 1661 mea
676 1622 847 1675 quidem
879 1621 1093 1662 sententia
1124 1621 1262 1662 iustus
1295 1622 1444 1663 trium-

106 1678 217 1733 phus
251 1693 297 1719 ac
330 1693 466 1727 verus,
503 1693 598 1719 cum
630 1679 736 1720 bene
769 1679 817 1720 de
850 1694 894 1720 re
926 1679 1097 1733 publica
1128 1679 1294 1720 meritis
1326 1681 1445 1721 testi-

107 1737 299 1778 monium
346 1751 370 1777 a
414 1751 622 1778 consensu
667 1737 855 1778 civitatis
901 1738 1037 1778 datur.
1110 1736 1224 1778 Nam
1268 1738 1356 1779 sive
1401 1739 1447 1779 in

108 1795 324 1837 communi
368 1795 522 1850 gaudio
567 1796 715 1849 populi
760 1795 942 1836 Romani
985 1796 1058 1836 uni
1102 1796 1445 1850 gratulabantur,

108 1868 313 1909 magnum
339 1854 554 1905 iudicium,
587 1854 673 1894 sive
701 1854 773 1895 uni
800 1854 961 1908 gratias
989 1854 1188 1909 agebant,
1219 1869 1268 1896 eo
1295 1856 1445 1909 maius,

55 1929 90 1954 30
109 1913 196 1953 sive
229 1915 475 1965 utrumque,
507 1912 615 1953 nihil
648 1912 993 1966 magnificentius
1026 1912 1208 1967 cogitari
1240 1915 1395 1966 potest.

197 1970 275 2011 <Tu
304 1970 438 2025 igitur
464 1970 553 2024 ipse
581 1971 629 2011 de
657 1970 743 2011 te‘e’
777 1970 932 2012 dixerit
959 1970 1182 2024 quispiam.
1232 1971 1445 2025 Equidem

108 2029 287 2082 invitus,
319 2029 392 2069 sed
424 2028 601 2069 iniuriae
635 2029 755 2070 dolor
786 2028 891 2070 facit
922 2043 988 2069 me
1020 2032 1190 2083 praeter
1222 2033 1444 2071 consuetu-

109 2086 250 2127 dinem
300 2087 548 2151 gloriosum.
622 2086 775 2128 Nonne
825 2087 929 2128 satis
981 2090 1046 2128 est
1096 2088 1147 2128 ab
1197 2087 1444 2129 hominibus

108 2145 283 2186 viitutis
315 2145 476 2200 ignaris
509 2145 692 2200 glatiam
724 2146 831 2186 bene
863 2145 1126 2186 merentibus
1151 2160 1237 2187 non
1262 2146 1445 2188 ieferri?

58 2221 90 2246 35
109 2203 241 2244 etiam
277 2203 322 2243 in
359 2217 448 2256 005,
487 2203 559 2257 qui
601 2218 746 2245 omnes
786 2218 883 2245 suas
922 2218 1045 2245 curas
1079 2204 1123 2244 in
1156 2204 1218 2246 rei
1248 2204 1444 2258 publicae

111 2262 247 2303 salute
292 2237 500 2316 defigunt,
548 2262 578 2315 †
621 2262 806 2316 impetus
857 2262 1017 2303 crimen
1064 2262 1225 2303 invidia
1275 2277 1445 2316 quaere-

110 2320 209 2361 tur?
278 2318 407 2361 Scitis
453 2320 564 2360 enim
608 2335 684 2375 per
725 2320 804 2362 hos
843 2320 932 2361 dies
970 2321 1274 2362 creberrimum
1312 2320 1443 2363 fuisse
1459 2329 1498 2359 14
