1671 2543
226 119 259 153 X
645 116 921 151 ADNOTATIO
948 115 1147 153 CRITICA.

226 225 305 268 que)
327 234 397 268 pro
422 243 467 248 —
491 224 711 268 proiecistis:
742 234 821 257 eum
845 224 970 257 vestris
995 243 1038 247 —
1063 223 1248 266 repudiati
1273 223 1365 257 estis.
1396 226 1473 256 tum
1502 223 1560 258 vir

225 271 353 314 Kays.,
390 271 538 305 venistis
568 271 617 305 ad
645 281 719 305 sen.
746 290 787 295 -
820 270 997 312 Romani,
1026 274 1059 304 et
1089 280 1119 304 ο.
1146 270 1177 304 b.
1201 281 1233 304 v.
1258 280 1303 303 m.
1329 280 1390 304 vos
1419 279 1489 313 pro
1514 290 1559 295 —

221 318 444 363 proiecistis.-
480 328 561 352 cum
592 338 633 341 —
666 317 869 361 repudiatis
896 317 955 352 vir
983 315 1161 359 Hirschf.,
1197 320 1323 351 vestem
1356 317 1560 351 ”tentavistis

226 375 354 409 vosque
374 385 417 388 —
439 365 644 408 proiecistis
671 363 772 397 ‘Litt
794 361 1008 397 Centralbl.'
1037 366 1134 398 1863.
1161 367 1240 397 281.
1272 362 1351 407 Ego
1372 362 1560 396 Halmium

228 413 374 446 secutus
401 422 500 453 sum,
531 410 605 444 nisi
630 410 729 453 quod
754 422 833 444 eum
859 420 1004 444 servare
1029 409 1145 444 malui
1165 420 1277 453 quam
1302 409 1355 443 sic
1381 409 1559 444 seribere:

222 459 435 503 proiecistis.
472 458 572 492 Tum.
617 457 757 491 Eodem
787 456 897 491 modo
929 468 1008 492 eum
1035 458 1121 501 post
1144 456 1312 501 perfecta
1334 456 1462 501 posuit
1486 455 1559 492 cic.

226 517 261 549 p.
283 510 338 539 35.
361 509 414 548 19,
441 509 520 539 399.
541 509 597 547 32,
623 502 727 538 Caee.
751 508 793 538 10
820 514 874 538 ex.
901 508 956 546 30,
982 504 1059 538 Λα.
1087 503 1137 537 IV
1157 508 1188 538 2.
1211 508 1241 546 3,
1267 514 1343 548 rep.
1364 504 1397 537 ΙΙ
1423 508 1477 538 12.
1502 507 1560 538 23.

232 572 271 576 —
298 551 350 586 Ib.
382 563 446 587 vos
475 551 605 586 iterav.
638 550 769 592 Koch„
801 550 867 585 Eb.
900 572 944 576 —
976 550 1014 584 P.
1044 555 1096 586 12.
1125 555 1167 585 15
1205 552 1250 585 ab
1282 550 1404 593 codd„
1437 549 1560 595 Kays,

227 598 347 632 Halm.
374 598 418 641 ΙΙ,
445 598 525 641 Eb.,
552 610 573 633 α
598 597 719 632 Halm.
746 598 778 639 Ι,
812 597 859 631 ad
889 609 924 642 p.
954 602 985 632 3.
1012 602 1067 632 31.
1095 618 1137 622 —
1164 597 1203 631 P.
1227 602 1281 632 12.
1308 601 1351 631 26
1376 602 1427 632 est
1450 608 1563 632 eausa

227 647 327 688 facta
352 645 411 688 W,
442 644 563 679 Halm.
591 645 647 679 ed.
678 648 765 679 1845
798 646 836 678 et
865 644 916 688 ΙΙ,
947 644 1014 679 Eb.
1042 665 1084 670 —
1110 644 1148 679 P.
1178 649 1230 680 12.
1258 648 1301 678 27
1335 645 1562 689 deprecarere

228 694 381 727 bonum
414 692 516 726 Paul.
543 704 577 736 p.
606 696 684 735 319,
716 691 876 726 Richter.
903 703 938 736 p.
965 695 1031 726 271
1066 692 1150 726 boni
1181 691 1264 725 add.
1291 691 1339 724 ad
1364 702 1491 726 omnes.
1517 711 1561 716 -

228 739 266 773 P.
296 743 350 776 12.
376 743 420 774 29
452 739 560 784 [Hae
587 760 627 763 —
654 738 777 783 faeta]
809 738 958 781 Eberh.‚
991 737 1165 782 Kimmig.
1191 750 1226 782 p.
1254 742 1309 781 37,
1341 738 1403 773 Ac
1429 737 1561 782 (prob.)

228 790 314 821 mut.
341 798 372 821 v.
398 786 425 829 f.
451 791 475 820 t.
501 786 583 821 illo
612 786 711 820 luctu
735 785 922 820 Weidner.
947 796 1069 830 progr.
1096 786 1236 819 Dortm.
1264 788 1353 819 1885
1378 796 1413 829 p.
1437 789 1490 820 12.
1520 805 1562 810 -—

228 834 266 867 P.
297 837 349 867 12.
378 837 421 868 30
448 843 501 876 sq.
537 833 723 876 tribunus,
760 843 851 867 omn.
878 853 921 857 —
950 833 1104 877 praedo,
1141 833 1204 875 fec.
1237 831 1338 874 edd.;
1378 831 1426 866 ad
1457 832 1562 866 Caec.

228 892 262 924 p.
291 884 422 922 61.25,
460 879 543 913 infr.
580 879 626 912 ad
663 891 697 923 p.
727 883 833 922 191,
866 883 979 914 2126
1006 890 1076 923 sq„
1108 882 1240 922 2418,
1273 883 1326 914 35.
1343 882 1403 922 34,
1436 883 1562 922 3819,

229 931 284 961 41.
306 930 367 969 22,
407 931 460 961 60.
483 931 537 969 27,
577 930 631 960 63.
653 930 708 969 30,
747 930 801 960 75.
822 930 860 968 4,
900 930 1030 969 7915,
1067 930 1121 960 83.
1143 930 1206 969 23,
1237 929 1292 961 84.
1313 929 1374 968 25,
1410 929 1485 961 106.
1507 929 1563 968 22,

231 977 355 1017 1093,
392 977 466 1008 122.
484 978 514 1015 7,
549 976 696 1016 13821,
732 977 880 1015 14517,
908 976 986 1007 153.
1002 977 1057 1015 25,
1087 976 1162 1007 174.
1179 977 1233 1015 25,
1263 976 1410 1015 18518,
1439 977 1514 1007 191.
1531 977 1563 1015 7,

229 1024 307 1055 209.
324 1024 379 1064 27,
425 1024 558 1063 2161,
603 1023 681 1054 248.
697 1024 760 1063 30,
805 1023 960 1063 287.18,
1005 1024 1083 1054 290.
1105 1024 1166 1063 24,
1211 1023 1290 1054 312.
1311 1024 1367 1062 26,
1411 1023 1490 1054 349.
1508 1023 1564 1062 31,

230 1071 380 1110 38917,
424 1070 580 1110 40816,
623 1071 755 1110 4192,
800 1071 878 1101 441.
899 1071 961 1109 36,
1005 1071 1162 1109 447.16,
1207 1070 1285 1101 542.
1307 1070 1368 1108 28,
1413 1070 1563 1101 566.18.

232 1114 375 1148 Cluent.
402 1118 456 1148 47.
486 1118 550 1147 131
579 1123 632 1147 ex.
660 1113 803 1147 serbnd.
834 1114 992 1148 homines
1020 1114 1278 1158 sapientissimi
1307 1114 1460 1156 iudices,
1493 1124 1565 1157 quo

232 1161 313 1195 loco
340 1160 466 1195 Cobet.
493 1160 567 1194 Mn.
596 1163 685 1195 1880
710 1171 745 1204 p.
773 1164 840 1194 390
870 1160 1000 1194 ‘etiam
1026 1171 1104 1202 eos,
1137 1160 1200 1203 qui
1231 1159 1374 1204 lapides
1406 1162 1445 1194 et
1476 1171 1566 1194 saxa

232 1209 463 1250 concoquant
496 1209 533 1241 et
565 1206 679 1240 etiam
716 1206 952 1250 ineptissima
982 1206 1238 1241 additamenta
1269 1206 1397 1250 aequis
1430 1206 1566 1241 animis

233 1254 365 1296 ferant,
391 1253 647 1287 intellecturos
673 1253 876 1287 arbitratur
900 1254 1037 1289 iudices
1054 1253 1322 1297 interpolatum
1342 1254 1451 1288 esse’.
1487 1253 1565 1288 Nos

233 1312 304 1335 uon
334 1311 529 1344 possumus
562 1299 792 1345 distinguere
825 1301 1001 1335 hominem
1031 1302 1226 1345 sapientem
1255 1301 1410 1335 iudicem
1442 1301 1480 1334 et
1508 1311 1565 1335 sa-

231 1349 385 1394 pientem
421 1348 593 1390 iudicem,
630 1349 827 1390 utrumque
860 1347 1016 1381 dicimus
1049 1347 1173 1381 ‘einen
1202 1347 1342 1391 klugen
1374 1347 1565 1388 Richter'3

233 1394 374 1428 Latinis
400 1405 474 1428 non
499 1404 647 1438 prorsus
672 1393 771 1428 idem
798 1396 864 1428 est.
893 1415 935 1419 -
962 1394 999 1429 P.
1022 1399 1075 1428 13.
1104 1399 1123 1429 5
1149 1395 1230 1429 dies
1255 1393 1349 1428 Gell.
1374 1394 1425 1428 IX
1453 1398 1506 1428 14.
1534 1399 1566 1437 6,

231 1441 350 1475 Klotz,
375 1461 422 1466 -
447 1440 485 1474 P.
515 1445 627 1475 1312
649 1452 700 1484 sq.
733 1441 836 1486 [eum
866 1442 1003 1487 fratre]
1035 1453 1115 1476 eum
1143 1445 1250 1486 patre
1280 1452 1299 1475 e
1332 1440 1411 1475 cod.
1437 1440 1466 1474 P
1491 1440 1566 1485 (W)

232 1487 355 1521 Halm.
375 1487 402 1530 Ι,
429 1499 508 1522 eum
532 1488 646 1530 fratre
671 1488 759 1522 mihi
780 1489 838 1522 uel
857 1499 1020 1532 compare
1039 1499 1119 1523 cum
1138 1492 1246 1532 patre
1266 1486 1306 1522 G.
1329 1508 1372 1513 —
1391 1487 1430 1521 P.
1453 1492 1506 1522 13.
1522 1491 1566 1522 22

232 1535 445 1580 [relegarit]
465 1534 514 1568 du
533 1534 626 1568 Rieu
645 1534 717 1568 Mn.
735 1538 824 1569 1854
843 1546 878 1579 p.
893 1539 972 1577 232,
993 1535 1115 1578 Kays„
1140 1535 1260 1569 Halm.
1282 1534 1326 1578 ΙΙ,
1353 1534 1432 1575 Eb.,
1457 1533 1564 1578 impr.

233 1581 407 1625 Kimmig.
428 1593 463 1625 p.
480 1586 534 1615 24.
552 1602 596 1606 —
615 1581 655 1615 P.
678 1586 730 1615 13.
747 1585 790 1615 27
811 1581 874 1626 [ut
892 1583 1028 1627 edicto]
1048 1582 1086 1616 F.
1103 1581 1259 1616 Schoell.
1276 1580 1375 1626 apud
1391 1580 1565 1625 Kimmig.

233 1640 268 1673 p.
291 1632 345 1671 59,
365 1629 402 1663 vi
422 1629 535 1663 edicto
556 1627 721 1672 Seyffert.
742 1627 835 1662 Mus.
856 1628 972 1663 Rhen.
992 1633 1080 1663 1860
1099 1640 1133 1672 p.
1150 1632 1228 1670 633,
1249 1629 1281 1663 si
1298 1629 1400 1662 ‘nullo
1418 1629 1569 1672 iudicio,

234 1681 273 1710 at
308 1676 422 1710 edicto
461 1674 605 1708 Oehler.
644 1674 738 1709 Phil.
779 1679 868 1709 1856
905 1687 941 1719 p.
974 1680 1057 1717 6693
1100 1675 1148 1708 ad
1184 1673 1262 1709 Cat.
1300 1686 1335 1719 p.
1362 1679 1441 1709 276.
1459 1679 1491 1710 4.
1524 1695 1567 1700 --

234 1722 272 1756 P.
296 1726 349 1756 13.
365 1725 419 1756 30.
446 1722 574 1766 Atqui
592 1721 771 1756 Fleckeis.
794 1721 901 1756 ‘Krit.
922 1721 1041 1755 Mise.’
1064 1733 1098 1766 p.
1119 1726 1174 1764 26,
1200 1721 1321 1756 Halm.
1338 1721 1383 1765 ΙΙ,
1409 1721 1494 1764 Eb.;
1521 1721 1567 1755 cf.

234 1768 316 1802 infr.
343 1780 378 1812 p.
401 1773 527 1810 2237,
555 1772 631 1802 100.
648 1773 703 1811 20,
737 1772 886 1812 21410,
918 1773 1068 1812 22415,
1100 1773 1178 1803 234.
1193 1773 1225 1808 6,
1259 1772 1337 1803 300.
1353 1773 1384 1811 3,
1417 1772 1495 1803 385.
1510 1772 1567 1812 26,

235 1819 389 1858 523.17;
424 1819 561 1849 523.25
594 1816 696 1860 atqui
726 1815 864 1859 Naug.‚
898 1820 1036 1850 556.15
1066 1814 1207 1858 Garat„
1233 1815 1402 1850 Wernsd.
1435 1825 1478 1848 ex
1510 1814 1567 1849 ed.

237 1861 372 1906 Gryph.
396 1866 484 1896 1550
505 1863 543 1895 et
563 1861 642 1897 eod.
662 1862 770 1896 Bai-b.
793 1873 863 1896 888.
900 1862 938 1896 P.
959 1866 1035 1897 116.
1050 1866 1093 1896 29
1115 1862 1142 1895 Ρ
1162 1866 1267 1907 atque
1286 1873 1376 1896 corr.
1396 1860 1436 1894 in
1454 1862 1568 1906 atqui,

235 1913 312 1943 299.
328 1913 372 1943 30
406 1909 489 1942 Asc.
515 1910 633 1954 atqui,
667 1913 745 1944 434.
764 1912 782 1943 1'
807 1908 839 1943 D
865 1910 968 1954 atqui
998 1920 1064 1953 pro
1096 1913 1200 1954 atque
1229 1913 1286 1952 ut,
1318 1911 1396 1942 479.
1413 1912 1456 1942 23
1483 1908 1570 1952 abg

235 1957 338 1999 atqui
368 1966 419 1997 es3
450 1967 486 2000 p.
514 1960 629 1990 3415
655 1955 686 1990 G
711 1961 807 2001 atq;,
843 1960 919 1990 143.
935 1959 979 1990 28
1007 1955 1108 1998 0¹13,
1139 1959 1279 1990 489.14
1304 1955 1334 1988 D
1367 1958 1487 1999 atque;
1520 1956 1569 1989 ad

240 2001 381 2035 Cluent.
413 2014 448 2046 p.
478 2007 554 2037 142.
582 2006 613 2037 9.
653 2002 841 2037 Seribend.
865 2002 1014 2037 videtur
1038 2004 1157 2047 Atque
1181 2003 1256 2037 illis
1279 2005 1435 2045 tamen,
1468 2001 1570 2045 quod

236 2047 330 2082 coni.
352 2048 465 2082 etiam
489 2049 610 2083 Halm.
632 2049 688 2083 ed.
712 2053 801 2084 1845
828 2051 866 2083 et
891 2049 991 2084 Paul.
1019 2061 1054 2094 p.
1075 2054 1152 2084 306.
1184 2047 1288 2083 Nihil
1313 2047 1461 2092 saepius
1486 2058 1568 2092 per-

235 2096 421 2128 mutatum
452 2106 563 2138 quam
594 2100 670 2130 tum
701 2097 739 2130 et
768 2100 903 2139 tamen,
936 2098 1036 2130 certe
1062 2095 1101 2130 in
1125 2094 1347 2139 quibusdam
1373 2094 1479 2130 codd.
1505 2094 1569 2139 (W

235 2140 297 2175 hie
328 2152 473 2185 quoque
504 2143 580 2177 illis
611 2144 679 2178 erit
708 2146 857 2182 tameom
892 2143 940 2176 ad
971 2142 1075 2177 Caee.
1106 2154 1141 2187 p.
1169 2145 1222 2176 38.
1250 2145 1310 2185 29,
1342 2141 1426 2176 infr.
1453 2145 1509 2176 86.
1535 2145 1569 2184 3,

236 2192 315 2222 241.
337 2192 392 2222 29.
415 2209 454 2212 ——
483 2188 520 2223 P.
544 2193 596 2223 13.
619 2194 662 2224 36
689 2190 805 2224 eiiciet
829 2189 949 2224 Halm.
970 2189 1002 2233 Ι,
1035 2190 1135 2224 eiciet
1158 2188 1242 2222 PW
1269 2189 1321 2222 ‘et
1346 2187 1399 2222 sic
1425 2198 1570 2232 semper

236 2234 276 2268 in
300 2234 370 2268 hoe
394 2234 507 2268 verbo
534 2237 571 2269 et
596 2235 779 2280 cognatis'
807 2235 929 2270 Halm.
954 2248 990 2280 p.
1012 2240 1090 2271 950.
1111 2239 1153 2270 21
1182 2236 1220 2269 et
1245 2238 1324 2270 986.
1347 2239 1400 2269 11.
1435 2234 1477 2268 In
1496 2235 1568 2269 Pis.

236 2280 356 2314 Halm.
384 2282 455 2315 tae.
482 2282 583 2316 obiie.
612 2284 650 2316 et
675 2282 754 2317 sim.
779 2293 815 2326 p.
839 2287 914 2317 168.
941 2287 997 2326 29,
1026 2287 1102 2317 194.
1129 2285 1161 2326 5,
1189 2285 1266 2316 195.
1292 2286 1324 2324 2,
1352 2281 1417 2315 sed
1444 2286 1521 2316 199.
1548 2285 1569 2315 8

237 2338 281 2362 ΘΧ
301 2332 366 2366 EF
393 2331 501 2366 affert
525 2332 760 2373 conicientur,
787 2340 854 2373 pro
886 2329 977 2363 Rab.
1005 2333 1083 2364 263.
1098 2333 1141 2363 21
1168 2339 1212 2363 ex
1243 2328 1266 2362 S
1296 2329 1413 2363 subici
1446 2330 1484 2362 et
1515 2327 1571 2362 ita
