1671 2543
170 712 216 751 ll

173 1453 216 1484 28

170 2041 212 2071 29

237 102 324 144 426
418 102 469 138 IN
495 102 543 138 M.
570 102 829 138 ANTONIUM
855 101 1031 138 ORATIO
1058 82 1330 138 PHILIPPICA
1354 102 1417 138 ΙΙΙ.

238 211 373 253 stanti
406 210 450 254 C.
484 210 654 254 Cestius
687 211 941 265 repudiavit.
1006 210 1088 260 Qui
1121 213 1223 252 sunt
1254 211 1390 266 igitur
1417 210 1585 266 reliqui,

237 284 345 324 quos
379 284 472 311 sors
505 270 648 311 divina
680 269 894 311 delectet?
926 269 957 323 †
985 268 1031 310 L.
1059 270 1238 323 Annius,
1270 269 1327 311 M.
1353 270 1584 312 Antonius.

237 328 272 370 Ο
294 328 464 370 felicem
484 329 733 382 utrumque!
753 328 862 370 nihil
878 328 992 370 enim
1007 328 1262 370 maluerunt.
1305 327 1350 371 C.
1366 328 1582 370 Antonius

235 386 545 429 Macedoniamss
607 386 734 429 Hunc
766 401 935 442 quoque
961 387 1147 429 felicem!
1179 387 1291 429 hanc
1317 387 1431 429 enim
1456 387 1583 429 habe-

235 447 312 487 bat
343 461 511 500 semper
542 446 587 487 in
619 461 692 488 ore
723 446 1000 501 provinciam.
1058 445 1102 488 C.
1130 445 1343 488 Calvisius
1375 445 1581 488 Africam.
1619 463 1636 489 ε

235 503 357 546 Nihil
384 504 570 546 felicius!
598 505 725 547 modo
753 505 866 546 enim
893 520 942 546 ex
965 505 1115 547 Africa
1135 505 1376 547 decesserat
1396 508 1440 547 et
1460 505 1583 560 quasi

236 564 432 605 divinans
465 578 509 605 se
542 564 781 606 rediturum
813 564 919 605 duos
951 564 1121 619 legatos
1152 563 1304 606 Uticae
1336 563 1582 619 reliquerat.

235 622 398 664 Deinde
431 621 488 664 M.
519 622 550 677 †
583 622 731 665 Cusini
765 622 931 677 Sicilia,
963 622 1010 671 Q.
1043 622 1164 664 Cassi
1197 622 1419 677 Hispania.
1481 621 1583 664 Non

234 681 385 736 habeo,
407 681 508 736 quid
529 683 737 737 suspicer3
757 682 937 723 duarum
958 682 1083 723 credo
1103 682 1423 736 provinciarum
1441 684 1580 723 sortes

176 772 218 802 27
235 740 376 782 minus
427 741 593 782 divinas
643 741 788 783 fuisse.
863 740 897 783 O
944 739 988 783 C.
1039 740 1197 783 Caesar
1241 739 1577 794 (adulescentem
1600 757 1634 783 10

234 797 438 865 appello),
466 814 595 854 quam
621 803 669 841 tu
696 801 881 841 salutem
906 799 968 841 rei
993 799 1192 854 publicae
1219 799 1426 854 adtulisti,
1452 813 1582 854 quam

234 873 388 913 inprm
390 873 510 912 isam
538 873 666 913 quam
692 859 978 914 repentinam!
1030 858 1113 908 Qui
1140 859 1253 900 enim
1278 858 1384 901 haec
1408 857 1581 914 fugiens

234 917 403 971 fecerit,
443 893 545 972 quid
583 917 745 960 faceret
776 917 1034 972 insequens?
1095 917 1272 959 Etenim
1304 918 1350 959 in
1381 917 1581 959 contione

234 976 402 1017 dixerat
458 991 502 1018 se
559 977 782 1018 custodem
837 976 929 1018 fore
985 976 1105 1018 urbis
1162 990 1292 1030 seque
1341 990 1476 1030 usque
1527 975 1580 1017 ad

234 1034 450 1077 Kalendas
488 1034 626 1078 Maias
665 1036 717 1077 ad
755 1036 907 1077 urbem
945 1035 1180 1077 exercitum
1215 1035 1479 1076 habiturum.
1542 1033 1578 1077 Ο
1601 1051 1634 1076 15

233 1094 503 1148 praeclarum
524 1095 747 1137 custodem
762 1095 918 1148 ovium,
938 1097 987 1135 ut
1002 1094 1135 1148 aiunt,
1154 1094 1321 1149 lupum!
1368 1092 1580 1136 Custosne

234 1153 352 1195 urbis
386 1168 439 1194 an
472 1153 665 1208 direptor
690 1156 735 1195 et
759 1156 938 1195 vexator
963 1156 1078 1195 esset
1102 1152 1350 1194 Antonius?
1405 1152 1466 1194 Et
1491 1152 1581 1207 qui·

234 1212 329 1253 dem
362 1226 406 1253 se
439 1212 722 1254 introiturum
753 1213 798 1253 in
829 1213 982 1254 urbem
1008 1212 1118 1253 dixit
1143 1212 1456 1266 exiturumque,
1481 1225 1579 1253 cum

231 1270 374 1311 vellet.
449 1269 590 1319 Quid?
642 1271 749 1312 illud
798 1285 937 1312 nonne
983 1271 1180 1312 audiente
1223 1270 1383 1324 populo
1428 1269 1578 1311 sedens
1623 1296 1625 1298 -

231 1343 309 1382 pro
349 1329 450 1369 aede
489 1328 683 1371 Castoris
723 1329 849 1383 dixit,
892 1329 977 1370 nisi
1017 1329 1091 1383 qui
1128 1329 1322 1383 vicisset,
1359 1328 1576 1370 victurum
1596 1344 1632 1369 20

230 1387 474 1428 neminem?

319 1445 540 1487 Hodierno
592 1446 658 1487 die
708 1446 895 1500 primum
941 1448 1104 1500 [patres
1148 1445 1400 1500 conscripti]
1446 1445 1577 1501 longo

230 1504 460 1546 intervallo
508 1505 551 1545 in
601 1505 873 1560 possessione
916 1504 1133 1545 libertatis
1171 1504 1323 1558 pedem
1364 1503 1579 1558 ponimus,

231 1563 352 1604 cuius
393 1563 565 1617 quidem
603 1577 701 1619 ego,
740 1563 879 1618 quoad
911 1563 1051 1618 potui,
1089 1577 1176 1604 non
1208 1563 1334 1604 modo
1368 1562 1577 1617 defensor,

231 1622 303 1663 sed
335 1622 467 1663 etiam
500 1625 777 1664 conservator
808 1622 882 1663 fui.
938 1621 1047 1664 Cum
1079 1624 1224 1663 autem
1255 1622 1299 1662 id
1324 1621 1464 1663 facere
1489 1635 1630 1663 n0n25

228 1695 420 1735 possem,
465 1681 625 1735 quievi,
668 1696 745 1723 nec
791 1681 954 1722 abiecte
995 1695 1074 1722 nec
1118 1681 1209 1722 sine
1254 1680 1399 1734 aliqua
1440 1680 1578 1735 digni-

229 1742 319 1780 tate
359 1754 504 1781 casum
542 1740 666 1781 illum
705 1743 950 1794 temporum
988 1742 1032 1781 et
1069 1739 1260 1781 dolorem
1298 1738 1390 1780 tuli.
1452 1738 1577 1780 Hanc

229 1813 329 1840 vero
368 1799 663 1840 taeterrimam
701 1799 873 1841 beluam
913 1798 1008 1853 quis
1046 1797 1157 1851 fer-re
1194 1800 1341 1852 potest
1378 1800 1453 1838 aut
1491 1810 1575 1852 quo

229 1857 387 1898 modo‘?
450 1857 562 1906 Quid
599 1860 666 1899 est
701 1857 747 1899 in
778 1857 970 1899 Antonio
1003 1859 1174 1911 praeter
1205 1855 1445 1910 libidinem,
1486 1869 1576 1897 cru-

228 1916 462 1969 delitatem,
488 1916 786 1970 petulantiam,
813 1915 1064 1957 audaciam?
1119 1914 1185 1956 Ex
1214 1914 1282 1956 his
1309 1917 1429 1956 totus
1455 1914 1574 1956 vitiis
1594 1930 1629 1955 30

229 1975 554 2029 conglutinatus
605 1978 680 2016 est.
754 1974 876 2016 Nihil
925 1977 1104 2028 apparet
1147 1973 1192 2014 in
1235 1988 1285 2015 eo
1329 1973 1575 2029 ingenuum,

226 2033 336 2074 nihil
369 2034 654 2087 moderatum,
691 2033 800 2074 nihil
830 2033 1012 2088 pudens,
1048 2032 1158 2073 nihil
1189 2031 1402 2087 pudicum.
1465 2031 1574 2080 Qua-

225 2094 421 2146 propter,
467 2092 669 2146 quoniam
713 2107 780 2133 res
825 2092 870 2133 in
912 2091 955 2132 id
999 2091 1229 2132 discrimen
1269 2090 1452 2132 adducta
1495 2092 1573 2142 est,

225 2153 372 2191 utrum
403 2150 477 2192 ille
510 2165 670 2205 poenas
698 2151 758 2192 rei
784 2150 982 2204 publicae
1009 2149 1112 2204 luat,
1139 2164 1194 2190 an
1218 2163 1297 2190 nos
1324 2147 1573 2202 serviamus,

225 2208 477 2264 aliquando,
526 2223 603 2263 per
652 2209 754 2250 deos
798 2207 1085 2261 immortales,
1138 2210 1284 2262 patres
1325 2206 1572 2261 conscripti,
1591 2222 1626 2248 ³5

223 2267 413 2319 patrium
445 2267 637 2308 animum
668 2268 960 2321 virtutemque
992 2267 1229 2320 capiamus,
1259 2267 1309 2306 ut
1339 2267 1415 2305 aut
1446 2265 1572 2307 liber-

224 2326 361 2365 tatem
398 2326 621 2379 propriam
653 2325 838 2367 Romani
877 2328 921 2366 et
960 2325 1129 2379 generis
1167 2326 1211 2365 et
1247 2323 1436 2364 nominis
1468 2323 1572 2365 reci-
