1671 2543
225 88 312 130 252
597 84 691 120 PRO
718 84 766 120 M.
794 82 981 119 SCAURO
1009 82 1199 119 ORATIO.

164 211 209 242 25
224 197 365 238 vincia
401 195 498 250 ipsa
535 193 878 248 cognoscendam
916 195 959 233 et
997 191 1242 233 discendam
1279 191 1441 246 putavi.
1501 191 1573 234 An

224 269 306 311 ego
333 254 544 309 querellas
572 255 702 306 atque
727 251 906 292 iniurias
935 254 1156 292 aratorum
1180 251 1333 292 nonin
1353 250 1571 306 segetibus

223 314 330 369 ipsis
351 313 549 367 arvisque
570 310 904 366 cognoscerem?
942 309 1187 364 Peragravi,
1212 309 1399 363 inquam,
1419 309 1571 364 Triari,

224 373 455 415 durissima
491 370 663 425 quidem
693 369 833 411 hieme
864 368 990 409 vallis
1023 368 1410 423 Agrigentinorum
1442 370 1571 422 atque

224 432 359 474 collis.
423 429 610 483 Campus
642 429 715 469 ille
746 427 1043 469 nobilissimus
1077 442 1126 468 36
1156 426 1450 469 feracissimus
1479 427 1571 482 ipse
1607 442 1626 468 5

224 505 292 532 1116
331 503 505 531 causam
542 502 676 542 paene
709 486 855 528 docuit
885 485 1134 527 Leontinus.
1196 485 1298 527 Adii
1331 500 1450 527 casas
1483 500 1573 527 ara-

224 553 385 603 torum,
425 563 450 589 a
487 547 600 588 stiva
636 546 732 600 ipsa
762 545 959 587 homines
991 559 1159 586 mecum
1191 545 1572 599 conloquebantur.

169 616 213 646 ‘26
227 607 380 662 Itaque
414 607 476 648 sic
507 605 592 647 fuit
622 605 699 646 1113
730 618 932 659 expressa
964 618 1103 657 causa,
1134 618 1222 645 non
1251 606 1302 644 ut
1333 603 1479 645 audire
1512 617 1574 657 ea,

225 681 333 721 quae
360 665 566 718 dicebam,
597 664 770 718 iudices,
796 663 869 704 sed
891 665 944 704 ut
969 677 1140 704 cernere
1167 665 1209 703 et
1234 677 1368 717 paene
1393 665 1572 718 tangere

223 726 481 766 viderentur.
543 721 695 777 Neque
729 722 843 763 enim
874 721 980 762 mihi
1011 721 1235 776 probabile
1259 735 1398 775 neque
1423 735 1572 762 verum
1592 738 1627 761 10

223 784 452 825 videbatur
496 796 581 835 me,
626 796 723 823 cum
766 780 1041 822 fidelissimae
1079 782 1208 834 atque
1247 780 1573 834 antiquissimae

223 842 471 897 provinciae
508 840 797 895 patrocinium
832 839 1107 894 recepissem,
1145 853 1319 880 causam
1350 841 1573 894 tamquam

223 901 350 943 unius
383 900 554 942 clientis
586 899 632 940 in
663 898 861 940 cubiculo
894 912 988 940 meo
1021 898 1195 939 discere.

157 954 208 994 12
312 959 428 1014 Ego,
465 972 603 1012 nuper
638 972 734 999 611111
766 957 958 1011 Reatini,
997 957 1070 1011 qui
1102 959 1245 998 6336111
1275 956 1321 998 111
1351 956 1434 997 fide
1466 970 1573 1010 mea,

165 1014 208 1044 27
225 1033 292 1060 me
337 1032 460 1059 suam
503 1017 722 1071 publicam
761 1030 934 1058 causam
971 1016 1020 1057 de
1059 1014 1204 1057 Velini
1240 1015 1490 1056 fluminibus
1529 1018 1572 1056 et
1593 1030 1626 1056 15

225 1076 434 1119 cuniculis
485 1076 597 1130 apud
640 1075 720 1116 hos
766 1075 962 1116 consules
1006 1088 1133 1130 agere
1180 1074 1437 1128 voluissent,
1485 1087 1574 1115 non

224 1134 471 1177 existimavi
496 1148 564 1175 me
589 1148 728 1188 neque
751 1133 956 1188 dignitati
976 1133 1269 1187 praefecturae
1290 1132 1572 1189 gravissimae

223 1208 363 1248 neque
394 1193 494 1234 fidei
526 1206 644 1234 meae
677 1192 784 1233 satis
817 1206 909 1233 esse
934 1191 1163 1246 facturum,
1193 1191 1279 1233 nisi
1303 1206 1371 1232 me
1399 1204 1572 1233 causam

226 1253 348 1293 illam
377 1266 466 1293 non
498 1251 638 1292 solum
669 1250 877 1304 homines,
910 1250 984 1291 sed
1016 1251 1148 1291 etiam
1175 1250 1295 1291 106113
1320 1250 1412 1304 ipse
1437 1249 1573 1290 lacus-

166 1325 210 1355 28
226 1325 308 1365 que
340 1310 568 1351 docuisset.
630 1308 782 1363 Neque
814 1311 864 1349 tu
896 1309 1021 1349 aliter
1051 1308 1244 1362 fecisses,
1276 1308 1428 1361 Triari,
1459 1308 1496 1349 si
1528 1310 1571 1349 te
1591 1324 1626 1350 20

225 1370 269 1410 id
301 1369 366 1410 tui
397 1369 472 1409 isti
506 1366 630 1409 Sardi
661 1367 801 1408 facere
833 1367 1088 1419 voluissent,
1125 1367 1189 1420 hi,
1221 1366 1294 1421 qui
1326 1369 1368 1407 te
1399 1366 1446 1407 in
1477 1364 1573 1408 Sar-

227 1428 388 1469 diniam
414 1426 590 1467 minime
615 1426 758 1467 venire
786 1425 1024 1478 voluerunt,
1049 1440 1102 1466 ne
1122 1425 1250 1481 longe
1271 1425 1397 1466 aliter
1417 1425 1574 1480 omnia,

226 1489 355 1540 atque
388 1487 510 1526 erant
537 1484 589 1525 ad
615 1487 658 1525 te
685 1484 838 1537 delata,
871 1498 1164 1539 cognosceres,
1189 1484 1353 1525 nullam
1378 1483 1574 1525 multitu-

227 1544 338 1586 dinis
363 1543 409 1584 in
436 1542 633 1584 Sardinia
660 1543 905 1597 querellam,
930 1543 1098 1584 nullum
1123 1543 1169 1583 in
1192 1541 1400 1584 Scaurum
1427 1542 1573 1584 odium

160 1586 213 1667 103
226 1601 465 1658 populissssss
497 1602 685 1643 anhelitu
715 1601 901 1642 Aetnam
933 1601 1079 1642 ardere
1112 1601 1271 1655 dicunt,
1303 1601 1364 1643 316
1390 1600 1572 1642 Verrem
1591 1616 1626 1643 2⁵

171 1647 212 1677 „9
228 1661 495 1716 operuissem
517 1659 663 1702 Sicilia
689 1663 798 1702 teste
825 1663 931 1701 tota.
969 1660 1034 1701 Tu
1059 1674 1159 1701 vero
1184 1659 1573 1714 comperendinasti

225 1735 311 1762 uno
356 1722 467 1760 teste
511 1719 734 1774 producto.
795 1718 857 1760 At
900 1733 984 1773 quo
1029 1721 1160 1773 teste,
1203 1719 1246 1760 di
1285 1718 1571 1760 immortales!

226 1778 328 1821 Non
365 1779 490 1832 satis,
529 1778 644 1832 quod
680 1792 784 1831 uno,
819 1792 924 1832 non,
962 1778 1076 1832 quod
1110 1778 1279 1833 ignoto,
1315 1791 1420 1831 11011,
1458 1776 1572 1831 quod

226 1838 328 1892 levi3
353 1837 539 1878 etiamne
566 1836 739 1877 Valerio
763 1839 875 1877 teste
894 1837 1076 1890 primam
1101 1836 1315 1878 actionem
1336 1834 1572 1887 confecisti,

227 1897 301 1951 qui
338 1895 475 1950 patris
513 1895 578 1936 tui
608 1895 815 1936 beneficio
849 1895 1023 1936 civitate
1055 1895 1239 1936 donatus
1271 1894 1459 1950 gratiam
1488 1893 1625 1935 tibiso

225 1969 314 1996 non
338 1953 594 1995 inlustribus
621 1953 787 2008 officiis,
816 1954 890 1995 sed
915 1952 1144 1995 manifesto
1163 1953 1351 2007 periurio
1371 1951 1570 1994 rettulit?

171 2020 214 2051 30
231 2012 394 2062 Quodsi
426 2015 468 2054 16
501 2026 627 2053 0111611
650 2012 838 2053 nominis
864 2012 996 2053 vestri
1020 2011 1132 2053 forte
1159 2012 1290 2065 duxit,
1320 2025 1400 2052 nos
1425 2013 1570 2050 tamen

226 2072 271 2112 id
313 2085 431 2112 more
476 2070 705 2124 maiorum,
750 2071 851 2124 quia
893 2070 1085 2112 faustum
1113 2073 1348 2124 ,putamus,
1387 2081 1476 2109 non
1515 2067 1569 2108 ad

165 2131 213 2170 14
227 2129 479 2183 perniciem,
529 2143 675 2169 verum
727 2129 780 2170 ad
831 2129 1015 2170 salutem
1062 2129 1404 2182 interpretamur.
1485 2122 1568 2166 Sed

229 2188 368 2229 omnis
401 2188 488 2228 ista
519 2187 715 2228 celeritas
748 2202 797 2229 ac
828 2187 1063 2241 festinatio,
1095 2186 1208 2241 quod
1232 2183 1568 2238 inquisitionem,
1586 2200 1622 2227 ³5

230 2246 343 2298 quod
382 2246 570 2299 priorem
609 2246 822 2287 actionem
858 2248 998 2287 totam
1035 2243 1268 2296 sustulisti,
1304 2241 1410 2282 illud
1450 2244 1567 2295 pate-

229 2303 332 2344 fecit
369 2307 412 2344 et
448 2304 716 2358 inlustravit,
754 2304 867 2359 quod
905 2303 1120 2345 occultum
1157 2304 1301 2342 tamen
1336 2314 1423 2341 non
1461 2303 1567 2352 erat,
