1671 2543
126 307 192 338 132

134 1047 191 1088 64

132 1106 197 1137 133

205 71 260 112 58
598 68 690 103 PRO
716 68 755 104 P.
782 67 944 104 SESTIO
972 66 1160 104 ORATIO.

205 179 312 221 illud
331 178 530 231 dolerem,
552 177 771 219 civitatem
790 178 882 217 tam
902 178 1072 231 gratam
1091 178 1183 216 tam
1202 174 1404 215 miseram
1419 176 1549 228 atque

207 252 456 293 oppressam
486 236 630 277 fuisse.

294 296 442 337 Habes
480 295 632 350 igitur,
677 293 791 348 quod
827 308 878 334 ex
915 308 982 335 me
1020 291 1246 346 quaesisti,
1291 290 1365 345 qui
1406 293 1550 332 essent

208 357 463 409 optumates.
525 353 626 394 Non
651 355 717 394 est
742 351 906 406 ‘natio’,
936 354 985 393 ut
1011 351 1178 405 dixisti,
1213 350 1327 404 quod
1353 363 1434 404 ego
1460 363 1550 391 ver-

207 414 310 455 bum
348 412 523 468 agnovi3
561 414 626 453 est
665 411 778 452 enim
815 410 950 465 illius,
989 424 1014 451 a
1052 424 1136 464 quo
1168 423 1253 450 uno
1286 409 1471 450 maxime
1502 407 1549 449 P.
1586 427 1603 451 5

209 471 375 513 Sestius
414 486 458 513 se
498 469 740 524 oppugnari
776 469 910 523 videt,
952 468 1141 510 hominis
1179 468 1289 521 eius,
1327 467 1401 521 qui
1438 467 1550 507 hano

208 529 457 572 ‘nationem’
491 529 621 569 deleri
654 531 697 569 et
730 527 895 569 concidi
927 527 1102 582 cupivit,
1140 526 1214 581 qui
1241 525 1285 569 C.
1313 525 1552 578 Caesarem,

209 590 359 631 mitem
389 588 609 629 hominem
641 589 684 628 et
716 601 740 627 a
767 586 892 628 caede
919 586 1235 639 abhorrentem,
1267 599 1392 638 saepe
1419 585 1552 625 incre-

209 648 316 702 puit,
348 662 473 701 saepe
501 645 730 699 accusavit,
763 660 859 686 cum
885 645 1131 686 adfirmaret
1155 644 1280 685 illum
1304 657 1551 697 numquam,

210 707 310 747 dum
353 706 458 747 haec
500 705 621 746 natio
662 704 842 758 viveret,
888 704 978 745 sine
1017 717 1120 744 cura
1155 702 1361 743 futurum.
1428 701 1551 742 Nihil
1573 721 1606 745 ιο

210 764 394 819 profecit
431 764 482 805 de
519 763 748 817 universis,
786 763 835 803 de
874 777 941 803 me
981 776 1106 816 agere
1141 776 1229 802 non
1261 760 1448 814 destitit,
1485 775 1552 802 me

211 823 476 878 oppugnavit
519 822 706 876 primum
749 836 825 876 per
864 821 1048 862 indicem
1085 820 1301 873 Vettium,
1346 834 1473 873 quem
1508 819 1555 860 in

211 882 410 923 contione
455 881 505 922 de
548 895 615 921 me
658 883 701 921 et
745 880 795 921 de
841 879 1090 921 clarissimis
1127 878 1231 919 viris
1268 878 1554 932 interrogavit

213 939 276 995 (in
313 955 397 994 quo
436 944 581 981 tamen
613 953 685 980 eos
717 938 822 980 civis
855 938 1076 980 coniunxit
1108 937 1257 979 eodem
1287 937 1478 991 periculo
1511 939 1555 977 et

212 999 405 1051 crimine,
443 1001 492 1039 ut
524 1013 549 1038 a
580 1012 648 1038 me
680 997 827 1038 inierit
858 997 1062 1052 gratiam,
1095 996 1208 1050 quod
1240 1010 1307 1036 me
1340 1010 1438 1037 cum
1470 1009 1554 1036 am·
1575 1013 1607 1039 15

210 1057 418 1111 plissimis
451 1059 494 1097 et
525 1056 776 1097 fortissimis
808 1056 911 1096 viris
945 1052 1261 1110 congregavit),
1299 1054 1373 1095 sed
1402 1056 1556 1109 postea

212 1116 319 1157 mihi
349 1115 469 1156 nullo
502 1129 596 1155 meo
624 1115 791 1167 merito,
822 1114 906 1155 nisi
933 1114 1047 1168 quod
1072 1113 1196 1154 bonis
1222 1113 1390 1167 placere
1418 1113 1556 1167 cupie-

212 1175 329 1228 bam,
379 1173 517 1214 omnis
568 1175 634 1214 est
676 1172 854 1214 insidias
898 1172 1227 1213 sceleratissime
1272 1171 1555 1212 machinatus.

212 1232 292 1273 Ille
332 1231 384 1272 ad
423 1245 512 1283 eos,
551 1246 575 1271 a
615 1231 770 1284 quibus
809 1231 1079 1285 audiebatur,
1118 1230 1274 1271 cotidie
1309 1230 1472 1283 aliquid
1503 1229 1554 1270 de

212 1305 275 1332 me
313 1290 404 1331 ficti
443 1289 679 1343 adferebat,
723 1289 795 1330 ille
832 1289 1051 1330 hominem
1089 1289 1196 1329 mihi
1234 1288 1555 1341 amicissimum,
1576 1306 1611 1331 20

215 1349 289 1391 Cn.
321 1348 593 1402 Pompeium,
631 1348 851 1401 monebat,
888 1350 937 1388 ut
968 1362 1107 1388 meam
1140 1347 1314 1388 domum
1345 1349 1557 1387 metueret

215 1410 343 1461 atque
375 1421 400 1447 a
431 1421 497 1447 me
528 1407 622 1460 ipso
656 1409 842 1460 caveret,
872 1406 944 1446 ille
977 1420 1020 1446 se
1048 1406 1109 1446 sic
1136 1420 1233 1446 cum
1258 1405 1432 1446 inimico
1459 1419 1555 1446 meo

216 1465 457 1519 copularat,
495 1468 544 1505 ut
579 1465 696 1506 illius
734 1479 852 1505 meae
889 1464 1236 1519 proscriptionis,
1275 1478 1404 1518 quam
1442 1463 1556 1504 adiu-

215 1524 356 1577 vabat,
390 1522 482 1565 Sex,
515 1522 701 1577 Clodius,
732 1523 862 1564 homo
894 1523 947 1564 iis
980 1523 1268 1578 dignissimus,
1301 1523 1552 1576 quibuscum

215 1583 332 1636 vivit,
358 1583 509 1623 tubam
530 1581 764 1635 Vatinium,
785 1596 875 1622 sese
897 1582 1149 1635 scriptorem
1170 1595 1261 1622 esse
1281 1581 1458 1635 diceret3
1483 1581 1557 1621 ille
1576 1598 1611 1624 25

215 1655 324 1682 unus
358 1640 519 1682 ordinis
550 1640 688 1681 nostri
720 1640 909 1681 discessu
940 1655 1052 1693 meo,
1086 1640 1207 1681 luctu
1238 1642 1380 1681 vestro
1413 1639 1557 1694 palam

216 1699 435 1740 exultavit.
485 1698 548 1739 De
570 1712 653 1752 quo
676 1712 767 1754 ego,
794 1713 890 1740 cum
910 1698 1064 1740 cotidie
1086 1701 1240 1752 rueret,
1266 1699 1444 1739 verbum
1462 1698 1557 1752 feci,

215 1758 388 1811 iudices,
412 1772 647 1811 numquam
668 1772 805 1811 neque
825 1758 985 1811 putavi,
1012 1772 1108 1798 cum
1129 1757 1326 1798 omnibus
1346 1756 1557 1798 machinis

217 1831 266 1857 ac
296 1816 541 1869 tormentis,
573 1816 632 1869 vi,
665 1816 870 1870 exercitu,
902 1816 1037 1870 copiis
1070 1829 1358 1871 oppugnarer,
1390 1815 1439 1856 de
1471 1829 1556 1856 uno

217 1875 443 1930 sagittario
491 1889 558 1916 me
605 1874 724 1928 queri
768 1875 1003 1915 convenire.
1077 1875 1189 1916 Acta
1232 1888 1326 1915 mea
1369 1874 1453 1915 sibi
1497 1874 1558 1914 ait
1577 1891 1612 1916 30

218 1933 455 1987 displicere.
517 1932 622 1981 Quis
653 1933 818 1974 nescit‘?
855 1933 927 1987 qui
958 1933 1099 1988 legem
1129 1947 1269 1974 meam
1300 1934 1558 1986 contemnat,

219 2006 326 2045 quae
361 1991 544 2033 dilucide
575 1993 692 2032 vetat
723 1992 985 2046 gladiatores
1017 1991 1207 2044 biennio,
1246 2005 1329 2044 quo
1363 1991 1457 2044 quis
1489 2005 1558 2044 pe-

139 2064 205 2094 134
219 2050 338 2090 tierit
364 2053 437 2091 aut
462 2050 675 2104 petiturus
700 2050 770 2104 sit,
802 2050 913 2091 dare.
965 2049 1017 2091 In
1043 2064 1126 2104 quo
1153 2049 1244 2090 eius
1269 2049 1557 2090 temeritatem

220 2108 325 2149 satis
369 2108 533 2161 mirari,
576 2108 755 2162 iudices,
797 2122 885 2149 non
928 2123 1048 2163 queo.
1121 2107 1245 2149 Facit
1289 2107 1557 2161 apertissime

220 2169 369 2207 contra
411 2166 568 2222 legem,
610 2166 716 2208 facit
758 2167 812 2219 is,
857 2167 930 2220 qui
972 2181 1109 2221 neque
1153 2165 1266 2206 elabi
1309 2179 1359 2206 ex
1399 2165 1556 2207 iudicio
1578 2182 1611 2208 35

220 2224 482 2265 iucunditate
515 2239 592 2266 sua
622 2239 758 2278 neque
791 2225 930 2266 emitti
962 2225 1103 2280 gratia
1133 2225 1279 2278 potest
1308 2238 1445 2277 neque
1472 2224 1559 2278 opi-

221 2282 300 2323 bus
344 2285 387 2323 et
428 2283 624 2336 potentia
660 2283 777 2338 leges
816 2298 864 2324 ac
901 2283 1060 2325 iudicia
1094 2281 1373 2337 perfringere.
1441 2282 1559 2332 Quae
