1671 2543
339 91 434 127 PRO
461 90 509 126 M.
538 89 723 126 SCAURO
751 89 941 125 ORATIO.
986 89 1088 125 CAP.
1116 94 1134 125 1
1161 93 1180 132 ξ
1208 94 1238 126 1.
1378 89 1465 131 245

116 199 232 234 iniret
257 209 301 233 ac
326 208 453 232 rursus
475 198 562 231 ante
582 196 677 231 alias
696 195 908 240 provincias
928 195 1118 240 spoliaret,
1144 206 1256 239 quam
1280 194 1464 229 rationem

115 245 253 291 prioris
285 243 621 279 administrationis
652 242 835 278 redderet.
887 243 1044 278 Scaurus
1076 254 1258 277 summam
1289 242 1464 276 fiduciam

116 294 158 328 in
193 292 342 338 paterni
380 290 541 326 nominis
572 290 776 335 dignitate,
815 301 992 335 magnam
1022 289 1063 324 in
1091 289 1368 324 necessitudine
1401 288 1463 324 Cn.

115 339 272 385 Pompei
309 339 439 384 Magni
480 338 696 383 reponebat.
756 337 932 372 Habebat
974 338 1073 372 enim
1109 337 1228 371 filium
1261 336 1465 371 liberorum

118 387 181 422 Cn.
204 386 360 431 Pompei
385 387 552 427 fratrem,
581 396 669 419 nam
687 385 862 427 Tertiam,
890 384 1091 419 Scaevolae
1117 384 1244 427 filiam,
1272 383 1464 418 dimissam

49 439 51 441 '
117 446 140 469 a
164 434 341 479 Pompeio
366 433 406 468 in
430 432 711 467 matrimonium
737 432 904 466 duxerat.
955 431 1004 466 M.
1031 430 1210 466 Catonem
1237 433 1373 475 autem,
1400 429 1464 474 qui

115 482 156 516 id
175 480 367 524 iudicium,
393 482 436 515 ut
456 479 627 523 diximus,
650 479 858 521 exercebat,
878 478 1071 513 metuebat
1092 478 1293 514 admodum
1313 479 1465 524 propter

117 528 338 571 amicitiam,
371 538 467 572 quae
498 529 578 561 erat
608 526 667 560 illi
698 538 782 562 cum
807 526 967 568 Triario;
999 537 1086 560 nam
1110 525 1310 569 Flaminia,
1343 524 1466 559 Triari

116 577 246 618 mater,
274 577 312 610 et
336 575 417 619 ipse
441 574 606 608 Triarius
633 584 798 608 sororem
819 573 970 608 Catonis
993 572 1199 616 Serviliam,
1226 583 1320 617 quae
1344 574 1466 606 mater

118 623 166 657 M.
192 622 300 657 Bruti
330 621 419 666 fuit,
452 620 690 656 familiariter
721 620 921 665 diligebat,
956 631 999 654 ea
1022 631 1132 665 porro
1158 620 1259 664 apud
1285 619 1466 654 Catonem

117 671 325 704 maternam
362 669 559 704 obtinebat
597 668 870 703 auctoritatem.
928 667 1000 701 Sed
1037 667 1072 701 ei
1108 668 1147 701 in
1175 666 1316 702 iudicio
1345 676 1465 710 neque

117 717 316 762 Pompeius
356 727 582 761 propensum
629 715 856 750 adiutorium
899 713 1074 759 praebuit
1117 713 1329 758 (videbatur
1367 713 1466 748 enim

118 765 219 809 apud
255 763 419 798 animum
458 763 536 798 eius
574 773 649 797 non
680 762 803 796 minus
835 761 1050 802 offensionis
1082 760 1327 804 contraxisse,
1365 760 1466 804 quod

116 811 300 846 iudicium
326 810 404 845 eius
429 810 468 845 in
493 810 656 845 Muciam
688 809 841 844 crimine
860 808 1120 853 impudicitiae
1141 808 1186 842 ab
1208 818 1251 842 eo
1273 807 1465 841 dimissam

118 859 237 893 levius
275 858 407 892 fecisse
439 857 729 899 existimaretur,
767 868 851 891 cum
883 867 964 890 eam
996 856 1075 899 ipse
1105 855 1318 899 probasset,
1354 865 1467 898 quam

119 905 266 950 gratiae
291 904 499 949 adquisisse
525 903 812 939 necessitudinis
838 905 933 946 iure,
961 902 1060 946 quod
1085 912 1131 936 ex
1156 902 1286 936 eadem
1311 903 1468 945 uterque

118 953 257 987 liberos
288 951 477 996 haberet),
508 962 629 995 neque
662 949 752 986 Cato
780 951 827 984 ab
853 950 1045 994 aequitate
1071 959 1132 993 ea,
1166 959 1261 993 quae
1288 950 1326 982 et
1348 948 1467 982 vitam

120 1000 200 1034 eius
232 1001 270 1034 et
300 998 565 1044 magistratum
596 998 705 1032 illum
737 998 910 1040 decebat,
943 1007 1129 1040 quoquam
1161 994 1323 1030 deflexit.
1377 995 1468 1030 Post

120 1047 220 1081 diem
247 1048 373 1080 autem
400 1047 590 1090 quartam,
623 1056 734 1088 quam
758 1044 973 1089 postulatus
1000 1045 1081 1077 erat
1107 1043 1282 1086 Scaurus,
1309 1042 1467 1076 Faustus

120 1093 225 1129 Sulla
259 1096 339 1128 tum
378 1095 569 1136 quaestor,
608 1092 706 1126 filius
745 1091 872 1126 Sullae
911 1090 1064 1133 Felicis,
1103 1090 1219 1124 frater
1255 1100 1298 1124 ex
1337 1089 1468 1123 eadem

118 1143 239 1175 matre
266 1140 394 1175 Scauri
425 1139 486 1160 Η*
519 1149 647 1174 servus
681 1138 759 1174 eius
790 1138 1008 1173 vulneratus
1039 1137 1214 1181 prosiluit
1245 1147 1287 1170 ex
1322 1135 1466 1170 lecticis

121 1189 159 1222 et
189 1189 342 1232 questus
375 1188 431 1221 est
462 1197 528 1231 pro
562 1186 790 1231 interempto
823 1196 903 1220 esse
935 1184 1243 1229 competitoribus
1271 1183 1400 1218 Scauri
1430 1184 1469 1218 et

120 1235 311 1269 ambulare
337 1245 421 1268 cum
448 1246 511 1268 ccc
538 1233 694 1268 armatis
721 1243 850 1276 seque,
878 1232 908 1266 si
933 1242 1085 1266 necesse
1111 1232 1220 1274 esset,
1246 1230 1323 1265 vim
1348 1229 1386 1264 vi
1410 1240 1467 1265 re-

117 1282 321 1327 pulsurum.
600 1301 608 1313 ,
687 1321 693 1326 ἱ

214 1328 470 1363 Defenderunt
490 1323 674 1362 Scaurum*
696 1330 759 1361 sex
784 1325 944 1370 patroni,
971 1336 1055 1359 cum
1081 1325 1129 1359 ad
1153 1324 1194 1359 id
1218 1325 1366 1369 tempus
1385 1335 1467 1358 raro

120 1377 318 1420 quisquam
360 1375 530 1420 pluribus
568 1385 680 1418 quam
724 1375 901 1418 quattuor
938 1374 1121 1415 uteretur,
1167 1373 1206 1406 at
1244 1373 1329 1416 post
1367 1371 1470 1405 bella

85 1459 93 1466 ,
121 1423 249 1458 civilia
263 1422 361 1457 'ante
387 1422 510 1467 legem
530 1421 664 1455 Iuliam
684 1421 732 1455 ad
752 1420 942 1455 duodenos
964 1421 1141 1464 patronos
1162 1420 1219 1453 est
1237 1420 1466 1463 perventum.

121 1470 286 1504 Fuerunt
317 1471 445 1503 autem
472 1469 512 1503 hi
544 1479 606 1503 sex
630 1468 677 1514 P.
710 1467 861 1505 Clodius
887 1466 1061 1509 Pulcher,
1094 1468 1143 1500 M.
1169 1465 1387 1509 Marcellus,
1419 1465 1466 1500 M.

122 1516 305 1559 Calidius,
323 1516 387 1550 .M.
419 1515 577 1558 Cice1·o,‘
597 1516 646 1551 M.
678 1514 841 1550 Messala
870 1513 1004 1558 Niger,
1037 1513 1077 1555 Q.
1102 1513 1336 1548 Hortensius.
1384 1512 1469 1557 Ipse

77 1568 83 1576 ¹
123 1573 268 1607 quoque
295 1562 460 1597 Scaurus
492 1562 587 1596 dixit
616 1573 683 1607 pro
716 1573 754 1596 se
786 1572 829 1596 ac
859 1571 1086 1605 magnopere
1115 1559 1257 1594 iudices
1288 1559 1407 1594 movit
1432 1561 1470 1594 et

124 1609 297 1655 squalore
324 1611 362 1643 et
392 1608 557 1644 lacrimis
590 1610 628 1643 et
661 1607 870 1643 aedilitatis
905 1607 1043 1642 effusae
1069 1605 1249 1641 memoria
1274 1618 1317 1641 ac
1342 1606 1469 1641 favore

123 1655 301 1702 populari
327 1666 370 1690 ac
395 1655 596 1701 praecipue
621 1657 799 1700 paternae
826 1653 1063 1689 auctoritatis
1088 1653 1356 1688 recordatione.

215 1846 257 1897 [1
270 1847 312 1897 a]
375 1843 564 1885 Maxime
601 1842 685 1884 fuit
717 1843 954 1896 optandum
987 1841 1045 1882 M.
1079 1840 1258 1895 Scauro,
1294 1805 1508 1895 iudicem}

124 1907 174 1945 ut
210 1904 330 1944 nullo
370 1905 571 1956 suscepto
611 1901 863 1954 cuiusquam
899 1901 995 1941 odio
1030 1900 1120 1941 sine
1154 1899 1388 1940 offensione
1420 1914 1469 1940 ac

125 1963 327 2004 molestia
350 1958 582 2013 retineret,
613 1959 657 2000 id
687 1959 800 2012 quod
830 1959 1058 2012 praecipue
1091 1972 1259 2012 semper
1291 1957 1470 2011 studuit,

126 2021 313 2077 generis,
348 2019 556 2072 familiae,
593 2017 782 2059 nominis
821 2017 1090 2072 dignitatem.
1154 2014 1391 2071 (Auyustin.
1422 2017 1470 2057 de

91 2099 107 2124 5
127 2080 224 2121 rhet.
236 2094 279 2133 p.
301 2082 392 2120 150.
413 2080 464 2119 15
484 2077 636 2130 Halm,
666 2077 792 2117 Arus.
823 2076 947 2117 Mess.
971 2090 1016 2128 p.
1035 2078 1128 2116 508.
1149 2078 1174 2116 6
1193 2073 1267 2130 K.)

245 2138 294 2180 Si
330 2140 492 2191 partem
534 2136 766 2180 honestatis,
800 2138 962 2187 partem
999 2134 1264 2187 turpitudinis
1300 2132 1468 2186 habebit,
1482 2143 1502 2174 2

119 2197 311 2250 partibus
361 2194 646 2238 benivolentiae
686 2194 871 2245 defensor
911 2194 1042 2233 utitur
1084 2196 1122 2233 et
1162 2192 1212 2233 ab
1255 2205 1316 2242 eO,
1365 2193 1472 2244 quod

126 2255 335 2297 honestum
372 2256 418 2296 in
454 2267 578 2295 causa
606 2255 745 2306 putat,
782 2252 945 2304 incipi&
985 2252 1093 2303 quod
1124 2250 1228 2302 facit
1261 2251 1307 2291 in
1344 2249 1468 2292 Scau-

127 2313 264 2356 riana.
344 2313 548 2365 Quoniam
596 2314 757 2364 partem
811 2310 1030 2352 honestatis
1064 2309 1251 2350 'habebat
1291 2321 1468 2362 persona
