1671 2543
204 101 289 142 358
333 99 427 134 PRO
454 98 582 135 REGE
603 98 846 134 DEIOTARO
868 97 1058 133 ORATIO.
1092 97 1191 133 CAP.
1215 102 1268 142 14,
1299 102 1340 133 16
1360 101 1380 140 ξ
1400 101 1552 134 40—43.

204 212 348 264 potes3
404 208 526 250 dabis
577 206 772 261 profecto
823 206 866 248 id
916 206 1254 260 misericordiae,
1307 205 1421 260 quod
1470 206 1552 248 ira-

207 267 384 310 cundiae
429 266 665 321 denegasti.
735 265 876 306 Multa
920 268 1020 306 sunt
1064 265 1329 306 monimenta
1373 264 1552 307 elemen-

205 327 291 369 tiae
330 329 448 380 tuae,
492 325 566 366 sed
604 325 791 366 maxima
829 338 976 366 eorum
1014 323 1352 378 incolumitates,
1395 323 1550 378 quibus

207 385 391 428 salutem
435 383 602 425 dedisti.
672 383 789 432 Quae
833 382 869 424 si
907 382 952 424 in
989 382 1171 437 privatis
1209 382 1402 438 gloriosa
1439 385 1552 437 sunt,

208 444 344 486 multo
384 443 521 499 magis
562 442 1014 484 commemorabuntur
1048 442 1093 483 in
1124 441 1311 497 regibus.
1374 439 1553 496 Semper
1588 456 1606 484 ο

207 503 374 558 regium
405 516 563 544 nomen
594 501 639 543 in
668 501 749 543 hac
781 501 956 543 civitate
987 503 1185 542 sanctum
1210 499 1304 555 fuit,
1336 500 1552 542 sociorum

208 576 307 603 vero
341 575 492 616 regum
525 563 569 603 et
595 560 831 602 amicorum
857 559 1191 601 sanctissimum.
1247 558 1371 609 Quod
1395 573 1553 601 nomen

207 621 254 662 hi
279 634 403 676 reges
428 634 481 662 ne
508 619 760 661 amitterent
784 621 826 660 te
858 618 1034 672 victore,
1059 618 1309 673 timuerunt,
1334 619 1553 659 retentum

208 694 308 721 vero
347 681 391 720 et
428 693 452 720 a
490 681 532 720 te
572 678 874 720 confirmatum
911 677 1097 732 posteris
1139 677 1270 718 etiam
1302 676 1391 718 suis
1423 676 1553 718 tradi·

208 742 329 780 turos
380 752 426 780 se
476 752 568 779 esse
619 737 877 779 confidunts
923 735 1116 791 Corpora
1166 750 1243 778 sua
1290 749 1368 790 pro
1413 735 1552 778 salute
1573 750 1608 776 10

208 811 359 853 regum
392 811 568 839 suorum
599 795 646 837 hi
677 796 812 851 legati
845 795 926 836 tibi
958 794 1067 851 regii
1099 795 1288 848 tradunt,
1322 793 1478 836 Hieras
1510 795 1554 836 et

208 855 451 898 Blesamius
490 858 533 897 et
570 854 835 910 Antigonus,
873 853 955 895 tibi
991 853 1201 908 nobisque
1235 853 1434 895 omnibus
1466 852 1554 895 iam

209 915 281 956 diu
324 914 435 969 noti,
479 914 711 968 eademque
753 913 836 954 fide
881 915 924 954 et
960 913 1120 954 virtute
1157 911 1378 967 praeditus
1417 910 1554 966 Dory·

208 974 320 1028 laus,
359 973 431 1029 qui
462 987 599 1027 nuper
631 987 727 1014 eum
760 971 893 1013 Hiera
924 972 1094 1027 legatus
1128 973 1194 1012 est
1225 970 1277 1012 ad
1309 973 1352 1012 te
1384 970 1554 1024 missus,

209 1048 306 1075 cum
347 1046 499 1088 regum
543 1031 811 1085 amicissimi,
862 1033 955 1072 tum
999 1030 1081 1071 tibi
1125 1030 1274 1084 etiam,
1323 1032 1373 1071 ut
1416 1043 1554 1084 spero,
1575 1043 1608 1070 ιι

153 1099 194 1130 42
210 1092 394 1146 probati.
456 1090 647 1145 Exquire
684 1090 734 1131 de
766 1089 1001 1143 Blesamio,
1038 1103 1141 1130 num
1180 1088 1282 1143 quid
1320 1088 1373 1130 ad
1410 1101 1556 1144 regem

210 1153 361 1192 eontra
410 1149 666 1206 dignitatem
713 1151 834 1189 tuam
877 1148 1110 1203 scripserit.
1182 1147 1338 1188 Hieras
1383 1146 1556 1202 quidem

211 1223 384 1251 causam
423 1222 594 1249 omnem
632 1207 813 1261 suscipit
851 1209 894 1249 et
931 1206 1182 1248 criminibus
1221 1206 1308 1247 illis
1342 1219 1421 1260 pro
1454 1218 1555 1260 rege

211 1282 254 1309 se
296 1266 502 1321 supponit
546 1281 678 1308 reum.
746 1265 1001 1307 Memoriam
1045 1268 1164 1306 tuam
1203 1264 1424 1318 implorat,
1470 1277 1555 1318 qua

210 1325 326 1367 vales
365 1325 618 1379 plurimum3
654 1327 787 1380 negat
824 1338 1030 1377 umquam
1068 1337 1113 1365 se
1151 1337 1176 1363 a
1207 1325 1250 1364 te
1281 1323 1327 1363 in
1357 1321 1609 1363 Deiotarizo

211 1383 447 1425 tetrarchia
477 1383 629 1437 pedem
661 1383 926 1436 discessisse3
957 1382 1002 1423 in
1033 1381 1184 1436 primis
1216 1381 1374 1422 finibus
1401 1380 1484 1422 tibi
1509 1394 1555 1422 se

210 1444 382 1497 praesto
427 1441 559 1483 fuisse
604 1441 726 1495 dicit,
769 1455 904 1495 usque
948 1440 1000 1481 ad
1038 1440 1214 1481 ultimos
1253 1441 1549 1494 prosecutum3

212 1516 308 1543 cum
359 1515 380 1542 e
430 1500 583 1541 balneo
634 1500 811 1553 exisses,
861 1502 1004 1541 tecum
1054 1513 1098 1540 se
1139 1498 1289 1552 fuisse,
1340 1512 1437 1540 eum
1480 1497 1557 1539 illa

214 1574 388 1601 munera
429 1558 688 1613 inspexisses
733 1561 927 1611 cenatus,
972 1572 1069 1599 cum
1113 1557 1156 1598 in
1199 1556 1396 1599 cubiculo
1440 1570 1556 1598 reeu-

212 1619 397 1672 buisses,
444 1617 706 1671 eandemque
751 1617 1052 1658 adsiduitatem
1096 1616 1177 1657 tibi
1222 1630 1266 1657 se
1306 1614 1606 1670 praebuisse&

156 1684 198 1714 43
213 1677 431 1732 postridie.
499 1674 638 1725 Quam
677 1676 730 1717 ob
770 1690 878 1730 rem,
916 1676 952 1716 si
991 1675 1093 1729 quid
1132 1689 1297 1728 eorum,
1336 1688 1445 1728 quae
1484 1673 1556 1715 ob-

214 1737 325 1778 iecta
356 1738 474 1789 sunt,
507 1735 748 1791 cogitatum
781 1734 856 1788 sit,
890 1749 976 1776 non
1008 1735 1189 1787 recusat,
1222 1733 1325 1787 quin
1355 1732 1399 1774 id
1431 1746 1556 1774 suum

213 1795 378 1837 facinus
411 1794 583 1836 iudices.
645 1792 866 1847 Quocirca,
899 1792 943 1835 C.
971 1791 1142 1847 Caesar,
1173 1791 1302 1833 velim
1334 1790 1555 1832 existimes

213 1854 419 1896 hodierno
465 1853 532 1894 die
577 1852 837 1894 sententiam
877 1854 997 1893 tuam
1034 1853 1109 1892 aut
1147 1864 1244 1892 eum
1282 1863 1450 1891 summo
1489 1849 1556 1890 de-

214 1913 364 1954 decore
392 1911 678 1953 miserrimam
709 1913 876 1964 pestem
908 1909 1226 1964 inportaturam
1258 1922 1351 1950 esse
1379 1907 1554 1963 regibus
1573 1921 1609 1946 ω

216 1974 290 2012 aut
324 1970 583 2012 ineolumem
621 1969 779 2010 famam
819 1983 915 2010 cum
953 1968 1110 2022 salute3
1152 1981 1334 2021 quorum
1372 1966 1556 2008 alterum

216 2032 364 2084 optare
414 2029 588 2070 illorum
633 2027 901 2070 crudelitatis
945 2029 1028 2080 est,
1078 2026 1262 2068 alterum
1306 2037 1556 2067 conservare

214 2088 467 2130 clementiae
500 2090 610 2128 tuae.

142 538 194 581 15

149 599 191 630 41
