1671 2543
217 93 304 135 496
401 93 453 128 IN
478 94 526 129 M.
554 92 816 129 ANTONIUM
841 93 1020 128 ORATIO
1039 92 1309 129 PHILIPPICA
1334 93 1377 128 X.

220 201 400 244 moleste
433 201 531 255 fers,
565 202 749 242 alterum
781 204 856 243 tua
890 201 1104 242 sententia
1136 200 1296 255 spolias
1328 200 1382 242 iis
1414 201 1562 256 copiis,

220 275 325 315 quas
358 260 450 315 ipse
484 275 560 302 suo
593 260 741 301 labore
773 262 816 301 et
846 259 1037 315 periculo
1071 259 1122 300 ad
1149 259 1209 300 rei
1235 259 1444 314 publicae,
1474 274 1561 302 non

220 319 274 360 ad
314 334 439 361 suum
476 319 738 373 praesidium
770 333 846 373 per
878 333 922 360 se
953 318 1072 360 nullo
1106 318 1333 360 adiuvante
1367 317 1560 360 confecit.

219 376 303 426 Qui
341 381 408 419 est
445 378 527 419 iste
565 380 665 419 tuus
705 392 873 432 sensus,
911 392 1018 432 quae
1054 377 1281 432 cogitatio,
1318 376 1480 419 Brutos
1511 380 1562 419 ut

219 451 306 478 non
336 437 512 491 probeS,
542 436 756 478 Antonios
789 436 962 491 probes,
995 450 1102 490 quos
1135 450 1282 477 omnes
1315 436 1571 478 carissimos·
1597 456 1614 481 5

213 492 393 549 liabent,
425 497 473 536 tu
506 495 658 549 oderis,
691 509 797 549 quos
830 495 1104 537 acerbissime
1131 495 1261 536 ceteri
1289 495 1481 549 oderunt,
1513 497 1562 536 tu

221 553 569 595 constantissime
620 554 805 609 diligas?
877 553 1184 608 Amplissimae
1234 553 1316 595 tibi
1363 553 1561 595 fortunae

221 616 337 667 sunt,
376 626 568 654 summus
606 612 784 654 honoris
820 613 996 668 gradus,
1033 613 1165 661 filius,
1202 614 1252 654 ut
1284 615 1328 654 et
1359 612 1484 654 audio
1517 614 1562 654 et

221 685 364 726 spero,
401 669 540 712 natus
568 671 621 712 ad
658 672 845 726 laudem,
884 671 952 713 cui
983 686 1080 713 cum
1112 671 1173 712 rei
1204 671 1401 725 publicae
1434 685 1563 713 causa

186 730 362 784 bfaveo,
400 732 493 771 tum
532 730 664 771 etiam
700 733 786 772 tua.
850 730 1017 779 Quaero
1056 730 1209 785 igitur,
1248 744 1345 771 eum
1379 729 1560 771 Brutine
1582 747 1616 773 ιο

221 789 407 830 similem
446 789 572 830 malis
610 803 665 830 an
696 788 879 843 Antoni,
918 804 966 831 ac
997 789 1221 844 permitto,
1259 790 1308 830 ut
1339 789 1389 830 de
1421 788 1562 830 tribus

220 847 424 889 Antoniis
467 848 619 903 eligas,
664 862 791 902 quem
828 848 946 890 velis.
1014 847 1085 889 ‘Di
1123 846 1335 889 meliora'!
1382 847 1562 901 inquies.

220 905 308 948 Cur
339 906 475 962 igitur
505 921 591 948 non
622 905 677 948 iis
709 906 838 962 faves,
871 921 943 948 eos
975 906 1136 960 laudas,
1168 921 1350 960 quorum
1377 905 1562 947 similem

220 968 343 1006 tuum
386 965 525 1006 filium
563 979 654 1007 esse
692 966 787 1007 vis‘?
857 964 994 1007 Simul
1033 965 1146 1007 enim
1184 968 1228 1006 et
1266 965 1327 1006 rei
1364 965 1562 1019 publicae

220 1023 417 1065 consules
450 1026 494 1065 et
520 1039 734 1078 propones
760 1024 826 1065 illi
852 1024 1046 1078 exempla
1073 1024 1125 1065 ad
1151 1023 1416 1065 imitandum.
1466 1022 1561 1065 Hoc
1583 1040 1615 1065 15

220 1097 340 1137 vero,
374 1082 422 1132 Q.
454 1082 562 1137 Fufi,
595 1084 719 1138 cupio
753 1083 843 1125 sine
876 1083 1108 1124 offensione
1140 1086 1314 1124 nostrae
1347 1082 1562 1124 amicitiae

221 1142 283 1183 sic
314 1144 458 1184 tecum
489 1144 539 1183 ut
567 1157 592 1183 a
617 1145 660 1184 te
687 1142 944 1183 dissentiens
972 1145 1146 1183 senator
1171 1141 1302 1196 queri.
1353 1141 1423 1182 Ita
1448 1141 1563 1183 enim

221 1200 380 1255 dixisti,
413 1203 457 1242 et
483 1200 655 1255 quidem
680 1201 734 1243 de
758 1201 919 1255 scripto
947 1199 1064 1256 (nam
1090 1203 1133 1242 te
1159 1199 1305 1254 inopia
1331 1200 1449 1242 verbi
1475 1199 1563 1254 lap-

222 1273 317 1299 sum
336 1261 535 1313 putarem
557 1259 658 1311 [nisi
679 1262 799 1301 tuam
819 1260 863 1300 in
880 1259 1056 1301 dicendo
1073 1258 1325 1300 facultatem
1338 1256 1562 1312 nossem]),

219 1317 390 1358 litteras
416 1317 544 1358 Bruti
569 1321 684 1359 recte
710 1321 754 1359 et
781 1318 928 1360 ordine
955 1318 1138 1372 scriptas
1165 1317 1310 1358 videri.
1361 1316 1473 1366 Quid
1496 1319 1562 1358 est
1583 1333 1616 1358 20

187 1375 339 1416 ealiud
376 1376 604 1417 librarium
638 1376 764 1417 Bruti
803 1376 993 1430 laudare,
1030 1390 1117 1417 non
1148 1375 1362 1416 Brutum?
1425 1374 1563 1417 Usum

221 1435 267 1475 in
297 1448 342 1475 re
373 1435 564 1488 publiea,
603 1433 776 1489 Calene,
814 1448 1019 1490 magnum
1050 1435 1137 1475 iam
1168 1434 1326 1475 habere
1358 1436 1402 1475 et
1433 1433 1562 1475 debes

222 1495 265 1534 et
296 1495 432 1547 potes.
484 1493 661 1542 Quando
693 1493 756 1534 ita
787 1493 955 1535 decerni
986 1493 1133 1534 vidisti
1166 1495 1241 1534 aut
1273 1506 1357 1547 quo
1388 1495 1561 1534 senatus

223 1551 422 1593 consulto
448 1551 576 1593 huius
603 1552 771 1607 generis
799 1550 918 1606 (sunt
944 1552 1056 1593 enim
1084 1549 1431 1607 innumerabilia)
1457 1551 1563 1593 bene

223 1610 407 1664 scriptas
446 1610 616 1652 litteras
655 1611 873 1652 decretum
912 1625 936 1651 a
974 1610 1154 1652 senatu?
1223 1609 1347 1659 Quod
1383 1610 1561 1652 verbum
1583 1627 1616 1652 25

223 1669 304 1710 tibi
332 1683 419 1710 non
445 1669 614 1724 excidit,
639 1673 688 1710 ut
714 1684 840 1724 saepe
866 1669 927 1724 fit,
956 1668 1156 1723 fortuito3
1188 1669 1409 1723 scriptum,
1434 1668 1563 1710 medi-

182 1729 375 1781 3tatum,
410 1728 651 1783 cogitatum
683 1728 882 1770 attulisti.
943 1727 1066 1770 Hanc
1098 1728 1180 1769 tibi
1211 1727 1563 1769 consuetudinem

221 1785 438 1841 plerisque
470 1787 515 1828 in
546 1787 674 1828 rebus
706 1787 830 1829 bonis
857 1786 1128 1828 obtrectandi
1154 1786 1190 1828 si
1218 1786 1291 1840 qui
1317 1786 1563 1840 detraxerit,

223 1845 326 1899 quid
363 1844 462 1900 tibi,
501 1846 614 1900 quod
653 1846 735 1887 sibi
774 1846 953 1900 quisque
992 1845 1115 1899 velit,
1152 1859 1237 1886 non
1268 1844 1563 1899 relinquetur?

224 1903 363 1952 Quam
395 1904 449 1945 ob
483 1919 573 1946 rem
606 1905 759 1961 collige
791 1907 834 1946 te
865 1903 1072 1960 placaque
1103 1904 1293 1945 animum
1324 1903 1458 1945 istum
1490 1903 1616 1946 ali-³0

224 1962 393 2016 quando
439 1965 482 2004 et
518 1964 689 2019 mitiga,
733 1963 831 2005 audi
869 1963 984 2005 viros
1021 1963 1176 2016 bonos,
1220 1961 1376 2016 quibus
1414 1962 1563 2003 multis

222 2021 370 2075 uteris,
401 2021 576 2076 loquere
613 2037 710 2064 cum
741 2022 1058 2076 sapientissimo
1090 2021 1264 2063 homine
1296 2034 1454 2076 genero
1487 2023 1562 2062 tuo

224 2079 394 2134 saepius
440 2095 568 2134 quam
612 2081 703 2135 ipse
748 2084 908 2135 tecum3
951 2083 1043 2121 tum
1088 2079 1269 2134 denique
1307 2078 1562 2134 amplissimi

223 2138 400 2180 honoris
443 2154 601 2181 nomen
645 2139 873 2194 optinebis.
942 2139 1011 2180 An
1055 2153 1154 2180 velo
1191 2138 1274 2180 hoc
1311 2152 1388 2192 pro
1425 2137 1563 2178 nihilo

222 2199 368 2252 putas,
423 2198 469 2239 in
525 2213 608 2252 quo
665 2198 836 2252 quidem
890 2212 968 2252 pro
1019 2197 1210 2239 amicitia
1258 2199 1378 2238 tuam
1426 2195 1563 2238 vicem
1582 2211 1616 2238 ,πε

223 2231 368 2297 dolere²
423 2257 559 2311 soleo,
609 2257 749 2298 efferri
797 2257 879 2298 hoc
926 2256 1042 2298 foras
1089 2258 1136 2297 'et
1185 2255 1238 2296 ad
1285 2253 1433 2309 populi
1481 2254 1564 2296 Ro·

224 2314 339 2354 mani
377 2315 492 2357 auris
530 2316 769 2370 pervenire,
806 2315 864 2370 ei,
901 2315 974 2370 qui
1010 2314 1175 2369 primus
1215 2312 1473 2355 sententiam
1505 2313 1564 2355 di-
