1671 2543
213 114 296 154 122
402 113 466 148 DE
492 112 768 149 PROVINCIIS
795 112 1157 148 CONSULARIBUS
1186 113 1375 150 ORATIO.

210 222 420 263 maximae
451 223 667 275 nationeS,
701 222 774 262 sed
803 222 994 263 nondum
1025 223 1209 277 legibus,
1239 223 1431 264 nondum
1462 223 1554 265 iure

210 284 346 335 certo,
388 282 578 322 nondum
623 280 728 321 satis
773 280 900 321 firma
936 296 1040 335 pace
1080 281 1313 322 devinctae.
1382 281 1553 323 Bellum

210 340 424 382 adfectum
453 340 645 380 videmus
673 342 727 392 et,
759 354 856 380 vere
881 342 931 380 ut
957 340 1107 393 dicam,
1138 354 1271 393 paene
1299 340 1553 395 confectum,

209 399 282 440 sed
308 399 382 452 ita,
407 402 468 452 ut,
495 398 531 439 si
556 398 669 438 idem
696 401 887 438 extrema
911 399 1196 452 persequitur,
1223 399 1295 452 qui
1321 399 1552 453 inchoavit,

208 457 295 498 iam
321 457 465 498 omnia
490 456 681 511 perfecta
707 457 937 510 videamus,
970 457 1006 498 si
1033 458 1286 511 succeditur,
1314 458 1552 512 periculum

210 516 279 569 sit,
310 531 363 557 ne
395 516 658 557 instauratas
689 515 864 556 maximi
891 516 994 556 belli
1020 516 1223 569 reliquias
1251 531 1299 558 ac
1325 520 1552 558 renovatas

137 575 449 623 (emaudiamus.
510 574 628 629 Ergo
668 588 747 629 ego
787 577 960 616 senator
991 575 1208 628 inimicus,
1247 575 1282 616 si
1315 575 1378 616 ita
1408 576 1553 629 vultis,

207 633 372 674 homini
417 633 578 674 amicus
624 647 734 685 esse,
778 633 890 674 sicut
929 648 1095 687 semper
1133 633 1212 687 fui,
1256 634 1318 674 rei
1354 635 1551 688 publicae

149 699 193 730 20
209 693 354 732 debeo.
406 692 545 740 Quid?
579 691 614 732 si
647 691 763 745 ipsas
795 692 1044 733 inimicitias
1075 693 1240 746 depono
1267 693 1329 733 rei
1354 693 1551 747 publicae

208 765 352 803 causa,
389 750 483 804 quis
521 765 589 791 me
628 751 802 791 tandem
837 750 926 791 iure
959 751 1258 805 reprehendet,
1296 752 1552 805 praesertim

208 824 304 850 cum
332 823 410 864 ego
439 809 630 850 omnium
657 824 851 850 meorum
877 810 1156 850 consiliorum
1183 812 1312 863 atque
1338 810 1552 852 factorum

209 869 403 922 exempla
443 882 610 921 semper
649 882 698 908 ex
732 882 999 909 summorum
1030 868 1254 909 hominum
1285 868 1413 910 factis
1445 869 1552 910 mihi

167 910 448 967 9censuerim
487 926 688 980 petenda,
727 941 780 967 an
814 941 914 968 vero
947 926 1003 967 M.
1035 927 1108 968 ille
1137 926 1343 982 Lepidus,
1380 927 1454 981 qui
1485 927 1552 969 bis

133 967 359 1026 (²¹>consul
392 988 435 1026 et
460 985 655 1039 pontifex
680 985 891 1026 maximus
917 985 1012 1039 fuit,
1043 999 1130 1027 non
1156 987 1296 1027 solum
1321 987 1552 1028 memoriae

206 1044 468 1097 testimonio,
493 1045 566 1085 sed
587 1044 717 1085 etiam
739 1044 957 1087 annalium
976 1045 1136 1085 litteris
1159 1047 1202 1085 et
1221 1045 1379 1086 summi
1398 1048 1551 1099 poetae

205 1118 308 1144 voce
341 1103 541 1144 laudatus
574 1106 657 1155 est,
697 1104 810 1156 quod
842 1118 937 1144 cum
970 1102 1027 1144 M.
1059 1102 1213 1144 Fulvio
1247 1104 1430 1159 collega,
1467 1118 1550 1158 quo

206 1162 273 1202 die
306 1176 456 1203 censor
488 1164 554 1202 est
584 1161 738 1214 factus,
773 1162 946 1203 homine
978 1162 1290 1215 inimicissimo,
1322 1163 1368 1203 in
1399 1177 1550 1217 campo

207 1220 358 1261 statim
384 1220 545 1261 rediit
534 1235 579 1260 111
599 1220 798 1274 gratiam
824 1223 872 1260 ut
894 1235 1117 1261 commune
1139 1221 1328 1262 officium
1349 1235 1550 1262 censurae

146 1288 189 1318 21
209 1279 423 1320 communi
456 1278 598 1319 animo
632 1293 680 1319 ac
711 1268 933 1319 voluntate
966 1279 1269 1320 defenderent?
1313 1279 1471 1334 Atque,
1500 1283 1550 1321 ut

206 1341 369 1391 vetera,
407 1351 514 1390 quae
548 1339 648 1377 sunt
680 1337 1028 1391 innumerabilia,
1060 1337 1250 1390 mittam,
1282 1341 1382 1379 tuus
1414 1341 1549 1404 pater,

206 1396 423 1450 Philippe,
460 1410 601 1436 nonne
639 1409 724 1436 uno
758 1399 951 1449 tempore
985 1410 1082 1437 cum
1117 1396 1204 1437 suis
1238 1397 1549 1438 inimicissimis

206 1455 251 1495 in
288 1455 475 1509 gratiam
513 1454 670 1494 rediit?
721 1455 875 1507 quibus
918 1469 1014 1495 eum
1054 1455 1252 1496 omnibus
1291 1455 1438 1496 eadem
1481 1470 1549 1497 res

148 1522 191 1553 22
208 1513 381 1567 publica
407 1512 710 1565 reconciliavit,
744 1527 851 1566 quae
878 1513 1098 1554 alienarat.
1149 1513 1289 1554 Multa
1314 1517 1549 1568 praetereo,

207 1572 320 1625 quod
350 1572 522 1612 intueor
554 1585 698 1612 coram
729 1571 833 1612 haec
862 1572 1026 1613 lumina
1052 1575 1180 1626 atque
1208 1576 1461 1614 ornamenta
1486 1573 1548 1614 rei

205 1630 414 1684 publicae,
440 1629 486 1670 P.
515 1629 742 1671 Servilium
768 1633 811 1671 et
837 1629 893 1670 M.
920 1630 1159 1672 Lucullum.
1209 1630 1390 1672 Utinam
1416 1632 1548 1673 etiam

206 1688 252 1730 L.
285 1688 491 1730 Lucullus
526 1688 616 1729 illic
649 1689 879 1730 adsideret!
941 1689 1058 1738 Quae
1090 1689 1264 1730 fuerunt
1296 1690 1548 1732 inimicitiae

205 1748 250 1789 in
282 1748 457 1789 civitate
491 1747 709 1802 graviores
743 1762 872 1801 quam
897 1747 1177 1789 Lucullorum
1206 1752 1334 1802 atque
1363 1748 1548 1790 Servili?

207 1821 311 1860 quas
338 1807 384 1847 in
409 1806 511 1847 viris
538 1806 790 1847 fortissimis
815 1821 901 1847 non
926 1807 1064 1848 solum
1085 1807 1268 1848 extinxit
1288 1822 1354 1848 res
1375 1808 1549 1861 publica

206 1865 481 1920 dignitasque
513 1865 718 1918 ipsorum,
751 1865 824 1906 sed
857 1866 988 1906 etiam
1021 1866 1073 1906 ad
1105 1866 1343 1907 amicitiam
1375 1881 1547 1908 consue-

206 1924 484 1977 tudinemque
510 1924 713 1964 traduxit.
753 1923 893 1972 Quid?
933 1924 978 1973 Q.
1007 1923 1209 1966 Metellus
1235 1924 1380 1978 Nepos
1405 1939 1547 1967 nonne

207 1983 355 2023 consul
388 1983 431 2023 in
464 1982 625 2035 templo
653 1981 769 2023 Iovis
803 1983 956 2037 optimi
988 1983 1164 2024 maximi
1194 1986 1417 2037 permotus
1450 1998 1548 2025 cum

207 2041 466 2082 auctoritate
487 2043 642 2094 vestra,
663 2043 756 2081 tum
776 2041 892 2082 illius
913 2041 959 2082 P.
975 2040 1129 2083 Servili
1149 2041 1390 2082 incredibili
1410 2042 1548 2096 gravi-

206 2102 296 2139 tate
324 2099 489 2140 dicendi
517 2113 670 2153 apsens
696 2114 863 2141 mecum
889 2115 1055 2141 summo
1084 2115 1160 2141 suo
1187 2100 1392 2141 beneficio
1419 2100 1547 2141 rediit

206 2157 250 2197 111
277 2158 492 2211 gratiam?
542 2159 612 2199 An
638 2171 717 2212 ego
745 2173 921 2212 possum
946 2159 1045 2200 huic
1072 2173 1164 2199 esse
1191 2158 1399 2211 inimicus,
1427 2159 1546 2200 cuius

206 2216 382 2268 litteris,
420 2216 553 2270 fama,
583 2216 747 2257 nuntiis
781 2217 1052 2258 celebrantur
1084 2231 1206 2258 aures
1240 2216 1395 2258 cotidie
1428 2231 1547 2259 meae

148 2280 192 2311 23
208 2274 329 2314 novis
355 2275 602 2315 nominibus
629 2275 836 2329 gentium,
866 2276 1104 2329 nationum,
1129 2275 1352 2316 locorum?
1392 2275 1548 2330 Ardeo,

208 2332 313 2372 milii
341 2332 511 2386 credite,
539 2335 684 2386 patres
711 2334 958 2389 conscripti,
984 2334 1046 2389 (id
1072 2334 1184 2388 quod
1210 2336 1377 2374 vosmet
1404 2335 1453 2375 de
1481 2349 1548 2376 me

1573 765 1606 789 10

1572 1059 1605 1085 15

1570 1352 1603 1376 20

1567 1644 1602 1670 ⁴25

1567 1937 1601 1963 30

1567 2235 1601 2261 35
