<?xml version="1.0" encoding="UTF-8"?>
<!DOCTYPE html PUBLIC "-//W3C//DTD XHTML 1.0 Transitional//EN"
    "http://www.w3.org/TR/xhtml1/DTD/xhtml1-transitional.dtd">
<html xmlns="http://www.w3.org/1999/xhtml" xml:lang="en" lang="en">
 <head>
  <title>
</title>
<meta http-equiv="Content-Type" content="text/html;charset=utf-8" />
  <meta name='ocr-system' content='tesseract 3.04.00' />
  <meta name='ocr-capabilities' content='ocr_page ocr_carea ocr_par ocr_line ocrx_word'/>
</head>
<body>
  <div class='ocr_page' id='page_1' title='image "./p3scriptaquaemanse02ciceuoft_0732.png"; bbox 0 0 1671 2543; ppageno 0'>
   <div class='ocr_carea' id='block_1_1' title="bbox 222 71 1465 140">
    <p class='ocr_par' dir='ltr' id='par_1_1' title="bbox 222 71 1465 140">
     <span class='ocr_line' id='line_1_1' title="bbox 222 71 1465 140; baseline 0.002 -7"><span class='ocrx_word' id='word_1_1' title='bbox 222 97 308 140; x_wconf 83' lang='lat'>564</span> <span class='ocrx_word' id='word_1_2' title='bbox 376 98 428 134; x_wconf 91' lang='lat' dir='ltr'>IN</span> <span class='ocrx_word' id='word_1_3' title='bbox 452 98 500 134; x_wconf 93' lang='lat' dir='ltr'>M.</span> <span class='ocrx_word' id='word_1_4' title='bbox 528 98 787 134; x_wconf 86' lang='lat' dir='ltr'>ANTONIUM</span> <span class='ocrx_word' id='word_1_5' title='bbox 813 98 991 134; x_wconf 84' lang='lat' dir='ltr'><strong>ORATIO</strong></span> <span class='ocrx_word' id='word_1_6' title='bbox 1016 98 1284 135; x_wconf 83' lang='lat' dir='ltr'>PHILIPPICA</span> <span class='ocrx_word' id='word_1_7' title='bbox 1310 99 1408 136; x_wconf 87' lang='lat' dir='ltr'><strong>XIV.</strong></span> <span class='ocrx_word' id='word_1_8' title='bbox 1463 71 1465 73; x_wconf 21' lang='grc' dir='ltr'>Ι</span> 
     </span>
    </p>
   </div>
   <div class='ocr_carea' id='block_1_2' title="bbox 155 207 1621 2374">
    <p class='ocr_par' dir='ltr' id='par_1_2' title="bbox 155 207 1621 2374">
     <span class='ocr_line' id='line_1_2' title="bbox 222 207 1569 263; baseline 0.002 -15"><span class='ocrx_word' id='word_1_9' title='bbox 222 222 244 248; x_wconf 90' lang='lat' dir='ltr'>e</span> <span class='ocrx_word' id='word_1_10' title='bbox 277 207 430 250; x_wconf 85' lang='lat' dir='ltr'>castris</span> <span class='ocrx_word' id='word_1_11' title='bbox 462 207 566 249; x_wconf 88' lang='lat' dir='ltr'>duas</span> <span class='ocrx_word' id='word_1_12' title='bbox 598 207 791 263; x_wconf 82' lang='lat' dir='ltr'>legiones</span> <span class='ocrx_word' id='word_1_13' title='bbox 823 207 970 248; x_wconf 84' lang='lat' dir='ltr'>eduxit</span> <span class='ocrx_word' id='word_1_14' title='bbox 1000 207 1242 249; x_wconf 82' lang='lat' dir='ltr'>incredibili</span> <span class='ocrx_word' id='word_1_15' title='bbox 1268 207 1411 249; x_wconf 89' lang='lat' dir='ltr'>studio</span> <span class='ocrx_word' id='word_1_16' title='bbox 1438 211 1569 262; x_wconf 84' lang='lat' dir='ltr'>atque</span> 
     </span>
     <span class='ocr_line' id='line_1_3' title="bbox 225 266 1569 320; baseline 0.001 -12"><span class='ocrx_word' id='word_1_17' title='bbox 225 267 400 320; x_wconf 84' lang='lat' dir='ltr'>virtute,</span> <span class='ocrx_word' id='word_1_18' title='bbox 440 269 639 320; x_wconf 77' lang='lat' dir='ltr'>quartam</span> <span class='ocrx_word' id='word_1_19' title='bbox 669 266 806 320; x_wconf 89' lang='lat' dir='ltr'>illam,</span> <span class='ocrx_word' id='word_1_20' title='bbox 840 280 947 320; x_wconf 90' lang='lat' dir='ltr'>quae</span> <span class='ocrx_word' id='word_1_21' title='bbox 979 266 1130 308; x_wconf 90' lang='lat' dir='ltr'>relicto</span> <span class='ocrx_word' id='word_1_22' title='bbox 1162 266 1354 308; x_wconf 80' lang='lat' dir='ltr'>Antonio</span> <span class='ocrx_word' id='word_1_23' title='bbox 1387 281 1432 308; x_wconf 90' lang='lat' dir='ltr'>se</span> <span class='ocrx_word' id='word_1_24' title='bbox 1465 267 1569 309; x_wconf 91' lang='lat' dir='ltr'>olim</span> 
     </span>
     <span class='ocr_line' id='line_1_4' title="bbox 222 324 1568 380; baseline 0.001 -13"><span class='ocrx_word' id='word_1_25' title='bbox 222 340 318 367; x_wconf 90' lang='lat' dir='ltr'>cum</span> <span class='ocrx_word' id='word_1_26' title='bbox 346 324 507 366; x_wconf 85' lang='lat' dir='ltr'>Martia</span> <span class='ocrx_word' id='word_1_27' title='bbox 532 325 701 380; x_wconf 80' lang='lat' dir='ltr'>legione</span> <span class='ocrx_word' id='word_1_28' title='bbox 729 325 962 378; x_wconf 87' lang='lat' dir='ltr'>coniunxit,</span> <span class='ocrx_word' id='word_1_29' title='bbox 994 327 1037 366; x_wconf 91' lang='lat' dir='ltr'>et</span> <span class='ocrx_word' id='word_1_30' title='bbox 1064 325 1304 379; x_wconf 75' lang='lat' dir='ltr'>septimam,</span> <span class='ocrx_word' id='word_1_31' title='bbox 1337 339 1445 379; x_wconf 88' lang='lat' dir='ltr'>quae</span> <span class='ocrx_word' id='word_1_32' title='bbox 1472 339 1568 368; x_wconf 90' lang='lat' dir='ltr'>con-</span> 
     </span>
     <span class='ocr_line' id='line_1_5' title="bbox 222 383 1568 439; baseline 0.001 -13"><span class='ocrx_word' id='word_1_33' title='bbox 222 385 379 426; x_wconf 90' lang='lat' dir='ltr'>stituta</span> <span class='ocrx_word' id='word_1_34' title='bbox 416 398 466 425; x_wconf 86' lang='lat' dir='ltr'>ex</span> <span class='ocrx_word' id='word_1_35' title='bbox 503 384 717 425; x_wconf 89' lang='lat' dir='ltr'>veteranis</span> <span class='ocrx_word' id='word_1_36' title='bbox 757 383 902 425; x_wconf 92' lang='lat' dir='ltr'>docuit</span> <span class='ocrx_word' id='word_1_37' title='bbox 938 383 1020 426; x_wconf 89' lang='lat' dir='ltr'>hoc</span> <span class='ocrx_word' id='word_1_38' title='bbox 1057 384 1220 438; x_wconf 87' lang='lat' dir='ltr'>proelio</span> <span class='ocrx_word' id='word_1_39' title='bbox 1257 383 1470 426; x_wconf 76' lang='lat' dir='ltr'>militibus</span> <span class='ocrx_word' id='word_1_40' title='bbox 1500 384 1568 439; x_wconf 87' lang='lat' dir='ltr'>iis,</span> 
     </span>
     <span class='ocr_line' id='line_1_6' title="bbox 221 442 1621 498; baseline 0.001 -14"><span class='ocrx_word' id='word_1_41' title='bbox 221 443 294 497; x_wconf 87' lang='lat' dir='ltr'>qui</span> <span class='ocrx_word' id='word_1_42' title='bbox 333 442 527 484; x_wconf 84' lang='lat' dir='ltr'>Caesaris</span> <span class='ocrx_word' id='word_1_43' title='bbox 570 442 778 484; x_wconf 89' lang='lat' dir='ltr'>beneficia</span> <span class='ocrx_word' id='word_1_44' title='bbox 815 446 1075 496; x_wconf 86' lang='lat' dir='ltr'>servassent,</span> <span class='ocrx_word' id='word_1_45' title='bbox 1121 445 1294 484; x_wconf 87' lang='lat' dir='ltr'>senatus</span> <span class='ocrx_word' id='word_1_46' title='bbox 1332 443 1567 498; x_wconf 85' lang='lat' dir='ltr'>populique</span> <span class='ocrx_word' id='word_1_47' title='bbox 1603 459 1621 486; x_wconf 81' lang='lat'>⁵</span> 
     </span>
     <span class='ocr_line' id='line_1_7' title="bbox 220 501 1566 556; baseline 0.001 -14"><span class='ocrx_word' id='word_1_48' title='bbox 220 502 405 543; x_wconf 85' lang='lat' dir='ltr'>Romani</span> <span class='ocrx_word' id='word_1_49' title='bbox 450 516 595 543; x_wconf 87' lang='lat' dir='ltr'>carum</span> <span class='ocrx_word' id='word_1_50' title='bbox 637 516 794 543; x_wconf 89' lang='lat' dir='ltr'>nomen</span> <span class='ocrx_word' id='word_1_51' title='bbox 831 516 935 543; x_wconf 89' lang='lat' dir='ltr'>esse.</span> <span class='ocrx_word' id='word_1_52' title='bbox 1001 501 1082 543; x_wconf 88' lang='lat' dir='ltr'>His</span> <span class='ocrx_word' id='word_1_53' title='bbox 1120 501 1277 556; x_wconf 85' lang='lat' dir='ltr'>viginti</span> <span class='ocrx_word' id='word_1_54' title='bbox 1314 501 1566 544; x_wconf 80' lang='lat' dir='ltr'>cohortibus</span> 
     </span>
     <span class='ocr_line' id='line_1_8' title="bbox 220 559 1565 616; baseline 0.001 -14"><span class='ocrx_word' id='word_1_55' title='bbox 220 561 338 602; x_wconf 90' lang='lat' dir='ltr'>nullo</span> <span class='ocrx_word' id='word_1_56' title='bbox 378 561 575 614; x_wconf 88' lang='lat' dir='ltr'>equitatu</span> <span class='ocrx_word' id='word_1_57' title='bbox 606 559 778 601; x_wconf 83' lang='lat' dir='ltr'>Hirtius</span> <span class='ocrx_word' id='word_1_58' title='bbox 815 560 906 614; x_wconf 91' lang='lat' dir='ltr'>ipse</span> <span class='ocrx_word' id='word_1_59' title='bbox 946 560 1134 614; x_wconf 85' lang='lat' dir='ltr'>aquilam</span> <span class='ocrx_word' id='word_1_60' title='bbox 1173 563 1350 614; x_wconf 75' lang='lat' dir='ltr'>quartae</span> <span class='ocrx_word' id='word_1_61' title='bbox 1381 561 1565 616; x_wconf 78' lang='lat' dir='ltr'>legionis</span> 
     </span>
     <span class='ocr_line' id='line_1_9' title="bbox 221 618 1566 675; baseline 0 -14"><span class='ocrx_word' id='word_1_62' title='bbox 221 634 317 661; x_wconf 90' lang='lat' dir='ltr'>cum</span> <span class='ocrx_word' id='word_1_63' title='bbox 342 618 546 674; x_wconf 59' lang='lat' dir='ltr'>inferret,</span> <span class='ocrx_word' id='word_1_64' title='bbox 565 633 648 673; x_wconf 89' lang='lat' dir='ltr'>qua</span> <span class='ocrx_word' id='word_1_65' title='bbox 672 619 833 660; x_wconf 88' lang='lat' dir='ltr'>nullius</span> <span class='ocrx_word' id='word_1_66' title='bbox 859 618 1149 673; x_wconf 82' lang='lat' dir='ltr'>pulchriorem</span> <span class='ocrx_word' id='word_1_67' title='bbox 1175 619 1361 673; x_wconf 88' lang='lat' dir='ltr'>speciem</span> <span class='ocrx_word' id='word_1_68' title='bbox 1385 619 1566 675; x_wconf 87' lang='lat' dir='ltr'>impera-</span> 
     </span>
     <span class='ocr_line' id='line_1_10' title="bbox 221 677 1565 734; baseline 0.001 -15"><span class='ocrx_word' id='word_1_69' title='bbox 221 679 328 720; x_wconf 89' lang='lat' dir='ltr'>toris</span> <span class='ocrx_word' id='word_1_70' title='bbox 367 678 626 733; x_wconf 82' lang='lat' dir='ltr'>accepimus.</span> <span class='ocrx_word' id='word_1_71' title='bbox 665 692 762 720; x_wconf 91' lang='lat' dir='ltr'>cum</span> <span class='ocrx_word' id='word_1_72' title='bbox 799 677 939 719; x_wconf 90' lang='lat' dir='ltr'>tribus</span> <span class='ocrx_word' id='word_1_73' title='bbox 976 678 1141 719; x_wconf 85' lang='lat' dir='ltr'>Antoni</span> <span class='ocrx_word' id='word_1_74' title='bbox 1175 678 1418 733; x_wconf 83' lang='lat' dir='ltr'>legionibus</span> <span class='ocrx_word' id='word_1_75' title='bbox 1451 679 1565 734; x_wconf 89' lang='lat' dir='ltr'>equi-</span> 
     </span>
     <span class='ocr_line' id='line_1_11' title="bbox 219 736 1620 792; baseline 0.001 -13"><span class='ocrx_word' id='word_1_76' title='bbox 219 740 400 790; x_wconf 85' lang='lat' dir='ltr'>tatuque</span> <span class='ocrx_word' id='word_1_77' title='bbox 433 736 626 778; x_wconf 85' lang='lat' dir='ltr'>conflixit</span> <span class='ocrx_word' id='word_1_78' title='bbox 656 737 888 791; x_wconf 85' lang='lat' dir='ltr'>hostesque</span> <span class='ocrx_word' id='word_1_79' title='bbox 919 736 1106 778; x_wconf 87' lang='lat' dir='ltr'>nefarios</span> <span class='ocrx_word' id='word_1_80' title='bbox 1137 736 1237 778; x_wconf 89' lang='lat' dir='ltr'>huic</span> <span class='ocrx_word' id='word_1_81' title='bbox 1268 736 1384 778; x_wconf 87' lang='lat' dir='ltr'>Iovis</span> <span class='ocrx_word' id='word_1_82' title='bbox 1411 738 1566 792; x_wconf 89' lang='lat' dir='ltr'>optimi</span> <span class='ocrx_word' id='word_1_83' title='bbox 1588 754 1620 780; x_wconf 85' lang='grc' dir='ltr'>ιο</span> 
     </span>
     <span class='ocr_line' id='line_1_12' title="bbox 220 794 1565 850; baseline 0.001 -13"><span class='ocrx_word' id='word_1_84' title='bbox 220 796 396 837; x_wconf 84' lang='lat' dir='ltr'>maximi</span> <span class='ocrx_word' id='word_1_85' title='bbox 424 796 662 849; x_wconf 89' lang='lat' dir='ltr'>ceterisque</span> <span class='ocrx_word' id='word_1_86' title='bbox 688 796 865 837; x_wconf 88' lang='lat' dir='ltr'>deorum</span> <span class='ocrx_word' id='word_1_87' title='bbox 891 794 1201 837; x_wconf 85' lang='lat' dir='ltr'>immortalium</span> <span class='ocrx_word' id='word_1_88' title='bbox 1227 796 1414 850; x_wconf 90' lang='lat' dir='ltr'>templis,</span> <span class='ocrx_word' id='word_1_89' title='bbox 1444 797 1565 839; x_wconf 88' lang='lat' dir='ltr'>urbis</span> 
     </span>
     <span class='ocr_line' id='line_1_13' title="bbox 220 854 1567 911; baseline 0.001 -16"><span class='ocrx_word' id='word_1_90' title='bbox 220 855 359 909; x_wconf 88' lang='lat' dir='ltr'>tectis,</span> <span class='ocrx_word' id='word_1_91' title='bbox 390 854 584 896; x_wconf 86' lang='lat' dir='ltr'>libertati</span> <span class='ocrx_word' id='word_1_92' title='bbox 610 854 758 908; x_wconf 86' lang='lat' dir='ltr'>populi</span> <span class='ocrx_word' id='word_1_93' title='bbox 784 854 979 908; x_wconf 87' lang='lat' dir='ltr'>Romani,</span> <span class='ocrx_word' id='word_1_94' title='bbox 1010 857 1183 896; x_wconf 88' lang='lat' dir='ltr'>nostrae</span> <span class='ocrx_word' id='word_1_95' title='bbox 1209 855 1322 896; x_wconf 77' lang='lat' dir='ltr'>vitae</span> <span class='ocrx_word' id='word_1_96' title='bbox 1350 855 1567 911; x_wconf 87' lang='lat' dir='ltr'>sanguini-</span> 
     </span>
     <span class='ocr_line' id='line_1_14' title="bbox 221 913 1566 968; baseline 0.001 -13"><span class='ocrx_word' id='word_1_97' title='bbox 221 928 302 968; x_wconf 88' lang='lat' dir='ltr'>que</span> <span class='ocrx_word' id='word_1_98' title='bbox 333 913 608 954; x_wconf 88' lang='lat' dir='ltr'>imminentes</span> <span class='ocrx_word' id='word_1_99' title='bbox 639 913 893 968; x_wconf 76' lang='lat' dir='ltr'>prostravit,</span> <span class='ocrx_word' id='word_1_100' title='bbox 927 913 1056 967; x_wconf 88' lang='lat' dir='ltr'>fudit,</span> <span class='ocrx_word' id='word_1_101' title='bbox 1089 913 1254 967; x_wconf 89' lang='lat' dir='ltr'>occidit,</span> <span class='ocrx_word' id='word_1_102' title='bbox 1286 915 1336 954; x_wconf 89' lang='lat' dir='ltr'>ut</span> <span class='ocrx_word' id='word_1_103' title='bbox 1367 928 1464 956; x_wconf 90' lang='lat' dir='ltr'>cum</span> <span class='ocrx_word' id='word_1_104' title='bbox 1497 914 1566 956; x_wconf 90' lang='lat' dir='ltr'>ad-</span> 
     </span>
     <span class='ocr_line' id='line_1_15' title="bbox 220 972 1564 1028; baseline 0.001 -15"><span class='ocrx_word' id='word_1_105' title='bbox 220 973 394 1014; x_wconf 84' lang='lat' dir='ltr'>modum</span> <span class='ocrx_word' id='word_1_106' title='bbox 425 972 573 1027; x_wconf 88' lang='lat' dir='ltr'>paucis</span> <span class='ocrx_word' id='word_1_107' title='bbox 604 975 731 1013; x_wconf 88' lang='lat' dir='ltr'>nocte</span> <span class='ocrx_word' id='word_1_108' title='bbox 757 975 910 1027; x_wconf 89' lang='lat' dir='ltr'>tectus,</span> <span class='ocrx_word' id='word_1_109' title='bbox 942 975 1059 1013; x_wconf 89' lang='lat' dir='ltr'>metu</span> <span class='ocrx_word' id='word_1_110' title='bbox 1084 972 1339 1026; x_wconf 89' lang='lat' dir='ltr'>perterritus</span> <span class='ocrx_word' id='word_1_111' title='bbox 1365 972 1564 1028; x_wconf 88' lang='lat' dir='ltr'>princeps</span> 
     </span>
     <span class='ocr_line' id='line_1_16' title="bbox 219 1030 1618 1086; baseline 0.001 -14"><span class='ocrx_word' id='word_1_112' title='bbox 219 1032 438 1073; x_wconf 84' lang='lat' dir='ltr'>latronum</span> <span class='ocrx_word' id='word_1_113' title='bbox 465 1031 633 1085; x_wconf 83' lang='lat' dir='ltr'>duxque</span> <span class='ocrx_word' id='word_1_114' title='bbox 655 1031 829 1086; x_wconf 85' lang='lat' dir='ltr'>fugerit.</span> <span class='ocrx_word' id='word_1_115' title='bbox 879 1030 914 1073; x_wconf 92' lang='lat' dir='ltr'>O</span> <span class='ocrx_word' id='word_1_116' title='bbox 937 1031 1072 1072; x_wconf 91' lang='lat' dir='ltr'>solem</span> <span class='ocrx_word' id='word_1_117' title='bbox 1091 1031 1233 1085; x_wconf 89' lang='lat' dir='ltr'>ipsum</span> <span class='ocrx_word' id='word_1_118' title='bbox 1252 1031 1564 1085; x_wconf 88' lang='lat' dir='ltr'>beatissimum,</span> <span class='ocrx_word' id='word_1_119' title='bbox 1585 1047 1618 1073; x_wconf 87' lang='lat'>15</span> 
     </span>
     <span class='ocr_line' id='line_1_17' title="bbox 221 1090 1566 1144; baseline 0.001 -13"><span class='ocrx_word' id='word_1_120' title='bbox 221 1090 294 1144; x_wconf 88' lang='lat' dir='ltr'>qui</span> <span class='ocrx_word' id='word_1_121' title='bbox 333 1093 564 1144; x_wconf 88' lang='lat' dir='ltr'>antequam</span> <span class='ocrx_word' id='word_1_122' title='bbox 597 1104 640 1131; x_wconf 90' lang='lat' dir='ltr'>se</span> <span class='ocrx_word' id='word_1_123' title='bbox 673 1090 865 1144; x_wconf 87' lang='lat' dir='ltr'>abderet,</span> <span class='ocrx_word' id='word_1_124' title='bbox 902 1090 1050 1131; x_wconf 89' lang='lat' dir='ltr'>stratis</span> <span class='ocrx_word' id='word_1_125' title='bbox 1083 1090 1360 1131; x_wconf 87' lang='lat' dir='ltr'>cadaveribus</span> <span class='ocrx_word' id='word_1_126' title='bbox 1390 1091 1566 1144; x_wconf 86' lang='lat' dir='ltr'>parrici-</span> 
     </span>
     <span class='ocr_line' id='line_1_18' title="bbox 161 1148 1567 1203; baseline 0.001 -12"><span class='ocrx_word' id='word_1_127' title='bbox 161 1160 206 1192; x_wconf 66' lang='lat'>‘28</span> <span class='ocrx_word' id='word_1_128' title='bbox 221 1149 370 1190; x_wconf 84' lang='lat' dir='ltr'>darum</span> <span class='ocrx_word' id='word_1_129' title='bbox 414 1163 511 1190; x_wconf 88' lang='lat' dir='ltr'>cum</span> <span class='ocrx_word' id='word_1_130' title='bbox 554 1148 702 1202; x_wconf 84' lang='lat' dir='ltr'>paucis</span> <span class='ocrx_word' id='word_1_131' title='bbox 746 1148 985 1203; x_wconf 86' lang='lat' dir='ltr'>fugientem</span> <span class='ocrx_word' id='word_1_132' title='bbox 1024 1148 1133 1190; x_wconf 81' lang='lat' dir='ltr'>vidit</span> <span class='ocrx_word' id='word_1_133' title='bbox 1169 1148 1427 1190; x_wconf 83' lang='lat' dir='ltr'>Antonium!</span> <span class='ocrx_word' id='word_1_134' title='bbox 1494 1149 1567 1192; x_wconf 88' lang='lat' dir='ltr'>An</span> 
     </span>
     <span class='ocr_line' id='line_1_19' title="bbox 220 1206 1566 1263; baseline 0.001 -14"><span class='ocrx_word' id='word_1_135' title='bbox 220 1222 319 1249; x_wconf 90' lang='lat' dir='ltr'>vero</span> <span class='ocrx_word' id='word_1_136' title='bbox 360 1208 588 1262; x_wconf 88' lang='lat' dir='ltr'>quisquam</span> <span class='ocrx_word' id='word_1_137' title='bbox 626 1207 844 1248; x_wconf 87' lang='lat' dir='ltr'>dubitabit</span> <span class='ocrx_word' id='word_1_138' title='bbox 879 1207 1094 1262; x_wconf 90' lang='lat' dir='ltr'>appellare</span> <span class='ocrx_word' id='word_1_139' title='bbox 1126 1206 1354 1249; x_wconf 85' lang='lat' dir='ltr'>Caesarem</span> <span class='ocrx_word' id='word_1_140' title='bbox 1385 1208 1566 1263; x_wconf 89' lang='lat' dir='ltr'>impera-</span> 
     </span>
     <span class='ocr_line' id='line_1_20' title="bbox 219 1266 1565 1309; baseline 0.001 -2"><span class='ocrx_word' id='word_1_141' title='bbox 219 1267 388 1307; x_wconf 75' lang='lat' dir='ltr'>torem?</span> <span class='ocrx_word' id='word_1_142' title='bbox 449 1266 584 1307; x_wconf 87' lang='lat' dir='ltr'>Aetas</span> <span class='ocrx_word' id='word_1_143' title='bbox 623 1266 712 1307; x_wconf 89' lang='lat' dir='ltr'>eius</span> <span class='ocrx_word' id='word_1_144' title='bbox 752 1269 865 1308; x_wconf 87' lang='lat' dir='ltr'>certe</span> <span class='ocrx_word' id='word_1_145' title='bbox 904 1267 956 1308; x_wconf 89' lang='lat' dir='ltr'>ab</span> <span class='ocrx_word' id='word_1_146' title='bbox 991 1266 1072 1308; x_wconf 91' lang='lat' dir='ltr'>hac</span> <span class='ocrx_word' id='word_1_147' title='bbox 1105 1266 1319 1308; x_wconf 89' lang='lat' dir='ltr'>sententia</span> <span class='ocrx_word' id='word_1_148' title='bbox 1348 1267 1565 1309; x_wconf 89' lang='lat' dir='ltr'>neminem</span> 
     </span>
     <span class='ocr_line' id='line_1_21' title="bbox 220 1324 1618 1379; baseline 0.001 -13"><span class='ocrx_word' id='word_1_149' title='bbox 220 1324 471 1378; x_wconf 72' lang='lat' dir='ltr'>deterrebit,</span> <span class='ocrx_word' id='word_1_150' title='bbox 516 1324 860 1379; x_wconf 88' lang='lat' dir='ltr'>quandoquidem</span> <span class='ocrx_word' id='word_1_151' title='bbox 903 1325 1063 1366; x_wconf 85' lang='lat' dir='ltr'>virtute</span> <span class='ocrx_word' id='word_1_152' title='bbox 1108 1325 1326 1379; x_wconf 83' lang='lat' dir='ltr'>superavit</span> <span class='ocrx_word' id='word_1_153' title='bbox 1364 1328 1562 1367; x_wconf 86' lang='lat' dir='ltr'>aetatem.</span> <span class='ocrx_word' id='word_1_154' title='bbox 1584 1341 1618 1366; x_wconf 80' lang='lat'>20</span> 
     </span>
     <span class='ocr_line' id='line_1_22' title="bbox 219 1382 1565 1436; baseline 0 -11"><span class='ocrx_word' id='word_1_155' title='bbox 219 1383 284 1425; x_wconf 87' lang='lat' dir='ltr'>Ac</span> <span class='ocrx_word' id='word_1_156' title='bbox 321 1383 428 1424; x_wconf 87' lang='lat' dir='ltr'>mihi</span> <span class='ocrx_word' id='word_1_157' title='bbox 462 1397 629 1436; x_wconf 85' lang='lat' dir='ltr'>semper</span> <span class='ocrx_word' id='word_1_158' title='bbox 660 1398 709 1424; x_wconf 94' lang='lat' dir='ltr'>eo</span> <span class='ocrx_word' id='word_1_159' title='bbox 742 1384 904 1424; x_wconf 88' lang='lat' dir='ltr'>maiora</span> <span class='ocrx_word' id='word_1_160' title='bbox 934 1383 1141 1424; x_wconf 88' lang='lat' dir='ltr'>beneficia</span> <span class='ocrx_word' id='word_1_161' title='bbox 1172 1382 1216 1425; x_wconf 84' lang='lat' dir='ltr'>C.</span> <span class='ocrx_word' id='word_1_162' title='bbox 1244 1382 1439 1425; x_wconf 86' lang='lat' dir='ltr'>Caesaris</span> <span class='ocrx_word' id='word_1_163' title='bbox 1471 1385 1565 1425; x_wconf 83' lang='lat' dir='ltr'>visa</span> 
     </span>
     <span class='ocr_line' id='line_1_23' title="bbox 221 1441 1563 1496; baseline 0.001 -13"><span class='ocrx_word' id='word_1_164' title='bbox 221 1444 339 1496; x_wconf 81' lang='lat' dir='ltr'>sunt,</span> <span class='ocrx_word' id='word_1_165' title='bbox 372 1456 455 1495; x_wconf 93' lang='lat' dir='ltr'>quo</span> <span class='ocrx_word' id='word_1_166' title='bbox 489 1441 629 1482; x_wconf 89' lang='lat' dir='ltr'>minus</span> <span class='ocrx_word' id='word_1_167' title='bbox 662 1444 784 1482; x_wconf 90' lang='lat' dir='ltr'>erant</span> <span class='ocrx_word' id='word_1_168' title='bbox 815 1442 868 1482; x_wconf 90' lang='lat' dir='ltr'>ab</span> <span class='ocrx_word' id='word_1_169' title='bbox 901 1444 1041 1482; x_wconf 88' lang='lat' dir='ltr'>aetate</span> <span class='ocrx_word' id='word_1_170' title='bbox 1073 1441 1150 1482; x_wconf 91' lang='lat' dir='ltr'>illa</span> <span class='ocrx_word' id='word_1_171' title='bbox 1180 1441 1457 1496; x_wconf 83' lang='lat' dir='ltr'>postulanda3</span> <span class='ocrx_word' id='word_1_172' title='bbox 1495 1443 1563 1484; x_wconf 89' lang='lat' dir='ltr'>cui</span> 
     </span>
     <span class='ocr_line' id='line_1_24' title="bbox 221 1499 1564 1555; baseline 0 -13"><span class='ocrx_word' id='word_1_173' title='bbox 221 1515 317 1542; x_wconf 91' lang='lat' dir='ltr'>cum</span> <span class='ocrx_word' id='word_1_174' title='bbox 351 1500 579 1554; x_wconf 87' lang='lat' dir='ltr'>imperium</span> <span class='ocrx_word' id='word_1_175' title='bbox 611 1499 836 1554; x_wconf 79' lang='lat' dir='ltr'>dabamus,</span> <span class='ocrx_word' id='word_1_176' title='bbox 874 1500 1022 1541; x_wconf 93' lang='lat' dir='ltr'>eodem</span> <span class='ocrx_word' id='word_1_177' title='bbox 1053 1502 1246 1554; x_wconf 85' lang='lat' dir='ltr'>tempore</span> <span class='ocrx_word' id='word_1_178' title='bbox 1279 1501 1411 1542; x_wconf 88' lang='lat' dir='ltr'>etiam</span> <span class='ocrx_word' id='word_1_179' title='bbox 1443 1515 1564 1555; x_wconf 88' lang='lat' dir='ltr'>spem</span> 
     </span>
     <span class='ocr_line' id='line_1_25' title="bbox 220 1558 1564 1614; baseline 0.001 -14"><span class='ocrx_word' id='word_1_180' title='bbox 220 1559 310 1600; x_wconf 89' lang='lat' dir='ltr'>eius</span> <span class='ocrx_word' id='word_1_181' title='bbox 348 1558 535 1600; x_wconf 87' lang='lat' dir='ltr'>nominis</span> <span class='ocrx_word' id='word_1_182' title='bbox 571 1558 884 1611; x_wconf 81' lang='lat' dir='ltr'>deferebamus3</span> <span class='ocrx_word' id='word_1_183' title='bbox 924 1559 1037 1612; x_wconf 89' lang='lat' dir='ltr'>quod</span> <span class='ocrx_word' id='word_1_184' title='bbox 1069 1573 1166 1600; x_wconf 91' lang='lat' dir='ltr'>cum</span> <span class='ocrx_word' id='word_1_185' title='bbox 1198 1561 1264 1600; x_wconf 89' lang='lat' dir='ltr'>est</span> <span class='ocrx_word' id='word_1_186' title='bbox 1296 1566 1564 1614; x_wconf 85' lang='lat' dir='ltr'>consecutus,</span> 
     </span>
     <span class='ocr_line' id='line_1_26' title="bbox 221 1616 1617 1672; baseline 0.001 -13"><span class='ocrx_word' id='word_1_187' title='bbox 221 1617 526 1659; x_wconf 86' lang='lat' dir='ltr'>auctoritatem</span> <span class='ocrx_word' id='word_1_188' title='bbox 560 1617 719 1658; x_wconf 90' lang='lat' dir='ltr'>decreti</span> <span class='ocrx_word' id='word_1_189' title='bbox 750 1616 890 1658; x_wconf 88' lang='lat' dir='ltr'>nostri</span> <span class='ocrx_word' id='word_1_190' title='bbox 921 1618 1048 1658; x_wconf 87' lang='lat' dir='ltr'>rebus</span> <span class='ocrx_word' id='word_1_191' title='bbox 1081 1617 1217 1672; x_wconf 88' lang='lat' dir='ltr'>gestis</span> <span class='ocrx_word' id='word_1_192' title='bbox 1251 1618 1338 1659; x_wconf 89' lang='lat' dir='ltr'>suis</span> <span class='ocrx_word' id='word_1_193' title='bbox 1371 1632 1563 1672; x_wconf 90' lang='lat' dir='ltr'>compro·</span> <span class='ocrx_word' id='word_1_194' title='bbox 1583 1634 1617 1660; x_wconf 85' lang='lat'>25</span> 
     </span>
     <span class='ocr_line' id='line_1_27' title="bbox 222 1675 1563 1731; baseline 0.001 -14"><span class='ocrx_word' id='word_1_195' title='bbox 222 1677 350 1718; x_wconf 87' lang='lat' dir='ltr'>bavit.</span> <span class='ocrx_word' id='word_1_196' title='bbox 412 1675 495 1717; x_wconf 91' lang='lat' dir='ltr'>Hic</span> <span class='ocrx_word' id='word_1_197' title='bbox 534 1689 636 1731; x_wconf 89' lang='lat' dir='ltr'>ergo</span> <span class='ocrx_word' id='word_1_198' title='bbox 675 1675 923 1717; x_wconf 89' lang='lat' dir='ltr'>adulescens</span> <span class='ocrx_word' id='word_1_199' title='bbox 958 1675 1134 1717; x_wconf 80' lang='lat' dir='ltr'>maximi</span> <span class='ocrx_word' id='word_1_200' title='bbox 1167 1676 1316 1729; x_wconf 89' lang='lat' dir='ltr'>animi,</span> <span class='ocrx_word' id='word_1_201' title='bbox 1353 1679 1403 1717; x_wconf 88' lang='lat' dir='ltr'>ut</span> <span class='ocrx_word' id='word_1_202' title='bbox 1433 1677 1563 1718; x_wconf 81' lang='lat' dir='ltr'>veris·</span> 
     </span>
     <span class='ocr_line' id='line_1_28' title="bbox 220 1733 1563 1790; baseline 0 -13"><span class='ocrx_word' id='word_1_203' title='bbox 220 1736 327 1777; x_wconf 88' lang='lat' dir='ltr'>sime</span> <span class='ocrx_word' id='word_1_204' title='bbox 354 1734 505 1776; x_wconf 89' lang='lat' dir='ltr'>scribit</span> <span class='ocrx_word' id='word_1_205' title='bbox 530 1733 713 1788; x_wconf 79' lang='lat' dir='ltr'>Hirtius,</span> <span class='ocrx_word' id='word_1_206' title='bbox 743 1737 885 1776; x_wconf 86' lang='lat' dir='ltr'>castra</span> <span class='ocrx_word' id='word_1_207' title='bbox 910 1735 1144 1776; x_wconf 85' lang='lat' dir='ltr'>multarum</span> <span class='ocrx_word' id='word_1_208' title='bbox 1169 1734 1389 1790; x_wconf 88' lang='lat' dir='ltr'>legionum</span> <span class='ocrx_word' id='word_1_209' title='bbox 1414 1735 1563 1790; x_wconf 86' lang='lat' dir='ltr'>paucis</span> 
     </span>
     <span class='ocr_line' id='line_1_29' title="bbox 220 1793 1564 1848; baseline 0 -13"><span class='ocrx_word' id='word_1_210' title='bbox 220 1793 471 1835; x_wconf 86' lang='lat' dir='ltr'>cohortibus</span> <span class='ocrx_word' id='word_1_211' title='bbox 516 1795 684 1834; x_wconf 89' lang='lat' dir='ltr'>tutatus</span> <span class='ocrx_word' id='word_1_212' title='bbox 730 1795 796 1834; x_wconf 91' lang='lat' dir='ltr'>est</span> <span class='ocrx_word' id='word_1_213' title='bbox 839 1793 1154 1847; x_wconf 90' lang='lat' dir='ltr'>secundumque</span> <span class='ocrx_word' id='word_1_214' title='bbox 1197 1793 1409 1848; x_wconf 88' lang='lat' dir='ltr'>proelium</span> <span class='ocrx_word' id='word_1_215' title='bbox 1448 1793 1564 1836; x_wconf 87' lang='lat' dir='ltr'>fecit.</span> 
     </span>
     <span class='ocr_line' id='line_1_30' title="bbox 220 1851 1564 1906; baseline 0.001 -13"><span class='ocrx_word' id='word_1_216' title='bbox 220 1852 290 1893; x_wconf 86' lang='lat' dir='ltr'>Ita</span> <span class='ocrx_word' id='word_1_217' title='bbox 326 1852 459 1892; x_wconf 90' lang='lat' dir='ltr'>trium</span> <span class='ocrx_word' id='word_1_218' title='bbox 495 1851 805 1906; x_wconf 89' lang='lat' dir='ltr'>imperatorum</span> <span class='ocrx_word' id='word_1_219' title='bbox 841 1851 990 1906; x_wconf 91' lang='lat' dir='ltr'>populi</span> <span class='ocrx_word' id='word_1_220' title='bbox 1027 1851 1211 1893; x_wconf 83' lang='lat' dir='ltr'>Romani</span> <span class='ocrx_word' id='word_1_221' title='bbox 1249 1852 1426 1903; x_wconf 88' lang='lat' dir='ltr'>virtute,</span> <span class='ocrx_word' id='word_1_222' title='bbox 1467 1867 1564 1894; x_wconf 90' lang='lat' dir='ltr'>con-</span> 
     </span>
     <span class='ocr_line' id='line_1_31' title="bbox 222 1910 1619 1964; baseline 0.001 -13"><span class='ocrx_word' id='word_1_223' title='bbox 222 1910 337 1964; x_wconf 88' lang='lat' dir='ltr'>silio,</span> <span class='ocrx_word' id='word_1_224' title='bbox 368 1910 577 1951; x_wconf 86' lang='lat' dir='ltr'>felicitate</span> <span class='ocrx_word' id='word_1_225' title='bbox 614 1925 699 1952; x_wconf 93' lang='lat' dir='ltr'>uno</span> <span class='ocrx_word' id='word_1_226' title='bbox 732 1910 797 1951; x_wconf 89' lang='lat' dir='ltr'>die</span> <span class='ocrx_word' id='word_1_227' title='bbox 830 1910 935 1952; x_wconf 90' lang='lat' dir='ltr'>locis</span> <span class='ocrx_word' id='word_1_228' title='bbox 967 1910 1162 1964; x_wconf 87' lang='lat' dir='ltr'>pluribus</span> <span class='ocrx_word' id='word_1_229' title='bbox 1196 1925 1263 1952; x_wconf 89' lang='lat' dir='ltr'>res</span> <span class='ocrx_word' id='word_1_230' title='bbox 1293 1910 1466 1964; x_wconf 90' lang='lat' dir='ltr'>publica</span> <span class='ocrx_word' id='word_1_231' title='bbox 1497 1914 1564 1952; x_wconf 88' lang='lat' dir='ltr'>est</span> <span class='ocrx_word' id='word_1_232' title='bbox 1582 1927 1619 1952; x_wconf 78' lang='lat'>30</span> 
     </span>
     <span class='ocr_line' id='line_1_32' title="bbox 155 1951 1563 2025; baseline 0 -14"><span class='ocrx_word' id='word_1_233' title='bbox 155 1951 203 2025; x_wconf 49' lang='lat'>{1</span> <span class='ocrx_word' id='word_1_234' title='bbox 222 1971 484 2011; x_wconf 87' lang='lat' dir='ltr'>conservata.</span> <span class='ocrx_word' id='word_1_235' title='bbox 534 1967 727 2010; x_wconf 88' lang='lat' dir='ltr'>Decerno</span> <span class='ocrx_word' id='word_1_236' title='bbox 754 1969 889 2024; x_wconf 86' lang='lat' dir='ltr'>igitur</span> <span class='ocrx_word' id='word_1_237' title='bbox 915 1983 1062 2010; x_wconf 92' lang='lat' dir='ltr'>eorum</span> <span class='ocrx_word' id='word_1_238' title='bbox 1089 1969 1221 2010; x_wconf 89' lang='lat' dir='ltr'>trium</span> <span class='ocrx_word' id='word_1_239' title='bbox 1245 1969 1418 2011; x_wconf 89' lang='lat' dir='ltr'>nomine</span> <span class='ocrx_word' id='word_1_240' title='bbox 1445 1969 1563 2024; x_wconf 90' lang='lat' dir='ltr'>quin-</span> 
     </span>
     <span class='ocr_line' id='line_1_33' title="bbox 221 2027 1563 2082; baseline 0.001 -14"><span class='ocrx_word' id='word_1_241' title='bbox 221 2027 429 2082; x_wconf 88' lang='lat' dir='ltr'>quaginta</span> <span class='ocrx_word' id='word_1_242' title='bbox 471 2027 636 2068; x_wconf 81' lang='lat' dir='ltr'>dierum</span> <span class='ocrx_word' id='word_1_243' title='bbox 680 2027 1030 2082; x_wconf 64' lang='lat' dir='ltr'>supplicationes,</span> <span class='ocrx_word' id='word_1_244' title='bbox 1085 2042 1253 2081; x_wconf 87' lang='lat' dir='ltr'>causas,</span> <span class='ocrx_word' id='word_1_245' title='bbox 1302 2030 1351 2068; x_wconf 94' lang='lat' dir='ltr'>ut</span> <span class='ocrx_word' id='word_1_246' title='bbox 1392 2027 1563 2070; x_wconf 89' lang='lat' dir='ltr'>honori-</span> 
     </span>
     <span class='ocr_line' id='line_1_34' title="bbox 219 2085 1565 2140; baseline 0.001 -14"><span class='ocrx_word' id='word_1_247' title='bbox 219 2085 511 2127; x_wconf 86' lang='lat' dir='ltr'>ficentissimis</span> <span class='ocrx_word' id='word_1_248' title='bbox 542 2085 685 2127; x_wconf 87' lang='lat' dir='ltr'>verbis</span> <span class='ocrx_word' id='word_1_249' title='bbox 718 2086 921 2140; x_wconf 89' lang='lat' dir='ltr'>consequi</span> <span class='ocrx_word' id='word_1_250' title='bbox 952 2088 1145 2140; x_wconf 85' lang='lat' dir='ltr'>potuero,</span> <span class='ocrx_word' id='word_1_251' title='bbox 1178 2086 1438 2140; x_wconf 87' lang='lat' dir='ltr'>complectar</span> <span class='ocrx_word' id='word_1_252' title='bbox 1469 2087 1565 2140; x_wconf 84' lang='lat' dir='ltr'>ipsa</span> 
     </span>
     <span class='ocr_line' id='line_1_35' title="bbox 222 2144 445 2185; baseline 0 0"><span class='ocrx_word' id='word_1_253' title='bbox 222 2144 445 2185; x_wconf 87' lang='lat' dir='ltr'>sententia.</span> 
     </span>
     <span class='ocr_line' id='line_1_36' title="bbox 308 2202 1617 2257; baseline 0.001 -14"><span class='ocrx_word' id='word_1_254' title='bbox 308 2202 390 2244; x_wconf 85' lang='lat' dir='ltr'>Est</span> <span class='ocrx_word' id='word_1_255' title='bbox 452 2204 595 2243; x_wconf 89' lang='lat' dir='ltr'>autem</span> <span class='ocrx_word' id='word_1_256' title='bbox 650 2202 749 2243; x_wconf 90' lang='lat' dir='ltr'>fidei</span> <span class='ocrx_word' id='word_1_257' title='bbox 803 2202 1063 2257; x_wconf 89' lang='lat' dir='ltr'>pietatisque</span> <span class='ocrx_word' id='word_1_258' title='bbox 1117 2205 1291 2244; x_wconf 87' lang='lat' dir='ltr'>nostrae</span> <span class='ocrx_word' id='word_1_259' title='bbox 1347 2202 1561 2244; x_wconf 86' lang='lat' dir='ltr'>declarare</span> <span class='ocrx_word' id='word_1_260' title='bbox 1581 2218 1617 2245; x_wconf 70' lang='lat'>3⁵</span> 
     </span>
     <span class='ocr_line' id='line_1_37' title="bbox 221 2260 1562 2315; baseline 0.001 -14"><span class='ocrx_word' id='word_1_261' title='bbox 221 2260 472 2302; x_wconf 83' lang='lat' dir='ltr'>fortissimis</span> <span class='ocrx_word' id='word_1_262' title='bbox 510 2261 741 2315; x_wconf 86' lang='lat' dir='ltr'>militibus,</span> <span class='ocrx_word' id='word_1_263' title='bbox 780 2275 908 2315; x_wconf 88' lang='lat' dir='ltr'>quam</span> <span class='ocrx_word' id='word_1_264' title='bbox 940 2275 1149 2303; x_wconf 88' lang='lat' dir='ltr'>memores</span> <span class='ocrx_word' id='word_1_265' title='bbox 1182 2261 1316 2303; x_wconf 91' lang='lat' dir='ltr'>simus</span> <span class='ocrx_word' id='word_1_266' title='bbox 1349 2275 1562 2315; x_wconf 86' lang='lat' dir='ltr'>quamque</span> 
     </span>
     <span class='ocr_line' id='line_1_38' title="bbox 221 2318 1563 2374; baseline 0.001 -15"><span class='ocrx_word' id='word_1_267' title='bbox 221 2319 346 2370; x_wconf 82' lang='lat' dir='ltr'>grati.</span> <span class='ocrx_word' id='word_1_268' title='bbox 404 2318 543 2368; x_wconf 83' lang='lat' dir='ltr'>Quam</span> <span class='ocrx_word' id='word_1_269' title='bbox 575 2319 630 2361; x_wconf 91' lang='lat' dir='ltr'>ob</span> <span class='ocrx_word' id='word_1_270' title='bbox 662 2334 752 2361; x_wconf 88' lang='lat' dir='ltr'>rem</span> <span class='ocrx_word' id='word_1_271' title='bbox 784 2319 998 2374; x_wconf 89' lang='lat' dir='ltr'>promissa</span> <span class='ocrx_word' id='word_1_272' title='bbox 1026 2322 1177 2361; x_wconf 87' lang='lat' dir='ltr'>nostra</span> <span class='ocrx_word' id='word_1_273' title='bbox 1206 2322 1334 2373; x_wconf 87' lang='lat' dir='ltr'>atque</span> <span class='ocrx_word' id='word_1_274' title='bbox 1360 2333 1421 2373; x_wconf 87' lang='lat' dir='ltr'>ea,</span> <span class='ocrx_word' id='word_1_275' title='bbox 1454 2333 1563 2374; x_wconf 88' lang='lat' dir='ltr'>quae</span> 
     </span>
    </p>
   </div>
   <div class='ocr_carea' id='block_1_3' title="bbox 1669 384 1671 890">
    <p class='ocr_par' dir='ltr' id='par_1_3' title="bbox 1669 384 1671 890">
     <span class='ocr_line' id='line_1_39' title="bbox 1669 384 1671 890; baseline 0 0"><span class='ocrx_word' id='word_1_276' title='bbox 1669 384 1671 890; x_wconf 95' lang='lat' dir='ltr'> </span> 
     </span>
    </p>
   </div>
  </div>
 </body>
</html>
