1671 2543
209 107 296 149 238
557 105 650 140 PRO
678 104 750 140 CN.
776 104 982 140 PLANCIO
1008 104 1196 140 ORATIO.

209 215 324 270 quod
354 215 430 268 vis,
460 229 549 256 non
579 213 685 255 mihi
715 213 932 267 auxilium,
964 213 1037 254 sed
1063 227 1130 253 me
1157 212 1315 254 auxilio
1341 212 1553 268 defuisse,

208 274 277 315 sin
302 276 457 327 autem,
491 287 574 326 quo
601 272 765 313 maiora
791 271 934 312 studia
958 272 1004 312 in
1028 285 1095 312 me
1122 271 1333 312 bonorum
1357 270 1543 326 fuerunt,

205 332 290 374 hoc
327 332 380 373 113
416 332 555 386 magis
589 330 895 372 consulendum
926 333 970 372 et
999 330 1261 385 parcendum
1291 330 1459 384 putavi,
1495 333 1544 371 tu

206 391 252 432 id
288 391 335 432 in
371 405 439 432 me
475 389 771 444 reprehendis,
809 389 920 443 quod
953 388 1000 438 Q.
1032 387 1209 430 Metello
1247 388 1364 429 laudi
1395 388 1544 429 datum

207 451 275 491 est
316 449 528 502 hodieque
572 450 639 489 est
682 450 726 489 et
769 461 937 502 semper
980 447 1062 488 erit
1099 447 1309 489 maximae
1347 447 1540 502 gloriae?
1578 458 1595 484 5

208 522 353 562 quem,
383 510 433 548 ut
463 509 587 561 potes
620 521 671 547 ex
702 506 851 547 multis
885 506 1042 560 audire,
1075 505 1148 560 qui
1178 508 1272 547 tum
1304 505 1543 560 adfuerunt,

207 568 379 608 constat
421 564 695 606 invitissimis
738 564 842 606 viris
885 565 1010 606 bonis
1055 564 1252 618 cessisse,
1294 579 1372 606 nec
1408 564 1543 605 fuisse

207 624 402 677 dubium,
447 624 550 678 quin
593 623 868 666 contentione
913 626 957 665 et
997 623 1127 664 armis
1164 623 1360 678 superior
1395 625 1544 677 posset

206 697 310 724 esse.
371 683 489 737 Ergo
522 682 595 724 1116
628 697 724 724 011111
757 696 893 736 31111111,
925 696 1013 723 11011
1044 696 1141 723 011111
1173 684 1347 723 senatus
1378 680 1543 724 factum

206 741 467 795 defenderet,
506 756 603 782 cum
637 740 1000 795 perseverantiam
1031 740 1268 782 sententiae
1301 754 1419 795 suae,
1455 754 1543 781 non
1563 753 1597 778 10

206 800 391 841 salutem
422 800 484 841 rei
515 799 713 854 publicae
745 799 1007 853 retinuisset,
1039 801 1184 840 tamen
1215 799 1269 840 ob
1302 799 1422 839 illam
1452 812 1543 840 cau-

203 873 311 912 sam,
350 858 463 913 quod
497 858 604 899 illud
635 858 927 900 voluntarium
956 857 1110 899 vulnus
1143 857 1325 911 accepit,
1360 857 1544 898 iustissi-

206 932 299 959 mos
350 917 542 959 omnium
585 916 862 959 Metellorum
906 919 949 958 et
993 916 1255 958 clarissimos
1299 915 1542 970 triumphos

205 975 346 1031 gloria
378 978 420 1017 et
445 976 570 1017 laude
597 975 826 1030 superavit,
859 975 972 1030 quod
998 977 1041 1017 et
1065 975 1164 1016 illos
1189 974 1307 1029 ipsos
1332 974 1543 1029 inprobis—

205 1035 338 1076 simos
372 1034 475 1076 civis
507 1034 692 1076 interfici
721 1034 862 1076 noluit
896 1036 950 1087 et,
981 1048 1034 1075 ne
1061 1033 1156 1088 quis
1182 1033 1320 1074 bonus
1346 1033 1542 1075 interiret
1562 1045 1595 1072 15

204 1093 250 1134 in
270 1093 417 1135 eadem
438 1093 575 1148 caede,
597 1093 805 1147 providit3
831 1107 909 1148 ego
930 1092 1065 1134 tantis
1084 1092 1287 1146 periculis
1302 1091 1542 1157 propositis

205 1167 314 1206 cum,
341 1151 377 1193 si
402 1151 542 1193 victus
563 1166 712 1205 essem,
737 1151 939 1193 interitus
960 1151 1021 1192 rei
1040 1151 1250 1205 publicae,
1276 1150 1313 1192 si
1332 1150 1542 1205 vicissem,

204 1210 374 1251 infinita
417 1210 635 1251 dimicatio
679 1212 920 1275 pararetur,
965 1210 1296 1263 committerem,
1337 1212 1387 1250 ut
1428 1184 1543 1250 iderti

204 1269 398 1323 perditor
422 1268 485 1309 rei
510 1268 707 1322 publicae
732 1268 989 1321 nominarer,
1016 1268 1089 1322 qui
1115 1270 1309 1309 servator
1333 1267 1540 1309 fuissem?

134 1309 188 1350 37
293 1326 481 1368 Mortem
520 1341 586 1367 me
624 1326 821 1368 timuisse
859 1326 976 1368 (11013.
1037 1326 1133 1381 Ego
1169 1340 1269 1367 vero
1300 1340 1353 1367 ne
1385 1325 1542 1367 inmor-
1560 1341 1594 1365 20

170 1369 423 1426 Otalitatem
467 1385 639 1438 quidem
683 1388 833 1426 contra
870 1399 960 1425 rem
996 1384 1213 1450 publicam
1251 1383 1540 1450 accipiendam

204 1446 422 1498 putarem,
470 1443 626 1484 nedum
676 1444 810 1484 emori
860 1457 954 1484 cum
1004 1443 1190 1497 pernicie
1240 1443 1302 1484 rei
1344 1443 1540 1497 publicae

204 1502 370 1543 vellem.
438 1500 551 1542 Nam
597 1501 669 1555 qui
712 1516 790 1555 pro
835 1516 880 1543 re
923 1502 1096 1556 publica
1138 1502 1273 1543 vitam
1318 1501 1540 1542 ediderunt

206 1558 325 1616 (licet
363 1574 430 1601 me
468 1559 660 1614 desipere
699 1559 889 1615 dicatis),
925 1575 1159 1614 numquam
1194 1560 1435 1601 mehercule
1468 1574 1539 1601 eos

204 1621 390 1660 mortem
417 1618 562 1672 potius
590 1633 718 1672 quam
744 1619 1102 1660 inmortalitatem
1129 1619 1352 1660 adsecutos
1377 1619 1537 1673 putavi.
1558 1634 1591 1660 25

203 1677 300 1732 Ego
343 1691 444 1718 vero
486 1677 524 1718 si
562 1679 656 1718 tum
693 1677 868 1719 illorum
905 1677 1136 1732 impiorum
1172 1677 1286 1719 ferro
1325 1691 1374 1718 ac
1411 1692 1540 1718 manu

204 1735 498 1789 concidissem,
518 1735 563 1777 in
581 1738 836 1790 perpetuum
856 1750 922 1777 res
943 1736 1116 1790 publica
1136 1736 1258 1778 civile
1278 1736 1539 1790 praesidium

204 1794 359 1836 salutis
392 1809 493 1835 suae
524 1794 793 1849 perdidisset.
856 1794 968 1844 Quin
994 1795 1125 1836 etiam
1151 1795 1187 1836 si
1213 1809 1280 1835 me
1305 1795 1369 1835 vis
1395 1794 1539 1848 aliqua

204 1853 345 1894 morbi
383 1856 458 1894 aut
493 1855 649 1894 natura
685 1853 781 1908 ipsa
812 1853 1167 1908 consumpsisset,
1204 1856 1349 1894 tamen
1380 1852 1539 1894 auxilia

203 1911 474 1965 posteritatis
513 1914 656 1953 essent
692 1912 937 1966 imminuta,
976 1912 1090 1965 quod
1123 1914 1392 1966 peremptum
1425 1913 1538 1952 esset
1557 1927 1591 1952 30

205 1985 301 2011 mea
337 1972 475 2011 morte
512 1969 556 2011 id
593 1971 853 2025 exemplum,
891 1970 1030 2024 qualis
1063 1970 1234 2011 futurus
1266 1970 1311 2011 in
1341 1984 1409 2011 me
1439 1969 1538 2010 reti-

202 2029 341 2071 nendo
379 2028 534 2069 fuisset
571 2031 745 2070 senatus
783 2029 1052 2083 populusque
1084 2028 1315 2070 Romanus.
1376 2028 1463 2081 An,
1500 2027 1536 2068 si

203 2101 409 2140 umquam
452 2087 565 2128 vitae
611 2087 821 2141 cupiditas
865 2088 911 2129 in
953 2102 1020 2128 me
1057 2087 1228 2141 fuisset,
1273 2100 1351 2141 ego
1390 2099 1534 2126 mense.

203 2143 431 2186 Decembri
469 2145 552 2187 mei
590 2145 838 2187 consulatus
877 2146 1068 2187 omnium
1105 2145 1413 2200 parricidamm
1448 2144 1535 2184 tela

204 2203 510 2245 commossem?
538 2218 656 2258 quae,
684 2204 720 2245 si
745 2204 900 2259 viginti
926 2205 1139 2258 quiessem
1164 2203 1265 2257 dies,
1290 2203 1334 2243 in
1354 2202 1534 2242 aliorum
1554 2212 1587 2238 35

203 2260 398 2315 vigiliam
424 2263 646 2303 consulum
671 2262 931 2304 recidissent.
984 2262 1122 2311 Quam
1154 2263 1208 2303 ob
1234 2275 1335 2313 rem,
1362 2260 1398 2301 si
1419 2261 1532 2302 vitae

205 2319 415 2371 cupiditas
428 2322 578 2361 contra
591 2335 681 2361 rem
690 2321 908 2375 publicam
922 2324 986 2362 est
995 2321 1145 2375 turpis,
1159 2322 1272 2362 certe
1281 2318 1416 2360 multo
1426 2333 1535 2361 mor·
