1671 2543
223 74 279 114 48
609 71 702 106 PRO
728 70 766 105 P.
794 70 955 106 SESTIO
982 69 1172 106 ORATIO.

143 191 210 221 110
223 180 309 234 An,
353 179 490 221 sicubi
527 178 664 221 aderit
702 177 883 232 Gellius,
926 178 1055 220 homo
1094 181 1138 220 et
1173 178 1306 220 fratre
1344 178 1557 233 indignus,

221 239 313 280 viro
346 238 582 280 clarissimo
616 240 743 291 atque
776 237 939 291 optimo
972 238 1157 291 consule,
1189 240 1233 278 et
1261 237 1407 278 ordine
1434 251 1557 291 eque-

222 297 315 351 stri,
346 297 466 339 cuius
497 296 569 337 ille
603 295 762 337 ordinis
792 310 950 337 nomen
979 297 1149 349 retinet,
1181 298 1431 337 ornamenta
1462 310 1557 337 con-

222 356 336 409 fecit,
367 356 411 396 id
443 355 526 396 erit
556 354 790 409 populare?
853 353 949 395 ‘Est
981 355 1092 396 enim
1123 330 1252 396 1101110
1284 355 1365 395 iste
1396 354 1556 419 populo

222 415 417 456 Romano
455 412 648 454 deditus.'
717 411 838 453 Nihil
875 412 962 454 vidi
998 414 1154 467 magis3
1198 413 1288 466 qui,
1332 428 1427 454 cum
1466 413 1556 454 eius
1593 426 1610 451 5

224 472 514 514 adulescentia
543 472 589 513 in
619 471 896 525 amplissimis
926 471 1163 513 honoribus
1195 472 1350 513 summi
1381 471 1480 525 viri,
1510 470 1558 512 L.

224 531 415 585 Philippi
452 530 612 584 vitrici,
650 530 799 571 florere
837 530 1066 584 potuisset,
1103 545 1236 584 usque
1276 544 1324 571 eo
1359 543 1446 571 non
1475 529 1558 571 fuit

223 590 456 645 popularis,
488 592 537 630 ut
568 589 680 630 bona
712 589 828 630 solus
858 592 1078 630 comesset.
1140 589 1303 630 Deinde
1329 603 1380 630 ex
1405 589 1557 643 inpuro

225 649 494 690 adulescente
534 650 577 688 et
613 647 852 701 petulante,
890 650 1171 702 posteaquam
1208 662 1298 688 rem
1335 650 1559 702 paternam

226 708 280 749 ab
318 707 548 748 idiotarum
586 706 747 747 divitiis
781 706 832 747 ad
863 706 1220 760 philosophorum
1251 707 1436 747 reculam
1467 720 1558 760 per·
1579 721 1612 746 10

226 766 357 818 duxit,
385 764 641 806 Graeculum
660 779 704 806 se
725 767 852 818 atque
874 765 1060 806 otiosum
1080 765 1223 819 putari
1242 765 1391 818 voluit,
1417 764 1558 806 studio

226 825 467 866 litterarum
511 838 554 864 se
594 823 736 864 subito
775 823 946 864 dedidit.
1013 823 1135 864 Nihil
1173 823 1408 864 suavitates
1447 823 1560 864 iuva-

226 883 332 925 bant
370 884 650 936 anagnostae,
688 882 824 923 libelli
862 881 993 922 etiam
1030 896 1155 936 saepe
1192 896 1270 936 pro
1308 882 1407 923 vino
1445 881 1561 946 oppi-

226 940 534 997 gnerabantur3
577 941 778 982 manebat
821 940 1100 982 insaturabile
1145 941 1370 993 abdomen,
1414 941 1560 994 copiae

227 999 491 1041 deficiebant.
552 998 704 1053 Itaque
743 1014 911 1053 semper
947 1000 1200 1040 versabatur
1236 1000 1282 1040 in
1312 1013 1387 1054 spe
1418 1013 1561 1041 10111111
1582 1013 1614 1039 15

229 1072 452 1111 novarum,
492 1058 580 1099 otio
619 1061 662 1098 et
699 1058 1013 1111 tranquillitate
1046 1058 1107 1099 rei
1138 1058 1334 1112 publicae
1366 1072 1562 1100 consene-

157 1115 211 1156 52
233 1117 389 1159 scebat.
450 1116 623 1170 Ecquae
656 1116 808 1157 seditio
840 1130 1044 1170 umquam
1075 1116 1169 1171 fuit,
1195 1117 1240 1158 in
1272 1131 1355 1171 qua
1378 1131 1465 1158 non
1489 1116 1561 1157 ille

227 1176 453 1230 princeps?
498 1175 621 1228 ecqui
665 1175 911 1227 seditiosus,
957 1175 1024 1216 cui
1068 1175 1140 1216 ille
1184 1190 1271 1216 non
1307 1175 1561 1216 familiaris?

228 1248 384 1288 ecquae
423 1233 674 1274 turbulenta
711 1233 872 1286 contiO,
911 1233 1029 1274 cuius
1066 1234 1139 1274 ille
1176 1248 1263 1274 non
1295 1233 1561 1275 concitator?

229 1293 296 1334 cui
321 1292 427 1333 bene
453 1292 561 1332 dixit
586 1306 789 1345 umquam
814 1292 956 1332 bono‘.>
982 1292 1088 1332 bene
1115 1292 1252 1332 dixit?
1278 1292 1408 1333 immo
1437 1306 1563 1346 quem
1583 1308 1616 1332 20

227 1351 385 1392 fortem
428 1353 471 1390 et
515 1350 675 1391 bonum
719 1350 854 1391 civem
896 1364 983 1391 11011
1019 1350 1362 1404 petulantissime
1401 1354 1466 1391 est
1503 1351 1563 1391 111-

229 1408 446 1450 sectatus?
486 1408 576 1462 qui,
614 1411 664 1449 ut
701 1408 844 1461 credo,
880 1423 965 1449 non
1002 1409 1194 1450 libidinis
1228 1423 1371 1462 causa,
1410 1409 1484 1450 sed
1515 1412 1564 1450 ut

149 1467 440 1521 111plebicola
478 1467 710 1520 videretur,
746 1467 993 1508 libertinam
1031 1467 1152 1508 duxit
1188 1482 1375 1509 uxorem.
1437 1467 1480 1508 Is
1512 1468 1563 1509 de

229 1540 295 1566 me
333 1524 584 1579 suffragium
622 1525 741 1577 tulit,
779 1525 816 1566 is
854 1526 1010 1579 adfuit,
1047 1526 1084 1567 is
1121 1526 1319 1567 interfuit
1351 1526 1488 1580 epulis
1520 1529 1564 1567 et

230 1583 593 1639 gratulationibus
636 1583 963 1638 parricidarum3
1006 1584 1051 1625 in
1089 1599 1171 1638 quo
1210 1588 1356 1625 tamen
1393 1588 1459 1626 est
1498 1600 1563 1626 me
1583 1599 1616 1625 25

229 1643 363 1695 ultus,
401 1656 497 1683 cum
533 1642 609 1683 illo
643 1656 714 1683 010
746 1642 941 1684 inimicos
974 1646 1039 1684 est
1071 1657 1189 1684 meos
1222 1643 1424 1685 saviatus.
1482 1643 1564 1692 Qui

231 1701 352 1755 quasi
388 1715 483 1741 mea
520 1701 644 1754 culpa
681 1701 794 1742 bona
831 1701 1080 1766 perdiderit,
1119 1702 1182 1743 ita
1214 1703 1268 1743 ob
1302 1717 1395 1743 eam
1427 1703 1565 1756 ipsam

230 1773 401 1800 causam
438 1761 504 1800 est
541 1759 647 1800 mihi
680 1759 894 1814 inimicus,
933 1760 1033 1814 quia
1063 1760 1171 1801 nihil
1203 1761 1346 1802 habet.
1408 1760 1566 1803 Utrum

229 1831 309 1872 ego
342 1817 423 1858 tibi
454 1818 762 1871 patrimonium
794 1818 947 1872 eiipui,
986 1818 1116 1873 Gelli,
1149 1834 1203 1860 an
1233 1822 1281 1860 tu
1313 1819 1565 1860 comedisti?

232 1852 370 1925 quid?
403 1879 450 1917 tu
482 1890 577 1918 meo
609 1877 811 1931 periculo,
843 1891 1001 1932 gurges
1034 1892 1082 1919 ac
1113 1892 1273 1932 vorago
1304 1878 1565 1931 patrimonii,
1585 1892 1620 1917 30

229 1935 488 1988 helluabare,
519 1938 579 1988 ut,
611 1935 647 1976 si
679 1949 758 1989 ego
792 1937 939 1977 consul
972 1951 1061 1977 rem
1092 1937 1309 1990 publicam
1342 1940 1491 1977 contra
1523 1940 1565 1977 te

231 1995 274 2033 et
294 1993 481 2047 gregalis
501 1996 599 2034 tuos
619 1993 913 2048 defendissem,
939 1995 983 2036 in
1003 1995 1178 2036 civitate
1199 2009 1289 2036 esse
1310 2009 1376 2036 me
1396 1995 1566 2036 nolles?

230 2051 288 2091 Te
314 2065 437 2092 nemo
458 2054 631 2093 tuorum
651 2052 791 2093 videre
811 2053 921 2106 vult,
948 2068 1093 2094 omnes
1115 2054 1288 2106 aditum,
1315 2067 1565 2105 sermonem,

232 2122 507 2163 congressum
539 2113 661 2151 tuum
686 2110 876 2165 fugiunt3
908 2115 950 2152 te
977 2112 1137 2153 sororis
1162 2112 1276 2152 filius
1304 2111 1566 2165 Postumius,

231 2167 477 2209 adulescens
504 2169 658 2222 gravis,
684 2168 807 2210 senili
827 2169 995 2223 iudicio,
1020 2170 1200 2223 notavit,
1226 2185 1322 2211 cum
1346 2170 1391 2210 in
1410 2184 1566 2225 magno
1586 2183 1620 2209 35

229 2239 406 2266 numero
433 2229 621 2268 tutorem
647 2227 794 2268 liberis
818 2242 906 2268 non
930 2229 1133 2270 instituit.
1196 2227 1278 2269 Sed
1305 2229 1442 2269 elatus
1469 2229 1566 2270 odio

232 2285 274 2323 et
311 2297 405 2323 meo
445 2287 487 2324 et
524 2285 585 2325 rei
616 2285 811 2339 publicae
843 2287 1032 2341 nomine,
1072 2301 1254 2341 quorum
1285 2287 1358 2328 ille
1389 2287 1477 2328 utri
1509 2288 1568 2329 sit
