1671 2543
178 98 265 139 354
482 97 576 132 PRO
604 97 733 133 REGE
759 97 1004 133 DEIOTARO
1032 97 1222 134 ORATIO.

173 206 353 261 solebat,
380 221 509 260 quam
537 221 580 248 se
602 207 775 261 iactare,
803 221 932 260 quam
954 209 1187 262 ostentare,
1215 221 1344 261 quam
1363 207 1527 249 nemini

115 265 217 307 29in
259 265 336 306 illa
380 280 509 307 causa
554 265 697 306 studio
741 267 784 306 et
823 265 1059 320 cupiditate
1099 266 1346 308 concedere!
1417 265 1527 309 Cum

173 338 272 366 vero
317 325 508 366 exercitu
550 324 709 366 amisso
749 338 848 380 ego,
894 325 967 379 qui
1007 325 1126 379 pacis
1167 339 1336 380 semper
1374 327 1528 367 auctor

170 382 250 437 fui,
291 384 408 437 [post
444 383 743 425 Pharsalicum
780 384 1009 438 proelium]
1052 397 1202 425 suasor
1242 383 1423 426 fuissem
1464 398 1528 425 ar-

171 457 341 484 morum
378 457 463 484 non
503 443 868 497 deponendorum,
914 443 987 484 sed
1027 443 1370 498 abiciendorum,
1411 443 1526 486 hunc
1561 455 1579 482 s

172 502 225 542 ad
263 516 403 542 meam
441 502 747 544 auctoritatem
784 516 871 543 non
908 502 1030 556 potui
1070 502 1296 556 adducere,
1335 502 1450 557 quod
1483 505 1527 544 et

171 560 263 615 ipse
291 561 469 602 ardebat
497 561 639 602 studio
667 561 782 602 illius
809 561 913 602 belli
939 564 983 602 et
1009 561 1123 615 patri
1151 561 1258 603 satis
1281 560 1528 603 faciendum

172 634 264 661 esse
298 620 604 661 arbitrabatur.
666 619 799 661 Felix,
821 620 907 661 ista
939 620 1109 674 domus,
1146 635 1254 674 quae
1287 635 1376 662 non
1406 620 1528 675 inpu-

172 679 355 720 nitatem
388 679 528 720 solum
561 680 717 733 adepta
749 678 825 731 sit,
866 678 939 720 sed
972 679 1202 721 accusandi
1236 679 1369 721 etiam
1400 678 1528 720 licen-

172 738 291 792 tiam,
318 738 596 780 calamitosus
616 738 868 789 Deiotarus,
889 738 961 793 qui
988 741 1031 779 et
1057 738 1111 779 ab
1138 753 1200 792 eo,
1228 738 1300 793 qui
1321 738 1366 779 in
1389 737 1526 780 isdem
1549 749 1581 775 1⁰

174 797 327 839 castris
360 797 503 851 fuerit,
536 800 579 839 et
609 812 697 839 non
729 797 855 839 modo
889 797 1001 851 apud
1033 800 1090 851 te,
1122 797 1196 838 sed
1226 797 1359 838 etiam
1386 811 1411 838 a
1436 797 1525 839 suis

174 857 416 898 accusetur!
481 856 572 898 Vos
613 859 758 897 vestra
789 856 975 898 secunda
1006 855 1198 909 fortuna,
1232 855 1406 910 Castor,
1437 870 1525 897 non

174 916 358 970 potestis
398 915 489 957 sine
524 916 868 971 propinquorum
900 915 1148 957 calamitate
1181 929 1273 957 esse
1301 914 1524 957 contenti?

111 969 158 1011 ll
268 973 365 1016 Sint
398 989 499 1016 sane
526 974 791 1029 inimicitiae,
825 989 933 1028 quae
960 988 1052 1016 esse
1079 989 1166 1016 non
1193 974 1409 1015 debebant
1435 972 1527 1029 (rex

120 1029 164 1061 30
179 1034 293 1075 enim
324 1033 556 1075 Deiotarus
590 1037 780 1076 vestram
812 1033 1023 1074 familiam
1056 1033 1269 1075 abiectam
1291 1036 1344 1075 ⁴et
1377 1033 1525 1075 obscu-
1548 1044 1580 1070 1⁵

174 1107 266 1134 ram
298 1107 320 1134 e
352 1093 542 1134 tenebris
573 1093 619 1134 'm
650 1093 790 1134 lucem
823 1093 1038 1147 evocavit3
1072 1092 1168 1147 quis
1202 1095 1325 1134 tuum
1357 1094 1527 1146 patrem

173 1154 317 1207 antea,
352 1152 445 1207 quis
479 1155 609 1206 esset,
643 1166 772 1206 quam
805 1152 924 1194 cuius
957 1165 1090 1207 gener
1121 1154 1254 1205 esset,
1288 1149 1526 1205 audivit?);

175 1212 247 1252 sed
294 1211 490 1265 quamvis
534 1211 704 1266 ingrate
749 1213 793 1252 et
831 1211 962 1265 impie
999 1210 1331 1252 necessitudinis
1368 1223 1527 1251 nomen

174 1270 472 1324 repudiaretis,
506 1272 651 1311 tamen
682 1269 934 1311 inimicitias
967 1269 1192 1310 hominum
1225 1283 1344 1310 more
1376 1282 1525 1324 gerere

175 1329 405 1383 poteratis,
449 1342 536 1370 non
579 1329 680 1369 ficto
722 1328 899 1369 crimine
937 1327 1159 1381 insectari,
1202 1341 1289 1368 non
1327 1329 1525 1381 expetere
1544 1337 1580 1364 2⁶

177 1388 329 1441 vitam,
367 1401 454 1428 non
486 1387 639 1441 capitis
674 1401 899 1428 arcessere.
961 1385 1087 1440 Esto,
1126 1386 1389 1428 concedatur
1420 1385 1526 1427 haec

177 1460 345 1501 quoque
373 1445 586 1487 acerbitas
613 1447 656 1486 et
683 1445 769 1487 odii
796 1445 1067 1500 magnitud03
1100 1444 1273 1498 adeone,
1305 1447 1354 1486 ut
1382 1444 1526 1486 omnia

177 1505 289 1546 vitae
335 1505 572 1558 salutisque
618 1504 856 1546 communis
903 1506 1031 1558 atque
1071 1504 1201 1545 etiam
1238 1503 1525 1545 humanitatis

175 1565 269 1605 iura
308 1563 552 1605 violentur?
622 1561 801 1605 Servum
840 1563 1073 1604 sollicitare
1112 1562 1272 1617 verbis,
1317 1576 1392 1617 spe
1430 1576 1524 1616 pro-

178 1623 406 1677 missisque
445 1637 735 1676 corrumpere,
781 1622 990 1663 abducere
1028 1622 1220 1676 domum,
1261 1624 1412 1663 contra
1454 1621 1577 1662 do-ffss

177 1682 340 1723 minum
372 1696 556 1736 armare,
592 1681 674 1723 hoc
707 1683 773 1722 est
803 1695 889 1722 non
922 1681 995 1722 uni
1026 1681 1288 1735 propinquo,
1332 1680 1405 1721 sed
1438 1693 1523 1721 om-

175 1742 301 1783 nibus
346 1740 524 1782 familiis
568 1740 782 1782 nefarium
821 1740 983 1781 bellum
1020 1739 1218 1781 indicere.
1287 1737 1402 1780 Nam
1439 1738 1524 1780 ista

177 1800 421 1855 corruptela
464 1799 575 1841 servi
620 1800 656 1841 si
701 1813 788 1840 non
832 1799 957 1840 modo
1005 1798 1204 1852 inpunita
1247 1797 1397 1851 fuerit,
1449 1797 1524 1838 sed

175 1860 306 1901 etiam
351 1873 376 1900 a
420 1861 543 1899 tanta-
587 1858 846 1900 auctoritate
889 1855 1144 1912 adprobata,
1188 1857 1296 1898 nulli
1335 1856 1520 1911 parietes

175 1921 371 1960 nostram
403 1918 607 1971 salutem,
645 1917 788 1958 nullae
821 1917 955 1972 leges,
988 1916 1106 1957 nulla
1137 1916 1232 1957 iura
1263 1915 1518 1957 custodient.
1540 1925 1575 1951 ³⁰

178 1977 263 2019 Ubi
295 1977 409 2018 enim
442 1976 500 2029 id,
540 1975 652 2031 quod
684 1975 800 2016 intus
834 1978 899 2016 est
931 1977 1057 2029 atque
1090 1977 1305 2028 nostrum,
1344 1974 1518 2028 impune

176 2036 344 2077 evolare
369 2038 516 2090 potest
542 2037 776 2088 contraque
803 2048 880 2075 nos
909 2047 1112 2089 pugnare,
1145 2033 1195 2074 fit
1221 2033 1266 2074 in
1291 2032 1518 2074 dominatu

123 2109 160 2140 31
177 2095 375 2147 servitus,
401 2094 446 2135 in
471 2093 677 2135 servitute
705 2093 962 2134 dominatus.
1007 2091 1042 2134 O
1070 2095 1277 2147 tempora,
1309 2105 1334 2133 o
1361 2091 1518 2132 mores!

177 2153 250 2195 Cn.
284 2152 502 2194 Domitius
541 2152 630 2206 ille,
670 2166 795 2206 quem
833 2166 910 2193 nos
947 2151 1067 2205 pueri
1099 2150 1336 2203 consulem,
1376 2163 1518 2190 censo-

178 2227 282 2265 rem,
317 2211 566 2265 pontificem
599 2210 833 2252 maximum
865 2209 1067 2263 vidimus,
1099 2223 1195 2251 cum
1227 2208 1428 2249 tribunus
1460 2207 1517 2262 pl.
1538 2217 1571 2244 ³⁶

178 2270 232 2310 M.
267 2269 492 2323 Scaurum,
530 2269 767 2323 principem
805 2267 1012 2322 civitatis,
1051 2268 1095 2309 in
1131 2266 1337 2308 iudicium
1368 2266 1518 2320 populi

179 2329 416 2369 vocavisset
459 2327 691 2381 Scaurique
743 2342 889 2368 servus
943 2326 995 2367 ad
1045 2340 1141 2367 eum
1192 2325 1302 2366 clam
1347 2324 1522 2366 domum
