1671 2543
205 98 260 139 78
368 96 420 131 IN
445 96 485 131 P.
511 92 755 131 VATINIUM
781 91 973 128 TESTEM
997 89 1370 128 INTERROGATIO.

203 204 416 247 militibus
449 203 535 244 tuis
567 201 777 257 praebuit.
838 199 890 241 In
916 215 999 254 quo
1024 214 1077 241 ne
1103 199 1205 253 quid
1231 213 1256 240 a
1281 213 1348 240 me
1374 197 1537 239 dictum

204 265 251 305 in
301 266 344 304 te
395 263 540 317 potius
591 263 716 315 putes
768 273 897 313 quam
946 273 1021 312 aps
1066 260 1109 298 te
1151 271 1242 298 esse
1284 256 1537 311 quaesitum,

202 322 371 363 nullum
397 335 502 363 onus
529 320 733 373 inponam
753 317 861 358 mihi
879 316 1135 370 testimonii,
1162 330 1270 370 quae
1290 315 1397 356 mihi
1417 315 1538 356 brevi

204 384 398 434 tempore
437 393 488 420 ex
519 378 667 419 eodem
699 378 783 417 isto
815 376 910 417 1060
942 376 1064 417 video
1098 388 1189 416 esse
1222 374 1415 428 dicenda,
1454 387 1537 414 ser-

205 439 315 480 vabo
348 441 474 492 teque
505 451 592 478 non
623 449 813 490 arguam,
845 434 929 488 sed,
959 436 1008 475 ut
1039 434 1084 474 in
1110 433 1264 474 ceteris
1290 433 1418 473 rebus
1443 431 1538 485 feci,
1574 445 1593 471 5

144 501 191 532 34
205 497 380 552 rogabo.
443 495 608 545 Quaero
641 509 693 535 ex
723 496 779 547 te,
810 492 973 546 Vatini,
1002 507 1107 533 num
1138 492 1234 546 quis
1265 491 1311 532 in
1333 491 1414 532 hac
1440 490 1538 531 civi—

205 559 296 596 tate
326 558 426 609 post
456 554 606 595 urbem
638 552 855 593 conditam
886 551 1083 592 tribunos
1114 551 1170 604 pl.
1203 549 1449 605 appellarit,
1485 563 1539 590 116

206 628 379 655 causam
416 613 592 665 diceret,
629 625 732 652 num
765 610 860 664 quis
891 624 987 651 reus
1018 610 1064 650 in
1093 609 1285 650 tribunal
1316 608 1383 650 sui
1415 622 1539 662 quae-

206 673 352 713 sitoris
385 670 620 712 escenderit
651 683 831 722 eumque
863 668 905 709 vi
936 668 1187 722 detur-barit,
1220 667 1427 709 subsellia
1458 666 1539 707 dis-

206 730 387 784 suparit,
429 742 558 770 urnas
602 727 820 780 deiecerit,
864 741 935 768 eas
978 727 1158 780 denique
1203 726 1342 767 omnis
1385 739 1453 766 res
1494 724 1596 765 inm

205 789 362 830 iudicio
395 787 673 828 disturbando
707 785 987 839 commiserit,
1025 799 1206 839 quarum
1237 799 1380 825 rerum
1412 797 1540 825 causa

204 847 362 888 iudicia
389 849 488 887 sunt
515 845 770 898 constituta3
796 844 959 885 sciasne
980 846 1074 884 tum
1094 843 1254 898 fugisse
1274 841 1540 895 Memmium,

207 908 476 947 accusatores
526 918 617 945 esse
668 906 766 944 tuos
816 902 865 943 de
910 902 995 943 tuis
1040 905 1297 955 tuorumque
1341 900 1540 941 manibus

206 967 387 1017 ereptos,
418 963 578 1004 iudices
612 961 911 1016 quaestionum
943 961 992 1001 de
1018 960 1225 1014 proximis
1251 959 1540 1000 tribunalibus

207 1037 297 1064 esse
336 1022 553 1076 depulsos,
594 1020 639 1061 in
678 1020 772 1061 foro
816 1020 909 1061 luce
953 1019 1221 1073 inspectante
1258 1018 1418 1072 populo
1456 1016 1595 1058 Ro-15

206 1095 332 1121 mano
349 1080 656 1134 quaestionem,
676 1078 970 1133 magistratus,
990 1092 1155 1118 morem
1169 1077 1391 1131 maiorum,
1409 1076 1540 1131 leges,

205 1139 383 1193 iudices,
427 1152 564 1191 reum,
608 1152 790 1191 poenam
835 1151 925 1177 esse
971 1136 1206 1189 sublatam3
1248 1135 1354 1176 haec
1398 1134 1542 1176 omnia

207 1198 370 1239 sciasne
404 1195 629 1251 diligentia
661 1194 705 1236 O.
737 1194 913 1235 Memmi
944 1194 1127 1248 publicis
1160 1194 1320 1235 tabulis
1353 1207 1443 1234 esse
1468 1207 1541 1234 no-

206 1259 301 1297 tata
337 1258 465 1308 atque
503 1256 674 1294 testata.
736 1253 878 1307 Atque
917 1253 1024 1293 illud
1056 1252 1187 1293 etiam
1219 1266 1394 1306 quaero,
1433 1266 1541 1305 cum,

207 1316 491 1368 posteaquam
528 1326 572 1353 es
609 1311 872 1365 postulatus,
917 1325 968 1352 ex
1003 1311 1220 1365 legatione
1258 1309 1450 1363 redieris,
1487 1324 1540 1350 ne
1561 1325 1594 1350 20

209 1372 304 1426 quis
336 1373 379 1412 te
410 1370 568 1411 iudicia
600 1369 798 1424 defugere
831 1369 1124 1423 arbitraretur,
1155 1371 1293 1422 teque,
1326 1383 1422 1409 cum
1448 1367 1541 1422 tibi,

212 1433 354 1471 utrum
379 1429 522 1481 velles,
547 1428 708 1481 liceret,
734 1427 944 1469 dictitaris
972 1441 1144 1468 causam
1169 1427 1307 1468 dicere
1328 1426 1542 1480 maluisse,

210 1488 284 1542 qui
315 1489 647 1528 consentaneum
678 1485 827 1538 fuerit,
861 1500 956 1527 cum
987 1485 1216 1540 legationis
1247 1484 1445 1540 perfugio
1476 1485 1542 1525 uti

208 1545 437 1599 noluisses,
475 1544 763 1598 appellatione
801 1544 1135 1598 improbissuma
1171 1546 1213 1584 te
1250 1544 1304 1584 ad
1336 1543 1542 1584 auxilium

208 1604 419 1645 nefarium
451 1603 704 1658 confugisse.
1560 1616 1594 1642 25

297 1662 356 1703 Et
388 1661 590 1716 quoniam
621 1661 850 1716 legationis
882 1663 980 1702 tuae
1005 1660 1122 1702 facta
1146 1660 1307 1702 mentio
1334 1663 1412 1714 est,
1443 1660 1541 1701 volo

211 1721 356 1762 audire
400 1721 449 1761 de
493 1722 552 1773 te,
598 1734 682 1773 quo
719 1720 892 1760 tandem
928 1722 1102 1760 senatus
1140 1719 1334 1760 consulto
1371 1719 1543 1774 legatus

210 1780 281 1820 sis.
347 1778 411 1819 De
449 1781 575 1833 gestu
611 1778 834 1833 intellego,
873 1778 975 1832 quid
1011 1778 1286 1832 respondeas3
1323 1780 1399 1818 tua
1435 1777 1542 1832 lege,

211 1837 327 1879 dicis.
405 1836 519 1877 Esne
573 1836 708 1892 igitur
762 1836 927 1890 patriae
983 1836 1247 1878 certissimus
1299 1835 1542 1890 parricida?

211 1898 482 1950 spectarasne
524 1894 584 1948 id,
633 1898 682 1935 ut
724 1897 868 1948 patres
913 1894 1145 1949 conscripti
1188 1909 1239 1935 ex
1282 1909 1327 1935 re
1369 1893 1543 1948 publica
1562 1909 1597 1934 30

210 1953 403 1994 funditus
435 1953 718 1994 tollerentur?
748 1968 802 1994 ne
832 1953 914 1994 hoc
947 1953 1119 2007 quidem
1144 1952 1312 1994 senatui
1336 1952 1544 2007 relinque-

211 2012 306 2065 bas,
345 2012 459 2065 quod
494 2026 619 2052 nemo
657 2026 861 2065 umquam
898 2011 1075 2065 ademit,
1111 2014 1160 2052 ut
1196 2011 1330 2065 legati
1369 2025 1420 2052 ex
1451 2010 1543 2051 eius

213 2070 372 2110 ordinis
400 2069 657 2111 auctoritate
682 2070 957 2124 legarentur?
1017 2070 1191 2110 Adeone
1217 2069 1299 2110 tibi
1324 2068 1544 2110 sordidum

213 2127 440 2168 consilium
470 2128 690 2181 publicum
721 2128 860 2168 visum
892 2130 970 2182 est,
1001 2128 1104 2169 adeo
1134 2127 1329 2169 adflictus
1355 2129 1542 2180 senatus,

213 2185 317 2226 adeo
350 2186 506 2226 misera
537 2189 580 2226 et
610 2188 828 2240 prostrata
859 2201 925 2228 res
957 2186 1139 2240 publica,
1170 2188 1218 2226 ut
1248 2200 1335 2226 non
1365 2185 1541 2226 nuntios
1561 2200 1595 2227 35

212 2243 329 2295 pacis
362 2257 409 2284 ac
440 2244 555 2297 belli,
585 2259 672 2285 non
703 2246 908 2298 oratores,
938 2259 1026 2286 non
1048 2244 1316 2298 interpretes,
1345 2258 1432 2284 non
1457 2243 1543 2284 bel-

213 2300 286 2341 lici
322 2301 488 2342 consilii
527 2304 740 2356 auctores,
776 2316 864 2343 non
900 2302 1121 2343 ministros
1157 2301 1343 2342 muneris
1373 2302 1543 2356 provin-

143 1641 196 1682 15

150 1701 195 1732 35
