1671 2543
589 80 690 116 CAP.
717 84 807 115 5—7
834 84 852 123 g
881 84 1028 116 12—17.
1433 81 1486 122 71v

150 190 207 231 Et
239 189 440 244 quoniam
474 189 545 231 hic
575 189 694 230 locus
727 191 792 230 est
822 203 949 244 unus,
988 203 1113 243 quem
1144 189 1226 230 tibi
1258 203 1355 230 cum
1387 188 1489 231 Cae-

151 264 241 290 sare
281 262 550 290 communem
581 262 672 289 esse
705 248 838 302 dicas,
878 248 1101 301 seiungam
1131 250 1173 289 te
1207 248 1260 289 ab
1292 248 1368 289 illo
1399 262 1488 289 non

149 308 288 349 solum
325 308 386 348 rei
422 307 619 361 publicae
660 321 805 360 causa,
842 321 989 348 verum
1021 307 1151 348 etiam
1183 306 1395 360 Caesaris,
1431 321 1486 348 ne

151 381 234 420 qua
277 381 327 407 ex
363 369 439 406 tua
476 380 642 407 summa
678 365 935 420 indignitate
971 366 1090 407 labes
1128 365 1245 407 illius
1283 365 1487 420 dignitati

114 438 131 462 5
151 439 324 479 aspersa
348 425 552 465 videatur.
602 423 795 465 Primum
821 439 990 478 quaero,
1014 439 1118 466 num
1136 426 1185 465 tu
1204 424 1372 466 senatui
1392 438 1488 466 cau—

149 498 240 524 sam
270 486 390 524 tuam
420 483 663 537 permittas,
697 483 810 537 quod
841 482 946 524 facit
978 482 1151 538 Caesar3
1183 483 1345 537 deinde,
1377 497 1489 537 quae

148 542 205 583 sit
237 542 469 583 auctoritas
502 542 609 595 eius,
642 542 715 595 qui
747 555 790 583 36
824 542 999 583 alterius
1031 541 1157 596 facto,
1188 556 1278 583 non
1308 555 1385 583 suo
1419 541 1487 583 de-

147 600 310 655 fendat3
347 600 496 641 deinde
536 598 749 655 (erumpet
787 600 900 641 enim
938 600 1165 655 aliquando
1204 615 1255 641 ex
1285 615 1352 641 me
1385 614 1487 641 vera

146 674 245 713 vox,
283 661 326 700 et
357 659 496 700 dicam
527 659 618 700 sine
651 659 939 713 cunctatione,
978 660 1091 714 quod
1123 658 1298 713 sentio),
1331 659 1367 700 si
1398 659 1486 700 iam

95 731 129 755 10
147 717 375 759 violentior
406 718 550 772 aliqua
581 718 626 758 in
656 732 701 758 re
734 717 778 760 C.
812 717 968 759 Caesar
998 718 1169 773 fuisset,
1202 718 1239 759 31
1271 733 1368 759 eum
1398 731 1486 758 ma—

146 777 325 832 gnitudo
359 776 664 829 contentionis,
704 776 892 817 studium
925 777 1104 831 gloriae,
1142 778 1366 830 praestans
1398 777 1486 817 ani·

145 849 252 890 mus,
285 835 493 876 excellens
518 835 723 876 nobilitas
751 835 894 888 aliquo
921 835 1173 889 impulisset,
1201 835 1313 889 quod
1338 835 1384 876 in
1408 835 1485 876 illo

145 894 238 935 viro
277 897 320 935 et
354 896 448 935 tum
485 893 706 934 ferendum
744 896 857 934 esset
892 896 934 934 et
964 893 1162 935 maximis
1193 894 1340 948 rebus,
1379 908 1485 948 quas

145 955 297 1007 postea
318 953 464 1007 gessit,
491 952 843 993 oblitterandum:
869 952 913 993 id
932 954 980 993 tu
999 953 1092 1005 tibi,
1118 952 1305 1006 furcifer,
1331 966 1487 1008 sumes,

95 1014 190 1052 15ct
216 1011 365 1052 Vatini
396 1011 577 1052 latronis
605 1025 653 1052 60
679 1011 878 1065 sacrilegi
904 1025 986 1052 vox
1012 1011 1208 1052 audietur
1232 1011 1315 1052 1100
1340 1014 1486 1066 postu-

145 1070 294 1123 lantis,
337 1072 386 1110 ut
422 1070 534 1110 idem
571 1069 655 1110 sibi
694 1069 951 1110 concedatur
989 1069 1103 1124 quod
1141 1068 1343 1111 Caesari?
1414 1069 1485 1112 Sic

146 1128 260 1169 enim
292 1143 343 1169 ex
373 1130 415 1169 te
450 1142 618 1182 quaero.
680 1128 894 1169 Tribunus
926 1128 982 1182 pl.
1013 1127 1154 1182 fuisti3
1187 1128 1363 1184 seiunge
1391 1130 1434 1170 136
1461 1142 1486 1169 6

147 1187 338 1240 001131116;
371 1187 557 1241 collegas
588 1186 779 1227 habuisti
811 1186 925 1228 viros
958 1186 1084 1228 fortis
1112 1201 1277 1228 novem.
1338 1186 1407 1228 Ex
1432 1187 1486 1228 iis

145 1248 233 1287 tres
272 1247 410 1299 erant,
449 1259 554 1299 quos
592 1248 640 1286 1311
679 1245 835 1286 cotidie
874 1245 1038 1286 sciebas
1071 1259 1239 1286 servare
1273 1245 1323 1286 de
1356 1245 1487 1299 caelo,

92 1317 127 1342 20
146 1318 253 1358 quos
284 1304 508 1358 irridebas,
541 1318 648 1358 quos
679 1304 871 1358 privatos
904 1318 995 1345 6336
1028 1303 1214 1357 dicebam
1247 1303 1297 1344 de
1330 1304 1487 1358 quibus

146 1363 251 1404 duos
289 1365 579 1417 praetextatos
617 1362 803 1403 sedentis
841 1362 976 1417 vides,
1014 1364 1056 1403 te
1095 1362 1336 1404 aediliciam
1367 1377 1487 1416 prae—

145 1424 308 1462 textam
351 1424 515 1476 togam,
561 1436 689 1475 quam
725 1421 887 1462 frustra
925 1420 1186 1474 confeceras,
1230 1421 1487 1476 vendidisse,

146 1480 323 1520 tertium
361 1480 444 1521 scis
483 1495 534 1521 ex
569 1480 645 1521 illo
686 1480 860 1521 obsesso
894 1482 1023 1533 atque
1056 1479 1227 1521 adflicto
1260 1479 1486 1521 tribunatu

147 1539 414 1579 consularem
452 1539 753 1580 auctoritatem
790 1538 1009 1579 hominem
1045 1552 1136 1579 6336
1169 1538 1487 1579 adulescentem

94 1608 127 1634 25
148 1599 433 1637 consecutum.
501 1596 673 1650 Reliqui
716 1611 789 1638 sex
831 1596 1022 1650 fuerunt,
1068 1611 1090 1638 e
1134 1596 1288 1650 quibus
1326 1597 1484 1650 partim

146 1655 272 1709 plane
303 1657 445 1696 tecum
477 1655 730 1708 sentiebant,
761 1655 920 1709 partim
945 1654 1132 1695 medium
1159 1654 1370 1708 quendam
1396 1669 1487 1696 cur-

147 1727 242 1754 sum
267 1713 488 1767 tenebant,
521 1727 667 1754 omnes
692 1713 936 1766 habuerunt
960 1712 1077 1767 leges
1102 1712 1410 1767 promulgatas,
1440 1713 1486 1754 in

147 1772 208 1813 eis
240 1771 397 1812 multas
429 1785 547 1812 meus
579 1771 855 1825 necessarius,
888 1770 1017 1811 etiam
1049 1770 1099 1811 de
1131 1785 1226 1811 mea
1258 1771 1485 1824 sententia,

148 1829 193 1872 C.
225 1829 478 1882 Cosconius,
509 1829 635 1870 iudex
664 1832 828 1883 noster,
862 1843 988 1883 quem
1019 1831 1067 1869 tu
1100 1828 1355 1882 dirumperis
1388 1843 1484 1870 cum

93 1902 128 1927 30
148 1888 390 1930 aedilicium
431 1888 560 1929 vides.
633 1886 764 1941 Volo,
806 1887 875 1928 uti
915 1886 1021 1927 mihi
1064 1887 1338 1940 respondeas,
1381 1901 1484 1928 num

149 1947 244 2001 quis
288 1961 339 1988 ex
375 1949 468 1988 toto
509 1946 690 2000 collegio
728 1946 869 2000 legem
907 1945 964 1986 sit
1001 1958 1128 1986 ausus
1165 1944 1276 1985 ferre
1313 1947 1485 1999 praeter

146 2019 279 2046 unum
310 2008 371 2060 te3
403 2019 510 2059 quae
541 2006 663 2045 tanta
693 2004 739 2045 in
768 2007 811 2045 te
842 2003 973 2044 fuerit
1005 2003 1191 2056 audacia,
1224 2017 1331 2057 quae
1362 2005 1486 2044 tanta

147 2064 224 2118 vis,
258 2066 318 2118 ut,
350 2064 462 2118 quod
492 2077 646 2104 novem
677 2062 742 2103 tui
775 2062 976 2117 conlegae
1008 2061 1092 2102 sibi
1122 2061 1360 2102 timendum
1392 2075 1484 2103 esse

148 2122 357 2176 duxerint,
391 2122 436 2163 id
466 2136 575 2163 unus
606 2124 655 2162 tu
687 2134 875 2161 emersus
908 2135 929 2161 e
962 2134 1104 2173 caeno,
1136 2119 1327 2161 omnium
1357 2119 1484 2161 facile

95 2194 129 2220 35
149 2181 346 2222 omnibus
379 2181 506 2222 rebus
538 2179 710 2221 infimus
743 2179 1116 2232 contemnendum,
1154 2178 1483 2233 despiciendum,

148 2238 416 2280 inridendum
446 2241 640 2293 putares3
669 2252 773 2279 num
804 2251 930 2291 quem
959 2239 1060 2291 post
1090 2236 1240 2277 urbem
1266 2237 1484 2279 conditam

149 2297 259 2338 scias
296 2297 518 2339 tribunum
554 2297 610 2351 pl.
649 2296 786 2351 egisse
825 2310 921 2337 cum
957 2294 1100 2350 plebe,
1139 2309 1234 2336 cum
1267 2298 1485 2337 constaret

1501 1046 1526 1086 7

1502 1105 1545 1137 16

1501 1900 1544 1930 17
