1671 2543
532 96 633 132 CAP.
659 101 773 132 9—11
801 102 820 140 g
846 102 995 133 24-29.
1344 97 1428 138 447

14 207 16 232 V
90 204 272 260 Mutina,
304 206 472 247 desinat
498 220 746 261 oppugnare
772 205 970 261 Brutum,
996 206 1171 248 decedat
1197 221 1247 247 ex
1274 204 1433 260 Gallia,

11 263 13 277 ¹
90 278 178 306 non
215 267 282 306 est
317 264 460 306 verbis
498 265 733 320 rogandus,
772 265 986 320 cogendus
1025 268 1092 306 est
1129 265 1271 306 armis.
1332 264 1433 306 Non
1449 272 1490 302 27

91 323 205 364 enim
238 323 290 365 ad
314 323 604 365 Hannibalem
635 323 862 378 mittimus,
893 326 942 365 ut
975 339 999 365 a
1026 323 1218 380 Sagunto
1250 324 1434 378 recedat,

92 382 145 423 ad
183 397 309 436 quem
345 382 523 424 miserat
555 382 659 424 olim
691 385 865 424 senatus
898 382 942 424 P.
975 382 1199 424 Valerium
1229 382 1434 424 Flaccum

57 456 73 482 5
93 443 138 482 et
165 440 212 490 Q.
238 440 448 482 Baebium
473 441 718 495 Tampilum
750 439 855 496 (qui,
887 442 923 483 si
954 441 1172 483 Hannibal
1203 456 1291 483 non
1315 456 1435 496 pare-

90 502 168 550 ret,
199 499 516 555 Karthaginem
545 500 607 541 ire
639 500 745 542 iussi
771 503 888 551 sunt3
922 504 1095 542 nostros
1126 515 1209 555 quo
1235 500 1433 542 iubemus

89 558 170 612 ire,
214 558 250 600 81
286 573 374 601 11011
410 558 602 613 paruerit
638 558 855 600 Antonius
867 556 927 614 ?);
971 560 1024 600 ad
1060 562 1259 601 nostrum
1297 559 1433 601 civem

90 617 324 671 mittimus,
366 633 420 659 110
456 618 779 672 imperatorem,
821 632 874 659 ne
914 618 1126 659 coloniam
1162 618 1313 672 populi
1350 617 1433 659 Ro-

90 676 207 717 mani
244 679 474 732 oppugnet.
535 676 658 718 Itane
694 676 826 719 vero?
862 676 944 718 hoc
975 691 1051 731 per
1081 677 1250 732 legatos
1282 690 1434 732 rogan-

0 753 4 784 !
37 750 71 775 ιο
91 735 192 776 dum
223 735 317 776 est?
375 735 485 784 Quid
515 735 710 791 interest,
740 750 817 790 per
843 736 943 777 deos
969 736 1254 777 immortales!
1285 738 1433 776 utrum

89 793 200 835 113110
231 794 381 835 urbem
413 797 634 849 oppugnet
665 809 720 836 an
749 794 877 836 huius
903 795 1022 836 urbis
1049 795 1436 850 propugnaculum.

91 852 303 894 coloniam
339 853 489 907 populi
520 852 705 894 Romani
736 853 940 907 praesidii
973 868 1100 895 causa
1132 853 1434 895 conlocatam?

88 910 202 953 Belli
244 911 396 953 Punici
437 912 629 966 secundi,
680 912 794 966 quod
838 915 989 954 contra
1032 912 1215 954 maiores
1258 915 1434 953 nostros

89 969 308 1011 Hannibal
335 970 483 1025 gessit,
510 985 638 1012 causa
662 970 747 1012 fuit
774 969 956 1026 Sagunti
984 971 1261 1026 oppugnatio.
1300 970 1434 1012 Recte

37 1043 71 1069 15
91 1029 144 1070 ad
175 1043 272 1070 eum
303 1029 438 1084 legati
469 1029 609 1083 missi,
646 1029 933 1070 mittebantur
965 1030 1017 1070 ad
1048 1029 1258 1083 Poenum,
1290 1030 1433 1071 mitte-

89 1088 248 1129 bantur
285 1102 363 1142 pro
394 1087 652 1129 Hannibalis
690 1088 889 1130 hostibus
923 1088 1085 1130 nostris
1119 1089 1258 1130 sociis.
1323 1088 1434 1137 Quid

91 1146 229 1188 simile
261 1147 463 1188 tandem?
524 1146 616 1188 Nos
650 1147 703 1188 ad
735 1147 870 1189 civem
902 1147 1138 1201 mittimus,
1168 1161 1222 1188 ne
1253 1147 1433 1201 impera-

88 1208 228 1247 torem
276 1205 425 1259 populi
470 1204 673 1259 Romani,
721 1220 774 1247 ne
821 1206 1073 1259 exercitum,
1122 1220 1175 1247 ne
1220 1206 1434 1247 coloniam

90 1264 417 1319 circumsedeat,
448 1279 501 1306 ne
535 1267 772 1320 oppugnet,
803 1279 856 1306 ne
889 1278 1016 1320 agros
1049 1264 1350 1319 depopuletur,
1380 1279 1433 1305 ne

36 1337 70 1363 20
90 1323 148 1364 sit
177 1323 343 1364 hostis.
334 1330 349 1355 θ

176 1381 290 1437 Age,
334 1382 370 1423 si
413 1382 617 1436 paruerit,
657 1382 739 1423 1100
779 1382 868 1423 cive
906 1382 971 1423 uti
1010 1385 1084 1423 aut
1122 1382 1320 1423 volumus
1359 1387 1433 1423 aut

88 1441 348 1495 possumus?
408 1441 523 1482 Ante
561 1441 674 1482 diem
710 1440 820 1482 XIII
858 1440 1074 1482 Kalendas
1105 1440 1328 1482 Ianuarias
1368 1441 1434 1483 de-

91 1499 220 1541 cretis
256 1499 412 1540 vestris
450 1514 548 1540 eum
585 1500 852 1553 concidistis,
897 1500 1204 1553 constituistis,
1241 1502 1291 1541 ut
1328 1500 1434 1541 haec

91 1558 144 1599 ad
183 1571 258 1598 vos
302 1557 506 1599 Kalendis
549 1557 760 1599 Ianuariis
804 1558 1082 1612 referrentur,
1133 1573 1240 1612 quae
1284 1558 1434 1599 referri

38 1629 72 1655 25
91 1616 265 1670 videtis,
303 1616 353 1657 de
386 1616 623 1657 honoribus
656 1619 698 1657 et
729 1617 930 1670 praemiis
962 1618 1070 1658 bene
1102 1616 1152 1657 de
1184 1631 1229 1657 re
1260 1616 1435 1670 publica

90 1675 343 1717 meritorum
369 1677 413 1715 et
438 1674 713 1729 merentium3
739 1689 921 1729 quorum
945 1675 1184 1729 principem
1209 1675 1434 1716 iudicastis

91 1748 206 1788 eum,
244 1733 317 1788 qui
355 1733 455 1786 fuit,
493 1732 538 1774 O.
571 1731 816 1786 Caesarem,
855 1733 927 1787 qui
959 1733 1016 1774 M.
1048 1733 1214 1774 Antoni
1245 1733 1433 1786 impetus

88 1792 277 1834 nefarios
328 1792 381 1833 ab
432 1792 537 1832 urbe
588 1791 634 1832 in
671 1790 857 1832 Galliam
907 1791 1080 1845 avertit,
1134 1794 1228 1832 tum
1271 1791 1433 1832 milites

89 1853 328 1904 veteranos,
360 1850 434 1904 qui
464 1849 594 1903 primi
625 1848 851 1891 Caesarem
878 1850 1013 1891 secuti
1040 1852 1151 1904 sunt,
1183 1853 1311 1904 atque
1336 1850 1435 1891 illas

40 1922 75 1948 so
95 1909 292 1951 caelestis
342 1909 591 1961 divinasque
632 1908 842 1963 legiones,
891 1908 1094 1949 Martiam
1138 1911 1181 1949 et
1223 1911 1434 1963 quartam,

91 1967 420 2021 comprobastis,
452 1967 620 2020 quibus,
653 1981 748 2008 cum
781 1967 998 2008 consulem
1031 1981 1155 2008 suum
1186 1982 1275 2008 non
1307 1967 1433 2008 modo

91 2026 386 2080 reliquissent,
423 2025 495 2066 sed
529 2025 643 2066 bello
677 2025 806 2066 etiam
837 2028 1211 2079 persequerentur,
1248 2025 1433 2067 honores

91 2087 136 2127 et
159 2084 351 2139 praemia
377 2083 688 2138 spopondistis,
720 2083 951 2138 eodemque
979 2084 1044 2125 die
1070 2083 1121 2124 D.
1147 2083 1285 2137 Bruti,
1314 2098 1434 2138 prae-

93 2143 350 2185 stantissimi
381 2142 497 2196 civis,
530 2142 668 2183 edicto
696 2142 839 2184 adlato
867 2145 994 2196 atque
1019 2143 1242 2196 proposito
1268 2142 1433 2184 factum

39 2213 74 2240 35
94 2202 184 2243 eius
216 2201 517 2254 conlaudastis,
550 2200 746 2254 quodque
772 2200 844 2241 ille
870 2201 1031 2242 bellum
1056 2201 1226 2254 privato
1254 2201 1432 2242 consilio

94 2263 358 2315 susceperat,
401 2260 445 2300 id
488 2273 564 2300 vos
611 2259 866 2300 auctoritate
910 2259 1082 2313 publica
1123 2259 1432 2313 conprobastis.

95 2318 206 2369 Quid
236 2319 370 2374 igitur
401 2318 477 2359 illo
510 2317 576 2358 die
609 2317 725 2358 aliud
756 2317 918 2373 egistis,
949 2317 1033 2358 nisi
1058 2319 1107 2358 ut
1131 2317 1303 2359 hostem
1328 2318 1432 2359 iudi·
1446 2326 1490 2357 29

1450 1357 1502 1396 11

1448 1415 1492 1447 28
