1671 2543
189 58 245 99 66
354 57 408 92 IN
432 57 471 94 P.
497 56 738 92 VATINIUM
764 54 959 90 TESTEM
986 54 1348 90 INTERROGATIO

151 174 174 204 2
190 181 319 220 quam
344 165 593 219 despectum
618 163 772 205 vellem
797 162 1025 204 dimittere.
1071 162 1210 212 Quare
1235 177 1289 203 ne
1313 162 1395 203 tibi
1414 162 1528 204 hunc

186 225 396 266 honorem
427 238 452 264 a
482 237 549 264 me
580 222 731 263 haberi
761 221 1071 275 fortemirere,
1108 221 1221 275 quod
1252 221 1528 275 interrogem,

189 298 318 337 quem
353 296 479 323 nemo
518 295 768 336 congressu,
808 295 932 321 nemo
971 280 1107 334 aditu,
1143 294 1271 321 nemo
1310 279 1529 334 suffragio,

187 356 314 383 nemo
359 341 551 393 civitate,
593 354 718 380 nemo
759 339 852 380 luce
896 339 1073 394 dignum
1116 340 1257 392 putet,
1299 338 1422 379 nulla
1462 352 1529 378 me

190 414 319 442 causa
347 399 603 453 impulisset,
633 398 718 439 nisi
743 400 792 438 ut
817 397 1088 438 ferocitatem
1114 397 1245 438 istam
1272 399 1392 437 tuam
1419 411 1530 437 com-

189 459 420 513 primerem
441 460 484 498 et
504 456 725 497 audaciam
745 456 988 511 frangerem
1002 458 1045 496 et
1059 455 1367 509 loquacitatem
1381 455 1530 509 paucis

190 517 298 558 meis
330 515 743 571 interrogationibus
772 515 994 555 inretitam
1019 515 1294 555 retardarem.
1355 513 1532 555 Etenim

192 575 391 628 debuisti,
424 574 585 628 Vatini,
618 574 789 614 etiamsi
820 573 929 614 falso
955 573 1144 614 venisses
1172 573 1217 613 in
1243 572 1532 626 suspicionem

192 633 239 676 P.
273 633 427 687 Sestio,
462 635 608 673 tamen
639 632 746 672 mihi
777 632 1011 687 ignoscere,
1044 632 1082 673 si
1112 632 1158 672 in
1189 634 1312 672 tanto
1343 631 1531 672 hominis

191 693 243 734 de
281 707 348 733 me
382 691 543 746 optime
576 691 721 731 meriti
751 691 941 744 periculo
974 693 1018 731 et
1049 690 1234 744 tempori
1267 690 1356 730 eius
1389 692 1432 730 et
1463 703 1533 730 vo-

156 750 353 792 3luntati
396 764 543 804 parere
588 749 831 790 voluissem.
907 748 990 790 Sed
1033 752 1067 790 te
1109 750 1172 790 die
1213 748 1416 789 hesterno
1455 762 1533 802 pro

193 809 444 850 testimonio
473 823 563 850 esse
590 808 834 861 mentitum,
863 822 959 849 cum
986 807 1234 848 adfirmares
1259 807 1427 848 nullum
1452 806 1535 846 tibi

195 868 369 909 omnino
397 882 493 909 cum
513 867 784 908 Albinovano
806 880 1047 907 sermonem
1065 880 1153 907 non
1173 866 1300 906 modo
1321 865 1371 906 de
1394 864 1535 906 Sestio

194 926 446 979 accusando,
478 926 551 967 sed
581 926 700 966 nulla
728 940 932 979 umquam
958 925 1008 965 de
1034 939 1078 965 re
1104 924 1249 978 fuisse,
1280 924 1408 978 paulo
1437 926 1535 964 ante

192 985 425 1039 inprudens
461 984 679 1038 indicasti,
720 984 793 1038 qui
833 986 876 1024 et
907 983 953 1024 T.
986 982 1213 1025 Claudium
1245 985 1389 1024 tecum
1426 996 1536 1023 com-

193 1043 435 1084 municasse
468 1045 511 1084 et
540 1057 565 1083 a
590 1045 632 1083 te
660 1043 886 1084 consilium
912 1041 957 1084 P.
986 1041 1099 1083 Sesti
1126 1041 1352 1083 accusandi
1376 1040 1536 1095 petisse

194 1105 239 1143 et
281 1101 620 1155 Albinovanum,
668 1115 795 1155 quem
840 1103 966 1141 antea
1009 1101 1079 1141 vix
1122 1100 1205 1141 tibi
1247 1102 1401 1141 notum
1444 1114 1537 1140 esse

195 1160 392 1213 dixisses,
428 1160 602 1201 domum
634 1162 754 1200 tuam
785 1159 970 1213 venisse,
1002 1159 1139 1199 multa
1170 1161 1313 1200 tecum
1343 1159 1538 1200 locutum

196 1218 366 1272 dixeris,
392 1218 572 1271 denique
600 1218 823 1258 contiones
844 1217 891 1258 P.
913 1216 1027 1258 Sesti
1051 1217 1247 1271 scriptas,
1275 1231 1380 1270 quas
1400 1231 1537 1270 neque

194 1279 345 1318 nosset
380 1290 518 1330 neque
556 1276 741 1330 reperire
779 1278 942 1330 posset,
981 1278 1023 1316 te
1058 1275 1331 1316 Albinovano
1370 1275 1536 1315 dedisse

196 1349 354 1389 easque
386 1334 432 1375 in
460 1334 543 1375 hoc
573 1334 730 1375 iudicio
764 1349 855 1375 esse
887 1334 1100 1375 recitatas.
1162 1333 1213 1374 In
1243 1348 1326 1387 quo
1355 1333 1539 1374 alterum

199 1408 243 1434 es
277 1392 508 1446 confessus,
542 1408 566 1433 a
597 1396 639 1434 te
672 1396 942 1434 accusatores
975 1407 1067 1434 esse
1099 1392 1334 1433 instructos
1368 1395 1411 1433 et
1443 1392 1539 1433 sub-

199 1454 393 1504 ornatos,
430 1451 475 1492 in
513 1451 648 1492 altero
686 1451 1021 1492 inconstantiam
1058 1454 1178 1492 tuam
1217 1466 1314 1492 cum
1350 1451 1540 1504 levitate,

199 1512 294 1550 tum
332 1509 463 1550 etiam
496 1509 684 1563 periurio
722 1510 972 1563 inplicatam
1003 1509 1220 1564 refellisti,
1259 1524 1372 1563 cum,
1412 1524 1539 1563 quem

200 1583 226 1609 a
281 1570 324 1608 te
376 1567 687 1609 alienissimum
736 1582 827 1609 esse
878 1568 1076 1622 dixisses,
1132 1583 1230 1609 eum
1279 1568 1395 1609 domi
1440 1571 1538 1609 tuae

199 1626 345 1680 fuisse,
378 1641 505 1680 quem
535 1626 921 1680 praevaricatorem
954 1641 1045 1667 esse
1079 1627 1131 1667 ab
1164 1626 1289 1668 initio
1318 1626 1540 1679 iudicasse,

202 1685 241 1726 ei
284 1687 345 1738 te,
390 1699 495 1738 quos
540 1687 737 1740 rogasset
772 1685 824 1726 ad
862 1685 1147 1726 accusandum
1184 1685 1338 1740 libros,
1382 1685 1539 1726 dixeris

160 1743 382 1820 2dedisse.

165 1838 189 1869 4
293 1801 487 1842 Nimium
519 1816 562 1843 es
595 1802 821 1844 vehemens
853 1802 1057 1856 feroxque
1088 1805 1262 1855 natura3
1295 1817 1381 1843 non
1412 1804 1539 1856 putas

1553 706 1587 730 10

1556 999 1589 1025 15

1557 1294 1591 1318 20

1559 1585 1593 1611 25

201 1859 267 1901 fas
306 1874 397 1901 esse
436 1861 614 1901 verbum
651 1875 701 1901 ex
739 1876 811 1906 ore
849 1861 961 1902 exire
1001 1861 1272 1915 cuiusquam,
1311 1861 1423 1914 quod
1454 1875 1541 1901 non
1560 1879 1595 1903 30

200 1919 433 1959 iucundum
469 1921 512 1960 et
542 1919 827 1961 honorificum
859 1920 911 1960 ad
944 1920 1058 1961 auris
1091 1922 1188 1960 tuas
1222 1919 1397 1960 accidat.
1459 1918 1541 1960 Ve-

200 1977 308 2017 nisti
328 1977 464 2018 iratus
487 1978 696 2031 omnibus,
720 1978 832 2031 quod
853 1992 946 2033 ego,
967 1979 1145 2020 simulac
1165 1981 1208 2019 te
1229 1977 1386 2032 aspexi,
1405 1977 1541 2031 prius-

205 2049 333 2088 quam
352 2035 471 2089 loqui
492 2036 684 2090 coepisti,
705 2051 801 2077 cum
822 2040 919 2078 ante
939 2036 1116 2090 Gellius,
1134 2036 1351 2077 nutricula
1371 2035 1542 2076 seditio-

203 2107 351 2133 sorum
366 2094 567 2149 omnium,
587 2094 884 2136 testimonium
899 2096 1070 2149 diceret,
1091 2095 1204 2136 sensi
1219 2097 1346 2148 atque
1361 2093 1539 2148 providi.

202 2150 396 2204 Repente
436 2152 548 2193 enim
586 2155 629 2193 te
664 2155 885 2206 tamquam
918 2168 1090 2208 serpens
1124 2168 1144 2194 e
1175 2152 1370 2193 latibulis
1404 2152 1539 2193 oculis
1560 2169 1594 2195 35

206 2209 503 2264 eminentibus,
534 2211 685 2252 inflato
718 2212 840 2261 collo,
872 2212 1047 2253 tumidis
1079 2211 1314 2253 cervicibus
1341 2210 1541 2264 intulisti,

204 2269 254 2307 ut
286 2267 391 2307 mihi
424 2272 650 2310 renovatus
683 2270 756 2310 ille
789 2272 888 2311 tuus
920 2271 966 2311 in
998 2273 1042 2311 to
1063 2268 1152 2295 *ἦς*
