1671 2543
573 85 672 121 CAP.
698 89 791 120 4—6
816 89 836 129 ξ
861 88 987 120 8—14.
1358 85 1446 127 435

106 199 158 237 ut
187 196 468 250 imperatores
499 194 714 236 instructa
738 193 828 235 acie
854 194 1006 248 solent,
1039 208 1299 248 quamquam
1326 208 1445 248 para-

108 254 303 296 tissimos
329 254 488 295 milites
515 253 568 295 ad
591 252 889 308 proeliandum
915 253 1098 306 videant,
1124 255 1174 294 ut
1200 267 1272 294 eos
1300 255 1446 293 tamen

110 313 403 367 adhortentur,
435 313 495 354 sic
527 326 607 367 ego
640 326 715 353 vos
748 311 944 352 ardentes
978 314 1021 352 et
1053 314 1216 353 erectos
1243 311 1296 352 ad
1321 311 1446 352 liber-

108 374 246 414 tatem
276 371 596 426 reciperandam
628 370 901 412 cohortabor.
950 368 1051 411 Non
1081 373 1148 411 est
1178 370 1313 424 vobis,
1347 369 1445 419 Qui-

73 449 90 475 5
110 431 233 484 rites,
271 445 368 473 cum
399 444 448 472 eo
479 430 605 471 hoste
639 431 872 482 certamen,
908 443 1004 469 cum
1037 443 1120 482 quo
1154 428 1297 483 aliqua
1327 429 1445 483 pacis

110 489 302 533 condicio
355 503 445 531 esse
487 488 638 543 possit.
710 487 863 541 Neque
912 487 1026 528 enim
1070 487 1143 528 ille
1194 487 1447 529 servitutem

108 551 298 591 vestram
322 551 372 589 ut
398 550 534 602 antea,
561 547 634 589 sed
653 546 739 587 iam
759 547 896 587 iratus
917 545 1170 600 sanguinem
1190 546 1445 600 concupivit.

107 607 266 650 Nullus
305 607 343 648 ei
380 606 505 648 ludus
543 606 712 647 videtur
750 619 842 646 esse
879 604 1104 646 iucundior
1144 619 1271 658 quam
1310 619 1446 655 cruor,

110 681 239 721 quam
283 665 449 719 caedes,
493 679 620 719 quam
665 666 763 705 ante
808 663 954 705 oculos
998 663 1230 704 trucidatio
1277 663 1446 705 civium.

57 742 91 767 10
110 724 212 766 Non
244 726 310 765 est
339 724 462 765 vobis
494 738 574 778 res,
608 723 809 776 Quirites,
842 737 937 764 cum
964 722 1172 763 scelerato
1197 722 1371 763 homine
1398 736 1445 763 ac
1462 729 1503 759 12

106 783 285 837 nefario,
317 783 391 824 sed
423 797 518 824 cum
549 782 726 823 immani
759 784 981 835 taetraque
1013 781 1150 846 belua,
1183 795 1289 835 quae
1317 795 1447 834 quon-

107 842 196 884 iam
226 841 272 883 in
302 841 470 883 foveam
501 841 664 895 incidit,
697 841 913 882 obr.uatur
969 838 1014 881 Si
1040 839 1155 880 enim
1179 839 1289 879 illim
1317 853 1447 880 emer-

110 900 228 955 serit,
257 900 419 941 nullius
452 899 651 954 supplicii
684 899 912 940 crudelitas
945 898 1027 939 erit
1057 898 1301 939 recusanda.
1365 896 1447 939 Sed

109 962 292 1009 tenetur,
317 959 539 1023 premitur,
564 960 773 1013 urguetur
797 971 910 998 nunc
935 956 987 997 iis
1015 956 1162 1010 copiis,
1189 971 1294 1021 quas
1308 952 1444 1008 ·[iam]

60 1035 93 1061 15
111 1018 339 1071 habemus,
376 1032 475 1059 mox
509 1017 580 1071 iis,
620 1031 725 1070 quas
757 1015 904 1070 paucis
938 1015 1087 1056 diebus
1118 1015 1219 1056 novi
1251 1015 1446 1056 consules

111 1076 433 1131 comparabunt.
470 1075 742 1117 Incumbite
732 1089 777 1115 111
797 1088 980 1127 causam,
1002 1073 1204 1127 Quirites,
1222 1076 1272 1114 ut
1291 1073 1446 1115 facitis.

110 1134 359 1189 Numquam
391 1134 528 1176 maior
560 1147 792 1175 consensus
824 1135 966 1174 vester
996 1132 1041 1173 in
1071 1132 1160 1173 ulla
1193 1146 1321 1173 causa
1350 1131 1446 1186 fuit,

108 1208 344 1249 numquam
363 1196 453 1234 tam
472 1193 746 1234 vehementer
763 1207 860 1233 cum
874 1193 1025 1232 senatu
1040 1191 1274 1232 consociati
1289 1190 1445 1231 fuistis.

110 1252 202 1294 Nec
234 1253 410 1306 mirum,
442 1252 587 1307 agitur
619 1251 742 1301 enim,
773 1265 860 1292 non
892 1264 975 1304 qua
1007 1249 1252 1291 condicione
1278 1249 1446 1299 victuri,

58 1329 92 1355 20
113 1311 187 1353 sed
227 1311 439 1353 victurine
478 1311 611 1352 simus
650 1324 705 1350 an
743 1324 839 1350 cum
876 1307 1086 1362 supplicio
1124 1308 1445 1363 ignominiaque

107 1370 300 1425 perituri.
351 1369 619 1423 Quamquam
650 1370 834 1409 mortem
867 1367 1036 1421 quidem
1064 1369 1220 1407 natura
1246 1367 1443 1408 omnibus
1462 1379 1503 1409 13

108 1429 347 1483 proposuit,
379 1428 678 1470 crudelitatem
710 1426 863 1468 mortis
896 1428 939 1467 et
971 1426 1150 1466 dedecus
1182 1425 1320 1466 virtus
1351 1439 1446 1479 pro-

109 1487 281 1541 pulsare
326 1487 452 1540 solet,
496 1500 603 1540 quae
646 1485 821 1540 propria
864 1487 930 1526 est
967 1483 1152 1524 Romani
1195 1483 1363 1538 generis
1403 1486 1446 1525 et

113 1545 299 1586 seminis.
348 1544 472 1586 Hanc
497 1545 692 1594 retinete,
725 1558 895 1598 quaeso,
922 1557 1049 1596 quam
1075 1541 1198 1583 vobis
1224 1544 1445 1596 tamquam

59 1621 93 1646 25
111 1603 396 1644 hereditatem
438 1603 622 1643 maiores
666 1602 799 1643 vestri
841 1601 1117 1654 reliquerunt.
1190 1598 1305 1640 Nam
1349 1614 1440 1641 cum

111 1661 196 1703 alia
228 1661 371 1702 omnia
401 1659 528 1713 falsa,
559 1660 724 1701 incerta
756 1660 854 1709 sint,
886 1660 1055 1712 caduca,
1086 1657 1275 1707 mobilia,
1306 1658 1443 1699 virtus

111 1723 177 1762 est
207 1734 292 1760 una
324 1719 547 1759 altissimis
580 1718 717 1758 defixa
747 1717 980 1770 radicibus,
1012 1730 1118 1769 quae
1143 1730 1378 1769 numquam
1402 1717 1446 1756 vi

109 1779 200 1820 ulla
224 1776 478 1819 labefactari
503 1778 659 1830 potest,
689 1789 923 1828 numquam
950 1773 1165 1814 demoveri
1190 1773 1297 1815 loco.
1351 1773 1445 1815 Hac

110 1837 271 1878 virtute
297 1836 480 1877 maiores
506 1834 639 1875 vestri
664 1834 851 1887 primum
875 1832 1118 1873 universam
1137 1831 1311 1873 Italiam
1335 1832 1445 1872 devi-

30 1913 94 1944 ,30
113 1897 280 1944 cerunt,
325 1893 473 1935 deinde
510 1892 826 1946 Karthaginem
864 1890 1127 1944 exciderunt,
1163 1889 1445 1931 Numantiam

112 1955 369 2006 everterunt,
399 1950 735 2015 potentissimos·
757 1963 892 2004 reges,
917 1948 1267 1990 bellicosissimas
1294 1951 1442 2003 gentes

110 2013 157 2053 in
187 2011 397 2053 dicionem
426 2010 554 2051 huius
585 2008 755 2062 imperii
785 2007 1052 2062 redegerunt.
1109 2007 1174 2048 Ac
1205 2006 1439 2047 maioribus

112 2070 283 2126 quidem
314 2068 487 2121 vestris,
525 2066 732 2120 Quirites,
764 2080 860 2107 cum
891 2080 940 2107 eo
971 2065 1097 2106 hoste
1128 2079 1196 2106 res
1229 2067 1339 2117 erat,
1371 2065 1444 2118 qui

109 2129 290 2171 haberet
321 2142 411 2168 rem
441 2126 676 2191 publicam,
713 2124 892 2178 curiam,
927 2123 1155 2174 aerarium,
1187 2137 1441 2164 consensum

59 2199 93 2224 35
113 2189 156 2229 et
193 2186 463 2229 concordiam
502 2184 674 2235 civium,
711 2158 923 2224 rationein
961 2182 1166 2235 aliquam,
1204 2181 1241 2222 31
1277 2181 1340 2222 ita
1376 2195 1444 2222 res

112 2246 303 2295 tulisset,
339 2244 456 2298 pacis
495 2245 539 2284 et
574 2216 779 2295 foederis,
814 2240 885 2281 hic
916 2242 1057 2281 vester
1086 2238 1227 2280 hostis
1257 2241 1445 2281 vestram

112 2318 201 2347 rem
233 2277 451 2359 publicam
483 2302 716 2355 oppugnat,
749 2299 840 2353 ipse
870 2298 1002 2339 habet
1026 2297 1207 2351 nullam,
1238 2300 1446 2353 senatum,

1166 2331 1237 2399 28⁷*

1458 1988 1483 2029 6

1459 2047 1501 2078 14
