1671 2543
569 113 668 149 CAP.
695 118 788 149 4—6
815 118 833 157 ἓ
861 118 988 149 9—15.
1357 117 1441 158 421

94 221 210 263 hunc
247 221 384 263 civem
417 220 679 276 Romanum,
717 222 831 264 hunc
868 222 1072 277 liberum,
1109 223 1224 266 hunc
1262 225 1443 279 denique

94 281 315 322 hominem
353 282 521 335 putem,
559 281 631 334 qui
669 280 794 322 foedo
834 281 909 322 1110
949 284 993 323 61
1030 282 1249 337 flagitioso
1286 283 1370 338 die,
1402 287 1445 325 et

97 339 199 393 quid
231 339 323 404 pati
357 338 401 381 C.
435 338 617 381 Caesare
650 340 746 381 vivo
779 343 946 394 posset,
979 343 1022 381 et
1054 341 1156 395 quid
1188 356 1237 383 eo
1271 345 1443 383 mortuo

97 398 301 451 consequi
332 398 424 451 ipse
458 401 649 452 cuperet,
681 399 900 440 ostendit?

59 468 76 492 5
184 455 276 498 Nec
296 471 396 497 vero
418 456 468 498 de
487 457 660 510 vir,tute
681 458 938 512 constantia,
964 458 1178 513 glavitate
1198 460 1442 513 provinciae
1460 472 1502 503 13

98 514 264 557 Galliae
286 516 419 557 taceri
439 518 596 569 potest.
635 516 718 557 Est
738 516 852 557 enim
872 516 944 557 ille
966 517 1044 558 flos
1066 517 1231 571 Italiae,
1250 518 1356 560 illud
1378 519 1444 560 fir-

96 577 363 615 mamentum
394 574 564 628 imperii
596 575 746 629 populi
773 575 970 628 Romani,
1003 576 1108 617 illud
1143 580 1444 619 ornamentum

95 633 334 688 dignitatis.
391 632 555 675 Tantus
589 637 733 675 autem
759 637 825 674 est
852 648 1084 675 consensus
1112 635 1444 689 municipiorum

96 692 448 746 coloniarumque
473 693 718 746 provinciae
741 691 918 747 Galliae,
943 696 993 734 ut
1020 708 1167 735 omnes
1188 694 1241 734 ad
1262 696 1444 736 auctori-

44 763 76 787 10
96 754 232 792 1316111
256 750 384 792 11111113
418 751 579 792 ordinis
611 752 968 805 maiestatemque
991 752 1139 806 populi
1167 752 1352 794 Romani
1376 754 1443 795 de-

95 809 351 851 fendendam
373 810 642 864 conspirasse
663 810 900 851 videantur.
928 810 1067 859 Quam
1088 811 1141 852 ob
1162 826 1264 865 rem,
1279 812 1442 853 tribuni

94 868 164 923 pl.,
185 882 448 922 quamquam
473 883 549 910 vos
569 869 678 910 nihil
700 869 816 909 aliud
836 869 919 909 nisi
940 869 989 910 de
1009 870 1236 923 praesidio,
1255 873 1305 911 ut
1325 885 1443 911 sena-

95 930 187 968 tum
221 929 318 968 tuto
352 927 548 968 consules
580 927 787 969 Kalendis
821 927 1030 968 Ianuariis
1063 928 1222 970 habere
1251 932 1442 983 possent,

94 985 342 1039 rettulistis,
374 988 521 1027 tamen
552 986 659 1027 mihi
690 986 893 1027 videmini
923 1000 1080 1041 magno
1106 987 1284 1028 consilio
1312 990 1442 1041 atque

44 1056 75 1081 15
97 1044 263 1098 optima
306 1047 450 1085 mente
493 1047 758 1098 potestatem
799 1045 924 1086 nobis
964 1046 1014 1085 de
1053 1048 1148 1086 tota
1186 1060 1230 1086 re
1268 1046 1442 1099 publica

95 1102 248 1144 fecisse
281 1103 459 1144 dicendi.
522 1102 630 1145 Cum
663 1104 777 1144 enim
809 1106 904 1144 tuto
936 1104 1087 1145 haberi
1120 1107 1317 1146 senatum
1350 1105 1440 1145 31116

94 1161 310 1216 praesidio
342 1176 430 1203 non
460 1176 585 1216 posse
618 1162 900 1215 iudicavistis,
931 1165 1025 1203 tum
1057 1163 1275 1203 statuistis
1309 1163 1440 1204 etiam

95 1221 213 1261 intra
243 1234 388 1261 11111103
421 1220 587 1262 Antoni
621 1221 759 1262 scelus
793 1220 1099 1274 audaciamque
1130 1222 1305 1262 versari.

186 1278 325 1328 Quam
370 1279 424 1320 ob
469 1294 560 1321 rem
606 1280 749 1321 omnia
788 1294 883 1320 mea
924 1280 1140 1321 sententia
1178 1266 1482 1334 complectar6

42 1349 76 1374 20
95 1338 231 1391 vobis,
263 1340 312 1378 ut
343 1338 562 1393 intellego,
593 1353 680 1379 non
711 1338 872 1390 invitis,
903 1341 953 1379 ut
984 1340 1028 1379 et
1053 1339 1440 1393 praestantissimis

95 1397 275 1438 ducibus
314 1411 340 1437 a
374 1372 520 1437 1101113ῦ
541 1372 666 1438 detur
704 1397 940 1438 auctoritas
974 1400 1017 1437 et
1048 1397 1300 1438 fortissimis
1333 1398 1441 1439 mili-

97 1455 214 1495 tibus
259 1469 355 1508 spes
401 1455 655 1496 ostendatur
697 1456 987 1510 praemiorum
1026 1459 1069 1497 et
1107 1456 1320 1497 iudicetur
1355 1471 1443 1498 non

98 1512 239 1566 verbo,
271 1513 345 1553 sed
375 1527 420 1554 re
452 1528 540 1555 non
570 1514 697 1555 modo
729 1529 817 1555 non
849 1515 1010 1567 consul,
1043 1515 1116 1555 sed
1143 1515 1275 1555 etiam
1300 1514 1440 1556 hostis

98 1571 326 1612 Antonius.
376 1570 502 1625 Nam,
535 1572 570 1613 si
603 1573 674 1613 ille
708 1573 868 1625 consul,
900 1572 1162 1613 fustuarium
1194 1576 1442 1614 meruerunt

44 1643 77 1668 25
98 1629 303 1684 legiones,
330 1643 438 1682 quae
465 1630 685 1671 consulem
712 1631 990 1684 reliquerunt,
1017 1631 1251 1671 sceleratus
1273 1630 1442 1684 Caesar,

97 1687 260 1729 Brutus
292 1687 494 1741 nefarius,
526 1688 598 1741 qui
631 1691 782 1729 contra
814 1689 1033 1729 consulem
1064 1689 1234 1741 privato
1262 1689 1441 1730 consilio

98 1746 311 1788 exercitus
333 1749 685 1799 conparaverunt.
731 1745 776 1787 Si
797 1749 941 1786 31116111
962 1747 1173 1787 militibus
1194 1747 1442 1800 exquirendi

99 1807 200 1846 sunt
225 1804 411 1845 honores
436 1804 538 1844 novi
557 1807 736 1858 propter
756 1818 905 1844 eorum
925 1804 1115 1845 divinum
1136 1808 1265 1858 atque
1286 1805 1442 1846 inmor-

99 1863 186 1904 tale
219 1862 434 1915 meritum,
466 1862 646 1904 ducibus
674 1865 818 1903 autem
843 1876 895 1902 ne
922 1862 1073 1903 referii
1100 1863 1271 1916 quidem
1297 1866 1442 1917 potest

44 1939 79 1964 30
99 1921 252 1986 gratia,
285 1921 380 1974 quis
414 1923 491 1974 est,
523 1921 597 1974 qui
622 1935 719 1961 eum
744 1920 915 1961 hostem
941 1935 1028 1962 non
1053 1921 1283 1975 existimet,
1316 1936 1442 1975 quem

100 1980 174 2034 qui
217 1979 348 2020 armis
395 1982 725 2033 persequantur,
774 1982 1098 2021 conservatores
1141 1980 1203 2020 rei
1244 1980 1441 2033 publicae

98 2037 369 2079 iudicentm'?
431 2037 492 2078 At
524 2052 653 2091 quam
685 2037 1057 2079 contumeliosus
1047 2053 1091 2078 in
1118 2038 1281 2091 edictis,
1314 2052 1501 2092 quam15

98 2097 327 2149 barbarus,
366 2110 496 2149 quam
535 2096 670 2136 rudis!
741 2094 936 2136 Primum
973 2096 1019 2136 in
1050 2095 1277 2138 Caesarem
1317 2097 1442 2137 male-

99 2155 216 2197 dicta
246 2155 464 2209 congessit
489 2154 744 2208 deprompta
769 2168 820 2195 ex
846 2154 1140 2195 recordatione
1166 2154 1441 2208 inpudicitiae

47 2230 80 2255 35
101 2216 144 2254 61
186 2216 436 2267 stuprorum
480 2226 666 2253 suorum.
741 2211 846 2261 Quis
891 2212 1004 2253 em'm
1048 2213 1129 2253 hoc
1172 2213 1442 2255 adulescente

101 2272 279 2326 castior,
317 2272 412 2326 quis
450 2270 713 2312 modestior?
752 2269 865 2324 quod
902 2271 947 2310 in
983 2271 1204 2312 iuventute
1235 2271 1442 2313 habemus

100 2329 326 2371 inlustrius
372 2329 614 2383 exemplum
653 2329 810 2370 veteris
850 2328 1125 2370 sanctitatis?
1164 2329 1259 2384 quis
1298 2333 1439 2372 autem
