1671 2543
247 141 304 182 20
632 137 725 172 PRO
751 137 791 173 P.
819 136 979 172 sEsrio
1006 136 1193 173 ORATIO.
1247 172 1249 174 ,

246 248 419 302 quidem
457 245 623 288 defendi
662 260 751 286 rem
790 244 1008 299 publicam
1046 245 1221 299 sissent3
1260 259 1286 286 a
1314 244 1489 287 tribuno
1520 245 1578 299 pl.

245 309 346 361 post
377 305 603 347 interitum
633 317 765 345 meum
796 303 1087 358 dissedissent,
1120 304 1193 357 qui
1224 303 1401 344 eandem
1425 303 1580 345 horam

246 379 365 406 meae
409 363 544 418 pestis
583 365 626 403 et
663 376 838 403 suorum
874 362 1163 415 praemiorum
1200 376 1292 403 esse
1328 361 1578 403 voluissent.

175 402 232 443 20
247 423 390 465 Unum
425 422 572 474 [enim]
607 420 713 461 mihi
744 420 937 461 restabat
967 420 1090 473 illud,
1134 420 1247 474 quod
1278 420 1463 461 forsitan
1491 434 1580 462 non

187 462 232 493 45
244 495 370 523 nemo
419 481 485 521 vir
532 479 658 520 fortis
709 480 752 519 et
801 478 910 519 acris
958 479 1090 519 animi
1133 478 1362 534 magnique
1405 478 1578 519 dixerit:
1615 491 1631 517 5

248 539 528 592 ‘Restitisses,
557 551 852 592 repugnasseS,
878 539 1062 578 mortem
1086 551 1283 592 pugnans
1311 536 1578 591 oppetisses.'

246 597 311 639 De
344 611 428 651 quo
460 599 516 649 te,
550 599 604 650 te,
635 596 823 649 inquam,
854 595 1006 649 patria,
1038 598 1177 637 testor
1208 598 1251 637 et
1282 610 1370 645 vos,
1400 598 1578 650 penates

245 656 461 711 patriique
511 654 596 708 dei,
645 668 712 695 me
761 656 1001 695 vestrarum
1043 654 1191 695 sedum
1233 653 1579 708 templorumque

248 728 387 768 causa,
418 727 484 754 me
510 715 686 766 propter
712 712 895 754 salutem
920 727 1114 754 meorum
1139 712 1308 766 civium,
1337 726 1445 766 quae
1471 712 1579 753 mihi

249 787 415 826 semper
445 771 529 812 fuit
560 785 655 811 mea
681 770 819 812 carior
843 771 944 824 vita,
977 771 1296 812 dimicationem
1322 770 1578 824 caedemque
1600 785 1633 809 10

247 831 420 885 fugisse.
476 829 667 884 Etenim,
711 829 747 870 si
787 829 894 870 mihi
930 829 975 870 in
1012 829 1157 883 aliqua
1192 843 1299 870 nave
1338 843 1435 870 cum
1473 829 1579 870 meis

248 889 396 930 amicis
427 887 650 943 naviganti
680 887 780 941 hoc,
810 887 990 941 iudices,
1022 887 1260 941 accidisset,
1291 890 1340 928 ut
1371 886 1498 928 multi
1529 901 1582 928 ex

248 947 397 988 multis
423 946 529 988 locis
555 947 789 1000 praedones
817 946 1027 987 classibus
1054 960 1148 987 eam
1166 960 1325 993 >navem
1345 960 1389 987 se
1409 959 1581 1000 oppres-

248 1020 370 1047 suros
402 1005 717 1058 minitarentur,
747 1004 832 1046 nisi
863 1019 930 1045 me
962 1019 1094 1046 unum
1126 1004 1209 1045 sibi
1238 1004 1511 1057 dedidissent,
1543 1004 1581 1045 si

247 1064 291 1105 id
326 1066 519 1105 vectores
556 1065 764 1118 negarent
803 1077 851 1104 ac
884 1077 1051 1104 mecum
1083 1063 1211 1104 simul
1243 1062 1418 1103 interire
1452 1076 1581 1116 quam
1601 1075 1635 1102 15

248 1137 315 1163 me
346 1122 513 1163 tradere
544 1121 744 1162 hostibus
777 1121 966 1175 mallent,
997 1121 1194 1162 iecissem
1224 1121 1316 1175 ipse
1342 1135 1409 1162 me
1434 1120 1581 1176 potius

248 1181 293 1221 in
317 1180 589 1234 profundum,
617 1182 667 1219 ut
693 1182 856 1220 ceteros
884 1194 1191 1234 conservarem,
1218 1194 1346 1233 quam
1371 1179 1470 1220 illos
1496 1179 1582 1220 mei

248 1241 338 1279 tam
382 1238 556 1291 cupidos
600 1252 687 1278 non
724 1238 849 1278 modo
888 1238 940 1278 ad
979 1240 1140 1278 certam
1179 1240 1380 1291 mortem,
1425 1237 1499 1278 sed
1536 1237 1582 1278 in

191 1308 234 1339 46
249 1310 453 1351 magnum
496 1296 609 1336 vitae
653 1295 883 1336 discrimen
925 1296 1187 1337 adducerem.
1249 1295 1358 1338 Cum
1397 1309 1497 1337 vero
1534 1295 1581 1336 in

247 1355 359 1395 hanc
389 1354 452 1395 rei
483 1354 678 1408 publicae
710 1369 863 1394 navem
894 1354 1052 1407 ereptis
1086 1354 1254 1395 senatui
1279 1353 1579 1408 gubernaculis
1600 1368 1635 1393 20

248 1412 491 1453 fluitantem
534 1412 579 1452 in
620 1412 708 1452 alto
745 1413 1078 1466 tempestatibus
1117 1412 1377 1453 seditionum
1414 1426 1462 1453 ac
1500 1411 1582 1452 dis-

249 1470 490 1512 cordiarum
527 1472 716 1511 armatae
756 1473 823 1511 tot
862 1470 1038 1525 classes,
1074 1471 1158 1512 nisi
1191 1484 1270 1525 ego
1303 1485 1441 1511 essem
1471 1484 1581 1511 unus

249 1529 428 1582 deditus,
454 1529 700 1570 incursurae
720 1528 977 1581 viderentur,
1003 1544 1099 1570 cum
1122 1529 1395 1583 proscriptio,
1421 1529 1583 1583 caedes,

249 1586 432 1640 direptio
460 1587 794 1641 denuntiaretur,
820 1602 917 1628 cum
943 1587 1016 1628 alii
1042 1602 1109 1628 me
1135 1587 1377 1641 suspicione
1402 1587 1583 1641 periculi

250 1645 316 1685 sui
351 1659 438 1686 non
474 1644 763 1699 defenderent,
806 1645 879 1686 alii
917 1649 1058 1686 vetere
1097 1645 1193 1687 odio
1232 1646 1444 1687 bonorum
1480 1645 1581 1686 inci-
1601 1659 1635 1686 25

249 1705 460 1757 tarentur,
504 1703 578 1744 alii
621 1703 878 1757 inviderent,
922 1704 995 1744 alii
1037 1704 1209 1745 obstare
1248 1704 1331 1745 sibi
1368 1718 1436 1745 me
1473 1703 1584 1744 arbi-

249 1764 484 1814 trarentur,
523 1761 596 1802 alii
633 1762 782 1803 ulcisci
815 1762 1005 1803 dolorem
1038 1763 1225 1816 aliquem
1257 1777 1381 1804 suum
1412 1761 1584 1816 vellent,

249 1819 323 1860 alii
355 1833 445 1860 rem
475 1820 615 1874 ipsam
646 1820 863 1874 publicam
892 1824 1019 1875 atque
1044 1821 1158 1863 hunc
1183 1821 1394 1862 bonorum
1420 1822 1584 1861 statum

250 1878 471 1932 otiumque
516 1878 707 1919 odissent
750 1882 794 1920 et
837 1880 891 1920 ob
934 1879 1061 1921 hasce
1106 1893 1256 1921 causas
1299 1881 1367 1920 tot
1407 1881 1582 1932 tamque

249 1936 389 1977 varias
421 1951 488 1977 me
520 1951 653 1978 unum
679 1938 967 1992 deposcerent,
999 1938 1286 1993 depugnarem
1310 1937 1457 1990 potius
1484 1951 1582 1978 cum
1601 1952 1636 1977 30

250 2008 416 2035 summo
453 2009 541 2036 non
577 1995 716 2036 dicam
754 1996 903 2049 exitio,
949 1996 1023 2037 sed
1058 1996 1248 2051 periculo
1286 1998 1400 2036 certe
1437 1997 1581 2036 vestro

249 2051 567 2107 liberorumque
594 2056 836 2094 vestrorum
862 2069 990 2108 quam
1018 2055 1137 2106 [non]
1165 2054 1220 2108 id,
1247 2053 1360 2107 quod
1382 2053 1581 2094 omnibus

249 2108 519 2165 inpendebat,
544 2126 654 2152 unus
679 2126 757 2165 pro
785 2113 982 2154 omnibus
1010 2113 1269 2166 susciperem
1295 2126 1343 2152 ac
1364 2111 1581 2152 subirem?

339 2167 471 2209 ‘Victi
503 2172 647 2211 essent
677 2170 890 2224 improbi.'
940 2171 1000 2212 At
1034 2171 1157 2224 cives,
1188 2172 1234 2210 at
1259 2170 1312 2210 ab
1339 2183 1388 2210 eo
1410 2169 1581 2224 privato

250 2229 426 2278 armato,
472 2227 543 2280 qui
585 2228 674 2269 sine
713 2228 843 2269 armis
875 2229 1014 2282 ,etiam
1052 2227 1199 2270 consul
1236 2242 1327 2268 rem
1362 2227 1581 2282 publicam
1600 2243 1635 2269 35

252 2287 534 2325 conservarat.
597 2284 673 2326 Sin
704 2286 807 2327 victi
839 2290 983 2327 essent
1013 2286 1132 2340 boni,
1174 2285 1247 2340 qui
1279 2286 1581 2339 superessent?

249 2354 388 2382 nonne
415 2342 467 2382 ad
490 2357 634 2385 servos
655 2344 809 2385 videtis
830 2359 919 2386 rem
938 2344 1156 2399 publicam
1175 2345 1401 2385 venturam
1419 2343 1581 2386 fuisse?

179 2149 233 2190 21

191 2208 234 2239 47
