1671 2543
214 115 297 156 146
465 114 557 149 PRO
584 116 623 149 L.
653 113 890 149 CORNELIO
917 113 1076 148 BALBO
1105 113 1294 148 ORATIO.

211 223 331 265 Haec
346 225 447 264 sunt
461 222 575 264 enim
587 221 688 262 fund
695 223 866 262 amenta
878 221 1125 263 firmissima
1137 223 1311 262 nostrae
1325 219 1554 274 libertatis,

213 282 280 323 sui
308 295 518 336 quemque
544 280 648 321 iuris
675 282 718 320 et
742 279 952 320 retinendi
980 282 1024 321 et
1048 279 1291 320 dimittendi
1311 293 1402 320 esse
1423 278 1552 320 domi-

211 355 326 382 num.
372 339 485 381 Illud
510 353 609 380 vero
637 338 728 379 sine
753 338 843 379 ulla
867 338 1134 379 dubitatione
1155 337 1337 379 maxime
1355 339 1553 378 nostrum

211 398 408 440 fundavit
427 397 654 451 imperium
674 400 718 437 et
736 397 885 451 populi
905 396 1088 438 Romani
1106 411 1263 437 nomen
1282 395 1412 448 auxit,
1439 395 1552 449 quod

211 457 410 511 princeps
451 457 523 497 ille
562 458 730 496 creator
765 455 892 496 huius
929 455 1067 508 urbis,
1111 455 1339 509 Romulus,
1381 453 1551 495 foedere

214 515 374 557 Sabino
409 514 555 556 docuit
586 514 717 555 etiam
747 513 947 555 hostibus
978 513 1233 567 recipiendis
1265 513 1413 568 augeri
1442 512 1553 553 hanc

213 574 433 615 civitatem
459 575 667 627 oportere.
707 570 837 613 Cuius
864 573 1122 614 auctoritate
1148 575 1192 612 et
1218 571 1411 625 exemplo
1433 585 1553 612 num-

215 647 343 687 quam
384 635 450 672 est
481 631 728 672 intermissa
766 645 791 672 a
827 630 1062 672 maioribus
1098 630 1259 672 nostris
1296 629 1471 684 largitio
1510 632 1553 670 et

215 690 545 732 communicatio
579 689 779 730 civitatis.
840 689 992 743 Itaque
1024 693 1068 731 et
1099 704 1149 730 ex
1180 688 1305 729 Latio
1335 688 1474 742 multi,
1504 690 1553 728 ut

213 749 455 802 Tusculani,
479 751 528 789 ut
554 747 776 801 Lanuvini,
802 751 845 789 et
874 763 925 789 ex
950 748 1103 790 ceteris
1128 747 1376 802 regionibus
1402 749 1552 802 gentes

213 804 435 848 universae
472 807 519 847 in
556 807 777 848 civitatem
814 809 915 848 sunt
951 809 1166 860 receptae,
1203 808 1253 846 ut
1286 804 1553 856 Sabinorum,

214 866 489 919 Volscorum,
539 865 842 919 Hernicorum3
892 865 1046 918 quibus
1090 879 1141 905 ex
1186 863 1434 905 civitatibus
1475 877 1553 904 nec

215 925 354 966 coacti
392 926 536 965 essent
574 924 747 965 civitate
786 923 962 977 mutari,
1000 924 1038 964 si
1069 923 1142 977 qui
1172 922 1430 975 noluissent,
1465 935 1554 974 nec,

216 983 253 1024 si
291 983 364 1037 qui
400 986 544 1024 essent
576 982 797 1024 civitatem
827 985 1022 1023 nostram
1053 981 1258 1023 beneficio
1289 980 1439 1035 populi
1469 979 1552 1022 Ro-

215 1042 331 1082 mani
364 1041 600 1094 consecuti,
632 1041 842 1085 violatum
872 1040 1021 1082 foedus
1054 1055 1202 1081 eorum
1232 1039 1458 1081 videretur.

148 1079 202 1169 13}
302 1100 478 1141 Etenim
505 1099 713 1153 quaedam
735 1099 907 1140 foedera
926 1102 1107 1152 exstant,
1132 1101 1182 1139 ut
1202 1097 1554 1151 Cenomanorum,

182 1158 475 1209 “Insubrium,
506 1157 818 1211 Helvetiorum,
843 1157 1064 1211 Iapydum,
1093 1172 1181 1199 non
1207 1157 1426 1198 nullorum
1449 1156 1554 1196 item

216 1232 266 1258 ex
294 1216 435 1258 Gallia
460 1217 753 1270 barbarorum,
786 1231 968 1270 quorum
993 1216 1038 1256 in
1061 1215 1304 1257 foederibus
1332 1217 1555 1269 exceptum

217 1278 295 1329 est,
324 1290 377 1317 ne
410 1275 505 1328 quis
532 1289 680 1315 eorum
711 1289 736 1315 a
765 1275 891 1315 nobis
925 1274 1028 1315 civis
1058 1274 1301 1328 recipiatur.
1364 1272 1487 1322 Quod
1518 1272 1554 1313 si

216 1333 410 1387 exceptio
436 1332 540 1374 facit
564 1347 618 1373 ne
640 1333 780 1382 liceat,
805 1333 880 1373 ubi
899 1346 980 1373 non
998 1333 1052 1374 sit
1069 1335 1282 1384 exceytmn,
1307 1332 1365 1372 ihi
1382 1345 1553 1372 necesse

217 1395 283 1433 est
327 1391 466 1432 licere.
533 1390 621 1432 Ubi
666 1394 731 1432 est
768 1391 904 1445 igitur
939 1392 984 1431 iaz
1021 1389 1190 1432 foedere
1229 1389 1459 1443 Gaditano,
1499 1403 1554 1430 ne

218 1464 345 1503 quem
380 1449 566 1504 populus
597 1449 817 1490 Romanus
850 1448 1110 1490 Gaditanum
1141 1448 1320 1502 recipiat
1352 1447 1555 1489 civitate?

216 1508 454 1562 Nusquam.
514 1508 579 1549 Ac
611 1508 748 1549 sicubi
781 1510 905 1560 esset,
936 1507 1005 1548 lex
1035 1508 1077 1548 id
1111 1506 1250 1548 Gellia
1277 1510 1319 1548 et
1345 1506 1555 1557 Cornelia,

218 1581 326 1621 quae
364 1566 536 1607 definite
573 1568 835 1619 potestatem
870 1566 1075 1619 Pompeio
1111 1566 1332 1607 civitatem
1371 1564 1554 1606 donandi

217 1625 407 1679 dederat,
445 1624 702 1666 sustulisset.
764 1623 1047 1678 ‘Exceptum',
1082 1624 1240 1678 inquit,
1279 1624 1360 1665 ‘est
1393 1623 1589 1676 foedus,2

217 1684 427 1738 siquidem
471 1685 791 1724 sacrosanctum
828 1682 920 1724 est.>
982 1682 1164 1737 Ignosco
1203 1682 1303 1737 tibi,
1345 1681 1382 1723 si
1417 1696 1554 1735 neque

216 1742 461 1784 Poenorum
485 1742 578 1782 iura
604 1741 733 1783 calles
761 1739 1012 1797 (reliqueras
1039 1741 1153 1783 enim
1179 1741 1397 1783 civitatem
1417 1739 1554 1794 tuam)

215 1815 354 1854 neque
391 1803 563 1841 nostras
594 1800 777 1854 potuisti
807 1800 923 1854 leges
955 1799 1182 1854 inspieere3
1219 1799 1336 1853 ipsae
1368 1799 1481 1840 enim
1511 1802 1554 1839 te

158 1866 242 1900 33a
286 1859 531 1914 cognitione
569 1873 647 1900 sua
682 1858 839 1900 iudicio
876 1858 1050 1913 publico
1088 1858 1376 1912 reppulerunt.
1444 1856 1554 1906 Quid

215 1917 301 1958 fuit
334 1918 379 1958 in
409 1917 634 1972 rogatione
667 1932 733 1970 ea,
771 1927 878 1971 quae
910 1917 960 1958 de
991 1916 1196 1970 Pompeio
1229 1931 1254 1957 a
1286 1915 1424 1957 Gellio
1456 1918 1501 1956 et
1531 1929 1556 1955 a

216 1975 401 2017 Lentulo
422 1975 668 2017 consulibus
688 1975 779 2016 lata
798 1978 875 2029 est,
895 1975 940 2016 in
960 1989 1043 2029 quo
1061 1975 1221 2029 aliquid
1236 1976 1555 2016 sacrosanctum

217 2037 441 2088 exceptum
471 2034 715 2075 videretur?
763 2033 957 2074 Primum
981 2033 1094 2075 enim
1120 2035 1439 2075 sacrosanctum
1464 2045 1554 2072 esse

215 2092 324 2133 nihil
350 2095 506 2146 potest,
534 2092 618 2133 nisi
645 2092 757 2145 quod
782 2092 966 2146 populus
991 2092 1190 2146 plebesve
1216 2090 1374 2144 sanxit3
1405 2089 1553 2130 deinde

218 2150 460 2191 sanctiones
503 2151 732 2192 sacrandae
775 2153 877 2191 sunt
916 2153 990 2191 aut
1033 2164 1186 2205 genere
1228 2149 1323 2203 ipso
1366 2150 1441 2189 aut
1484 2147 1555 2188 ob-

218 2209 448 2249 testatione
475 2212 519 2249 et
545 2208 864 2250 consecratione
889 2208 998 2263 legis
1019 2211 1093 2249 aut
1111 2222 1284 2262 poenae,
1310 2221 1407 2247 cum
1426 2209 1555 2259 caput

219 2266 321 2319 eius,
347 2266 420 2320 qui
445 2269 595 2308 contra
618 2266 781 2320 fecerit,
807 2269 1090 2307 consecratur.
1129 2265 1239 2314 Quid
1263 2265 1395 2305 habes
1420 2263 1555 2319 igitur

219 2324 356 2365 dicere
395 2324 445 2365 de
478 2323 689 2366 Gaditano
727 2324 894 2366 foedere
927 2324 1016 2366 eius
1044 2324 1188 2365 modi?
1225 2326 1369 2364 utrum
1402 2323 1555 2377 capitis

1574 755 1608 780 10

1574 1046 1608 1073 15

1574 1340 1609 1365 20

1574 1925 1610 1950 30

1573 2211 1608 2237 35
