1671 2543
204 79 290 122 260
452 77 546 114 PRO
573 76 609 113 C.
637 76 832 112 RABIRIO
858 76 1085 113 POSTUMO
1113 75 1303 112 ORATIO.

202 187 469 230 fortissimus
502 189 546 227 et
577 185 788 226 maximus
819 183 1093 239 publicanus,
1131 184 1251 226 cuius
1282 184 1329 226 in
1358 184 1548 240 negotiis

204 246 401 303 gerendis
439 244 781 300 magnitudinem
819 243 951 284 animi
985 257 1073 284 non
1103 246 1195 284 tam
1224 243 1422 285 homines
1453 257 1549 297 pro-

202 307 398 358 bassent,
435 304 520 346 nisi
551 303 597 344 in
627 302 776 344 eodem
806 302 1054 356 benignitas
1086 301 1350 344 incredibilis
1381 301 1548 355 fuisset,

203 367 254 406 ut
290 364 337 405 in
374 359 568 417 augenda
599 376 644 403 re
674 375 762 402 non
794 361 999 401 avaritiae
1031 361 1250 415 praedam,
1288 361 1361 402 sed
1392 360 1548 402 instru-

169 425 398 464 4mentum
435 420 623 462 bonitati
656 433 858 474 quaerere
889 419 1116 460 videretur.
1177 419 1273 461 Hoc
1303 419 1376 461 ille
1407 422 1548 473 natus,
1584 435 1601 462 5

205 481 400 536 quamvis
443 483 612 534 patrem
657 493 781 520 suum
824 492 1059 532 numquam
1097 478 1278 532 videret,
1322 481 1468 519 tamen
1505 482 1549 520 et

202 543 358 582 natura
394 539 490 593 ipsa
527 538 649 591 duce,
694 551 802 591 quae
839 537 1074 591 plurimum
1111 537 1242 591 valet,
1282 539 1327 578 et
1364 537 1548 579 assiduis

204 598 539 640 domesticorum
578 595 846 637 sermonibus
884 596 929 637 in
966 598 1171 650 paternae
1205 595 1318 637 vitae
1350 596 1549 637 similitu-

202 657 345 698 dinem
377 656 585 698 deductus
618 657 743 696 esset.
799 653 940 695 Multa
971 654 1118 709 gessit,
1151 654 1289 695 multa
1320 655 1548 709 contraxit,

202 729 382 771 magnas
413 714 550 769 partis
576 713 730 755 habuit
755 713 1044 768 publicorum3
1076 713 1256 754 credidit
1281 713 1471 767 populis,
1502 714 1548 755 in
1569 729 1602 754 ιο

200 775 397 829 pluribus
423 772 656 828 provinciis
682 772 772 813 eius
798 774 969 813 versata
994 786 1061 813 res
1088 775 1172 826 est3
1203 772 1320 813 dedit
1345 785 1390 813 se
1416 772 1549 813 etiam

201 833 395 888 regibus;
437 831 538 873 huic
581 831 666 885 ipsi
710 830 999 872 Alexandrino
1043 831 1250 886 grandem
1293 831 1380 871 iam
1420 834 1549 872 antea

199 891 426 945 pecuniam
458 890 656 944 credidit3
685 904 764 931 nec
794 889 958 930 interea
983 889 1246 943 locupletare
1273 889 1434 931 amicos
1459 904 1549 931 um-

201 965 331 1004 quam
363 963 463 991 suos
495 948 683 1002 destitit,
718 948 891 989 mittere
923 948 968 989 in
998 948 1234 1003 negotium,
1266 948 1365 990 dare
1396 949 1548 1002 partis,

200 1022 356 1063 augere
388 1022 453 1061 re,
482 1007 564 1048 fide
597 1010 852 1048 sustentare.
915 1006 1025 1056 Quid
1058 1007 1222 1048 multa?
1256 1021 1351 1048 cum
1384 1007 1546 1062 magni·
1567 1021 1600 1046 15

199 1067 347 1108 tudine
380 1066 524 1120 animi,
556 1069 651 1107 tum
682 1065 945 1107 liberalitate
978 1065 1109 1106 vitam
1140 1065 1278 1120 patris
1305 1068 1348 1106 ct
1374 1080 1547 1107 consue-

199 1125 393 1166 tudinem
419 1127 699 1178 expresserat.
737 1124 894 1165 Pulsus
919 1124 1084 1165 interea
1109 1138 1242 1180 regno
1269 1123 1547 1166 Ptolomaeus

199 1184 361 1225 dolosis
407 1183 616 1236 consiliis,
658 1186 708 1223 ut
751 1183 859 1223 dixit
901 1181 1084 1236 Sibylla,
1128 1183 1264 1224 sensit
1301 1183 1547 1237 Postumus,

199 1242 384 1283 Romam
415 1241 544 1282 venit.
594 1240 674 1283 Cui
706 1241 850 1295 egenti
883 1244 926 1281 et
957 1241 1129 1295 roganti
1154 1241 1224 1282 hic
1250 1241 1398 1282 infelix
1423 1255 1547 1296 pecu-

197 1300 316 1341 niam
348 1299 545 1353 credidit,
579 1313 658 1341 nec
689 1302 783 1340 tum
814 1299 1020 1352 primum,
1050 1314 1151 1340 nam
1182 1300 1383 1354 regnanti
1415 1300 1545 1341 credi·
1565 1314 1600 1339 20

199 1358 321 1399 derat
363 1358 536 1411 absens3
579 1372 656 1398 nec
699 1360 857 1398 temere
897 1371 940 1398 se
979 1357 1147 1398 credere
1185 1358 1388 1412 putabat,
1432 1359 1545 1412 quod

200 1419 292 1457 erat
326 1416 486 1457 nemini
519 1415 714 1469 dubium,
753 1416 856 1469 quin
886 1415 923 1456 is
955 1415 999 1457 in
1031 1430 1212 1471 regnum
1244 1417 1546 1459 restitueretur

164 1489 226 1520 5a
272 1477 424 1515 senatu
466 1474 711 1528 populoque
754 1473 961 1515 Romano.
1030 1473 1081 1515 In
1130 1475 1268 1516 dando
1313 1478 1457 1516 autem
1500 1480 1544 1518 et

199 1533 407 1574 credendo
440 1532 651 1586 processit
682 1532 855 1587 longius
887 1547 963 1574 nec
997 1547 1118 1574 suam
1151 1533 1290 1575 solum
1318 1534 1543 1588 pecuniam

198 1591 396 1645 credidit,
428 1591 502 1632 sed
534 1591 665 1632 etiam
698 1592 950 1645 amicorum,
983 1592 1134 1646 stulte,
1167 1592 1262 1646 quis
1294 1596 1436 1648 negat,
1468 1587 1597 1635 aut'25

198 1650 293 1704 quis
326 1649 412 1691 iam
444 1649 636 1703 audebit,
674 1650 787 1703 quod
819 1650 929 1690 male
962 1650 1132 1704 cecidit,
1163 1651 1270 1692 bene
1297 1652 1543 1693 consultum

196 1709 378 1763 putare?
411 1709 483 1749 sed
516 1711 582 1749 est
614 1708 799 1762 difficile,
832 1708 945 1762 quod
977 1723 1073 1750 cum
1104 1723 1179 1763 spe
1211 1723 1368 1765 magna
1394 1710 1453 1752 sis
1482 1711 1543 1752 in-

157 1775 182 1816 3
200 1781 387 1822 gressus,
417 1767 461 1808 id
491 1781 578 1808 non
609 1767 760 1821 exequi
791 1781 926 1821 usque
958 1767 1011 1808 ad
1043 1770 1292 1824 extremum.
1353 1767 1543 1823 Supplex

198 1829 291 1867 erat
322 1840 413 1880 rex,
451 1825 589 1866 multa
620 1826 821 1880 rogabat,
860 1825 1005 1867 omnia
1034 1826 1337 1881 pollicebatur,
1374 1831 1423 1868 ut
1453 1828 1541 1869 iam

196 1887 386 1925 metuere
431 1883 665 1925 Postumus
716 1887 959 1939 cogeretur,
1007 1899 1076 1937 ne,
1128 1885 1242 1939 quod
1291 1886 1540 1941 crediderat,
1558 1898 1593 1923 ³0

194 1943 405 1996 perderet,
431 1942 467 1983 si
493 1942 689 1984 credendi
711 1942 1008 1984 constituisset
1028 1943 1212 1984 modum.
1251 1942 1374 1985 Nihil
1394 1949 1537 1986 autem

196 2004 289 2041 erat
314 2001 390 2042 illo
416 2000 626 2054 blandius,
651 2001 759 2042 nihil
785 2001 867 2042 hoc
893 2001 1133 2056 benignius,
1157 2005 1207 2043 ut
1232 2003 1371 2057 magis
1396 2002 1537 2056 paeni-

196 2061 308 2100 teret
340 2059 530 2113 coepisse
564 2073 692 2113 quam
722 2059 872 2100 liceret
897 2059 1114 2101 desistere.

127 2126 176 2167 (6)
285 2117 399 2159 Hinc
430 2117 617 2171 primum
649 2118 840 2159 exoritur
871 2118 1030 2159 crimen
1061 2118 1185 2172 illud3
1219 2120 1416 2159 senatum
1447 2132 1537 2160 cor-

161 2178 370 2228 eruptum
411 2190 503 2216 esse
541 2176 699 2217 dicunt.
761 2176 795 2217 O
831 2176 874 2216 di
904 2176 1189 2218 immortales!
1226 2175 1331 2216 haec
1362 2178 1428 2217 est
1459 2177 1535 2218 illa
1554 2189 1587 2215 35

195 2236 399 2286 exoptata
452 2234 709 2275 iudiciorum
764 2235 1000 2276 severitas?
1068 2236 1339 2287 corruptores
1395 2236 1535 2277 nostri

195 2304 364 2331 causam
394 2291 559 2347 dicunt3
588 2307 680 2346 nos,
710 2293 783 2346 qui
808 2293 1000 2346 corrupti
1025 2305 1184 2345 sumus,
1209 2305 1296 2332 non
1321 2292 1534 2336 dicimus?
