1671 2543
200 95 286 137 436
342 95 395 129 1N
422 95 470 130 M.
502 94 760 130 ANTONIUM
792 93 867 129 ΟΒ.
900 93 1020 130 PHIL.
1047 93 1109 130 IV.
1165 93 1266 129 CAP.
1298 98 1318 129 6
1344 98 1364 137 ξ
1392 97 1541 130 14-16.

200 204 244 246 id
275 206 342 246 est
374 203 490 246 orbis
523 206 663 245 terrae
697 203 942 257 consilium,
973 202 1111 244 delere
1143 202 1290 258 gestit,
1321 202 1414 257 ipse
1446 216 1542 244 con-

201 263 347 305 silium
377 263 599 318 publicum
629 262 797 304 nullum
827 261 978 317 habet3
1009 261 1223 303 aerarium
1254 264 1447 303 vestrum
1474 275 1542 302 ex-

200 322 358 376 hausit,
391 336 515 363 suum
546 336 635 363 non
664 321 814 376 habet3
843 335 944 362 nam
977 320 1248 362 concordiam
1279 320 1436 362 civium
1468 321 1542 374 qui

199 381 358 422 habere
402 383 566 435 potest,
607 380 772 422 nullam
816 394 913 422 cum
955 379 1087 421 habet
1126 379 1378 422 civitatem?
1421 379 1541 434 pacis

200 454 300 481 vero
334 454 440 494 quae
473 441 619 493 potest
650 453 743 480 esse
776 453 873 481 cum
904 453 953 480 eo
979 439 1104 493 ratio,
1134 439 1180 480 in
1206 453 1289 493 quo
1317 440 1384 480 est
1408 438 1541 480 incre-
1578 454 1594 480 5

145 505 186 536 15
202 498 346 540 dibilis
385 498 633 552 crudelitas,
672 498 777 539 fides
814 497 961 539 nulla?
1027 497 1111 539 Est
1147 497 1300 553 igitur,
1339 496 1542 551 Quirites,

200 558 361 612 populo
399 556 597 599 Romano
637 556 793 599 victori
831 556 1022 598 omnium
1060 557 1256 612 gentium
1293 570 1418 598 omne
1456 570 1543 598 cer-

201 619 348 657 tamen
385 631 482 658 cum
518 630 788 671 percussore,
809 630 924 657 »cum
961 616 1147 670 latrone,
1185 629 1282 658 cum
1321 614 1542 670 Spartaco.

201 675 316 717 Nam
360 675 475 729 quod
513 689 557 716 se
596 675 781 716 similem
819 689 912 716 esse
949 673 1162 717 Catilinae
1200 674 1379 730 gloriari
1417 674 1541 729 solet,

202 734 360 776 scelere
391 749 470 789 par
501 736 568 776 est
599 734 676 788 illi,
707 734 920 775 industria
949 733 1139 775 inferior.
1189 733 1269 775 Ille
1301 748 1399 775 cum
1427 747 1541 775 exer·
1563 749 1596 773 10

201 793 336 835 citum
372 794 539 835 nullum
575 793 817 847 habuisset,
860 795 1035 847 repente
1073 793 1294 847 conflavit3
1336 792 1407 834 hic
1443 806 1542 834 eum

201 852 450 907 exercitum,
483 867 611 906 quem
643 852 819 906 accepit,
852 851 1010 894 amisit.
1058 850 1122 894 Ut
1146 852 1282 907 igitur
1307 850 1542 894 Catilinam

201 911 429 966 diligentia
465 926 578 966 mea,
617 913 792 952 senatus
831 910 1108 961 auctoritate,
1145 913 1290 952 vestro
1323 910 1466 952 studio
1498 913 1543 952 et

200 970 361 1011 virtute
381 970 588 1025 fregistis,
609 970 671 1012 sic
690 970 855 1012 Antoni
873 969 1086 1012 nefarium
1105 969 1380 1011 latrocinium
1397 971 1543 1011 vestra

201 1043 298 1070 cum
339 1032 492 1071 senatu
529 1029 756 1071 concordia
793 1032 933 1080 tanta,
977 1032 1139 1083 quanta
1174 1043 1410 1083 numquam
1446 1027 1541 1083 fuit,
1562 1041 1594 1067 15

200 1088 409 1129 felicitate
448 1090 492 1129 et
528 1088 689 1129 virtute
726 1088 991 1134 exercituum
1028 1088 1267 1142 ducumque
1298 1090 1542 1129 vestrorum

145 1159 186 1190 16
200 1147 320 1188 brevi
353 1150 547 1201 tempore
574 1161 827 1201 oppressum
853 1147 1048 1189 audietis.
1092 1147 1306 1201 Equidem
1332 1149 1542 1201 quantum

201 1220 320 1259 cura,
352 1206 518 1256 labore,
550 1206 724 1261 vigiliis,
757 1206 1028 1260 auctoritate,
1060 1206 1240 1248 consilio
1274 1205 1380 1247 eniti
1411 1208 1541 1260 atque

200 1263 368 1305 efficere
405 1268 576 1318 potero,
617 1265 726 1306 nihil
764 1265 1129 1319 praetermittam,
1175 1264 1289 1318 quod
1327 1264 1379 1306 ad
1416 1264 1540 1305 liber-

199 1325 337 1364 tatem
379 1326 569 1363 vestram
611 1323 826 1376 pertinere
864 1323 1128 1377 arbitrabor3
1170 1337 1308 1377 neque
1346 1322 1460 1364 enim
1497 1322 1540 1364 id
1560 1335 1595 1360 20

199 1395 278 1435 pro
315 1381 472 1422 vestris
512 1381 790 1435 amplissimis
828 1382 873 1423 in
907 1396 974 1423 me
1005 1381 1223 1423 beneficiis
1257 1381 1347 1423 sine
1380 1381 1539 1423 scelere

198 1439 339 1481 facere
368 1454 556 1493 possum.
605 1440 825 1482 Hodierno
852 1443 998 1482 autem
1023 1440 1090 1481 die
1115 1440 1303 1494 primum
1328 1440 1540 1482 referente

199 1498 291 1539 viro
324 1498 563 1540 fortissimo
596 1498 803 1552 vobisque
836 1499 1112 1553 amicissimo,
1142 1499 1224 1540 hoc
1253 1498 1310 1540 M.
1345 1497 1541 1554 Servilio,

200 1557 462 1612 collegisque
500 1558 608 1612 eius,
654 1557 942 1599 ornatissimis
980 1558 1103 1611 viris,
1145 1558 1322 1612 optimis
1361 1558 1539 1613 civibus,

198 1615 330 1671 longo
356 1616 584 1658 intervallo
611 1631 678 1658 me
705 1619 878 1658 auctore
904 1619 948 1658 et
973 1617 1165 1672 principe
1192 1617 1245 1658 ad
1271 1631 1391 1672 spem
1413 1617 1538 1659 liber·
1558 1628 1592 1655 25

199 1675 304 1716 tatis
337 1676 585 1717 exarsimus.
