<?xml version="1.0" encoding="UTF-8"?>
<!DOCTYPE html PUBLIC "-//W3C//DTD XHTML 1.0 Transitional//EN"
    "http://www.w3.org/TR/xhtml1/DTD/xhtml1-transitional.dtd">
<html xmlns="http://www.w3.org/1999/xhtml" xml:lang="en" lang="en">
 <head>
  <title>
</title>
<meta http-equiv="Content-Type" content="text/html;charset=utf-8" />
  <meta name='ocr-system' content='tesseract 3.04.00' />
  <meta name='ocr-capabilities' content='ocr_page ocr_carea ocr_par ocr_line ocrx_word'/>
</head>
<body>
  <div class='ocr_page' id='page_1' title='image "./p3scriptaquaemanse02ciceuoft_0224.png"; bbox 0 0 1671 2543; ppageno 0'>
   <div class='ocr_carea' id='block_1_1' title="bbox 208 108 1157 152">
    <p class='ocr_par' dir='ltr' id='par_1_1' title="bbox 208 108 1157 152">
     <span class='ocr_line' id='line_1_1' title="bbox 208 108 1157 152; baseline -0.006 -2"><span class='ocrx_word' id='word_1_1' title='bbox 208 111 263 152; x_wconf 83' lang='lat'>84</span> <span class='ocrx_word' id='word_1_2' title='bbox 580 110 673 145; x_wconf 85' lang='lat' dir='ltr'>PRO</span> <span class='ocrx_word' id='word_1_3' title='bbox 699 110 747 144; x_wconf 88' lang='lat' dir='ltr'>M.</span> <span class='ocrx_word' id='word_1_4' title='bbox 774 108 944 145; x_wconf 86' lang='lat' dir='ltr'><strong>CAELIO</strong></span> <span class='ocrx_word' id='word_1_5' title='bbox 970 108 1157 144; x_wconf 89' lang='lat' dir='ltr'><strong>ORATIO.</strong></span> 
     </span>
    </p>
   </div>
   <div class='ocr_carea' id='block_1_2' title="bbox 170 215 1587 2373">
    <p class='ocr_par' dir='ltr' id='par_1_2' title="bbox 170 215 1587 2373">
     <span class='ocr_line' id='line_1_2' title="bbox 205 215 1528 274; baseline -0.003 -14"><span class='ocrx_word' id='word_1_6' title='bbox 205 221 270 260; x_wconf 90' lang='lat' dir='ltr'>est</span> <span class='ocrx_word' id='word_1_7' title='bbox 314 219 528 274; x_wconf 85' lang='lat' dir='ltr'>cognitus,</span> <span class='ocrx_word' id='word_1_8' title='bbox 570 218 603 259; x_wconf 91' lang='lat' dir='ltr'>ii</span> <span class='ocrx_word' id='word_1_9' title='bbox 647 218 707 259; x_wconf 88' lang='lat' dir='ltr'>sic</span> <span class='ocrx_word' id='word_1_10' title='bbox 744 217 946 271; x_wconf 85' lang='lat' dir='ltr'>habeant,</span> <span class='ocrx_word' id='word_1_11' title='bbox 984 231 1271 272; x_wconf 88' lang='lat' dir='ltr'>quaecumque</span> <span class='ocrx_word' id='word_1_12' title='bbox 1306 215 1353 257; x_wconf 88' lang='lat' dir='ltr'>in</span> <span class='ocrx_word' id='word_1_13' title='bbox 1387 216 1528 270; x_wconf 90' lang='lat' dir='ltr'>equite</span> 
     </span>
     <span class='ocr_line' id='line_1_3' title="bbox 204 276 1528 332; baseline -0.003 -13"><span class='ocrx_word' id='word_1_14' title='bbox 204 277 396 319; x_wconf 88' lang='lat' dir='ltr'>Romano</span> <span class='ocrx_word' id='word_1_15' title='bbox 434 277 622 332; x_wconf 86' lang='lat' dir='ltr'>dignitas</span> <span class='ocrx_word' id='word_1_16' title='bbox 661 290 750 317; x_wconf 90' lang='lat' dir='ltr'>esse</span> <span class='ocrx_word' id='word_1_17' title='bbox 786 276 940 330; x_wconf 86' lang='lat' dir='ltr'>possit,</span> <span class='ocrx_word' id='word_1_18' title='bbox 979 290 1084 330; x_wconf 90' lang='lat' dir='ltr'>quae</span> <span class='ocrx_word' id='word_1_19' title='bbox 1123 277 1233 316; x_wconf 87' lang='lat' dir='ltr'>certe</span> <span class='ocrx_word' id='word_1_20' title='bbox 1264 276 1407 329; x_wconf 86' lang='lat' dir='ltr'>potest</span> <span class='ocrx_word' id='word_1_21' title='bbox 1437 288 1528 315; x_wconf 88' lang='lat' dir='ltr'>esse</span> 
     </span>
     <span class='ocr_line' id='line_1_4' title="bbox 204 333 1528 390; baseline -0.003 -13"><span class='ocrx_word' id='word_1_22' title='bbox 204 350 419 390; x_wconf 79' lang='lat' dir='ltr'>maxuma,</span> <span class='ocrx_word' id='word_1_23' title='bbox 468 350 561 376; x_wconf 90' lang='lat' dir='ltr'>eam</span> <span class='ocrx_word' id='word_1_24' title='bbox 611 349 776 389; x_wconf 80' lang='lat' dir='ltr'>semper</span> <span class='ocrx_word' id='word_1_25' title='bbox 824 334 870 375; x_wconf 91' lang='lat' dir='ltr'>in</span> <span class='ocrx_word' id='word_1_26' title='bbox 911 333 967 375; x_wconf 89' lang='lat' dir='ltr'>M.</span> <span class='ocrx_word' id='word_1_27' title='bbox 1012 333 1154 376; x_wconf 88' lang='lat' dir='ltr'>Caelio</span> <span class='ocrx_word' id='word_1_28' title='bbox 1203 333 1396 374; x_wconf 86' lang='lat' dir='ltr'>habitam</span> <span class='ocrx_word' id='word_1_29' title='bbox 1438 347 1528 374; x_wconf 87' lang='lat' dir='ltr'>esse</span> 
     </span>
     <span class='ocr_line' id='line_1_5' title="bbox 205 391 1530 448; baseline -0.002 -13"><span class='ocrx_word' id='word_1_30' title='bbox 205 409 416 435; x_wconf 88' lang='lat' dir='ltr'>summam</span> <span class='ocrx_word' id='word_1_31' title='bbox 439 394 646 448; x_wconf 84' lang='lat' dir='ltr'>hodieque</span> <span class='ocrx_word' id='word_1_32' title='bbox 672 393 823 434; x_wconf 88' lang='lat' dir='ltr'>haberi</span> <span class='ocrx_word' id='word_1_33' title='bbox 845 407 932 434; x_wconf 92' lang='lat' dir='ltr'>non</span> <span class='ocrx_word' id='word_1_34' title='bbox 957 392 1095 434; x_wconf 88' lang='lat' dir='ltr'>solum</span> <span class='ocrx_word' id='word_1_35' title='bbox 1121 407 1145 433; x_wconf 90' lang='lat' dir='ltr'>a</span> <span class='ocrx_word' id='word_1_36' title='bbox 1170 392 1270 446; x_wconf 87' lang='lat' dir='ltr'>suis,</span> <span class='ocrx_word' id='word_1_37' title='bbox 1301 391 1374 433; x_wconf 92' lang='lat' dir='ltr'>sed</span> <span class='ocrx_word' id='word_1_38' title='bbox 1400 391 1530 432; x_wconf 89' lang='lat' dir='ltr'>etiam</span> 
     </span>
     <span class='ocr_line' id='line_1_6' title="bbox 207 451 1581 506; baseline -0.002 -12"><span class='ocrx_word' id='word_1_39' title='bbox 207 454 258 494; x_wconf 89' lang='lat' dir='ltr'>ab</span> <span class='ocrx_word' id='word_1_40' title='bbox 286 453 495 506; x_wconf 85' lang='lat' dir='ltr'>omnibus,</span> <span class='ocrx_word' id='word_1_41' title='bbox 522 452 675 506; x_wconf 88' lang='lat' dir='ltr'>quibus</span> <span class='ocrx_word' id='word_1_42' title='bbox 694 451 884 505; x_wconf 87' lang='lat' dir='ltr'>potuerit</span> <span class='ocrx_word' id='word_1_43' title='bbox 904 451 1047 505; x_wconf 88' lang='lat' dir='ltr'>aliqua</span> <span class='ocrx_word' id='word_1_44' title='bbox 1065 451 1114 492; x_wconf 88' lang='lat' dir='ltr'>de</span> <span class='ocrx_word' id='word_1_45' title='bbox 1135 464 1261 492; x_wconf 89' lang='lat' dir='ltr'>causa</span> <span class='ocrx_word' id='word_1_46' title='bbox 1280 464 1370 492; x_wconf 87' lang='lat' dir='ltr'>esse</span> <span class='ocrx_word' id='word_1_47' title='bbox 1389 452 1528 491; x_wconf 87' lang='lat' dir='ltr'>notus.</span> <span class='ocrx_word' id='word_1_48' title='bbox 1566 465 1581 491; x_wconf 89' lang='lat'>5</span> 
     </span>
     <span class='ocr_line' id='line_1_7' title="bbox 170 508 1528 566; baseline -0.002 -14"><span class='ocrx_word' id='word_1_49' title='bbox 170 510 376 566; x_wconf 81' lang='lat' dir='ltr'>4Equit1&#39;s</span> <span class='ocrx_word' id='word_1_50' title='bbox 409 510 591 552; x_wconf 86' lang='lat' dir='ltr'>Romani</span> <span class='ocrx_word' id='word_1_51' title='bbox 623 512 765 551; x_wconf 87' lang='lat' dir='ltr'>autem</span> <span class='ocrx_word' id='word_1_52' title='bbox 796 524 886 551; x_wconf 89' lang='lat' dir='ltr'>esse</span> <span class='ocrx_word' id='word_1_53' title='bbox 917 510 1054 550; x_wconf 90' lang='lat' dir='ltr'>filium</span> <span class='ocrx_word' id='word_1_54' title='bbox 1085 509 1274 550; x_wconf 82' lang='lat' dir='ltr'>criminis</span> <span class='ocrx_word' id='word_1_55' title='bbox 1304 508 1397 550; x_wconf 93' lang='lat' dir='ltr'>loco</span> <span class='ocrx_word' id='word_1_56' title='bbox 1427 508 1528 563; x_wconf 87' lang='lat' dir='ltr'>poni</span> 
     </span>
     <span class='ocr_line' id='line_1_8' title="bbox 207 567 1530 623; baseline -0.002 -13"><span class='ocrx_word' id='word_1_57' title='bbox 207 571 259 611; x_wconf 91' lang='lat' dir='ltr'>ab</span> <span class='ocrx_word' id='word_1_58' title='bbox 286 569 603 613; x_wconf 86' lang='lat' dir='ltr'>accusatoribus</span> <span class='ocrx_word' id='word_1_59' title='bbox 628 583 763 623; x_wconf 89' lang='lat' dir='ltr'>neque</span> <span class='ocrx_word' id='word_1_60' title='bbox 788 568 856 609; x_wconf 88' lang='lat' dir='ltr'>his</span> <span class='ocrx_word' id='word_1_61' title='bbox 882 568 1166 609; x_wconf 86' lang='lat' dir='ltr'>iudicantibus</span> <span class='ocrx_word' id='word_1_62' title='bbox 1187 567 1378 622; x_wconf 90' lang='lat' dir='ltr'>oportuit</span> <span class='ocrx_word' id='word_1_63' title='bbox 1394 581 1530 621; x_wconf 90' lang='lat' dir='ltr'>neque</span> 
     </span>
     <span class='ocr_line' id='line_1_9' title="bbox 207 625 1530 681; baseline -0.002 -12"><span class='ocrx_word' id='word_1_64' title='bbox 207 627 528 669; x_wconf 74' lang='lat' dir='ltr'>defendentibus</span> <span class='ocrx_word' id='word_1_65' title='bbox 565 627 701 668; x_wconf 90' lang='lat' dir='ltr'>nobis.</span> <span class='ocrx_word' id='word_1_66' title='bbox 768 626 882 668; x_wconf 88' lang='lat' dir='ltr'>Nam</span> <span class='ocrx_word' id='word_1_67' title='bbox 919 627 1030 681; x_wconf 91' lang='lat' dir='ltr'>quod</span> <span class='ocrx_word' id='word_1_68' title='bbox 1067 627 1116 667; x_wconf 90' lang='lat' dir='ltr'>de</span> <span class='ocrx_word' id='word_1_69' title='bbox 1153 626 1311 680; x_wconf 87' lang='lat' dir='ltr'>pietate</span> <span class='ocrx_word' id='word_1_70' title='bbox 1349 625 1530 679; x_wconf 76' lang='lat' dir='ltr'>dixistis,</span> 
     </span>
     <span class='ocr_line' id='line_1_10' title="bbox 207 684 1529 741; baseline -0.002 -13"><span class='ocrx_word' id='word_1_71' title='bbox 207 689 272 728; x_wconf 86' lang='lat' dir='ltr'>est</span> <span class='ocrx_word' id='word_1_72' title='bbox 303 686 472 741; x_wconf 89' lang='lat' dir='ltr'>quidem</span> <span class='ocrx_word' id='word_1_73' title='bbox 503 686 587 727; x_wconf 87' lang='lat' dir='ltr'>ista</span> <span class='ocrx_word' id='word_1_74' title='bbox 616 688 765 727; x_wconf 88' lang='lat' dir='ltr'>nostra</span> <span class='ocrx_word' id='word_1_75' title='bbox 790 685 1062 738; x_wconf 71' lang='lat' dir='ltr'>existimatio,</span> <span class='ocrx_word' id='word_1_76' title='bbox 1092 685 1165 726; x_wconf 85' lang='lat' dir='ltr'>sed</span> <span class='ocrx_word' id='word_1_77' title='bbox 1189 684 1393 726; x_wconf 90' lang='lat' dir='ltr'>iudicium</span> <span class='ocrx_word' id='word_1_78' title='bbox 1418 686 1529 725; x_wconf 88' lang='lat' dir='ltr'>certe</span> 
     </span>
     <span class='ocr_line' id='line_1_11' title="bbox 206 743 1584 800; baseline -0.002 -14"><span class='ocrx_word' id='word_1_79' title='bbox 206 745 413 800; x_wconf 85' lang='lat' dir='ltr'>parentis;</span> <span class='ocrx_word' id='word_1_80' title='bbox 445 744 545 799; x_wconf 91' lang='lat' dir='ltr'>quid</span> <span class='ocrx_word' id='word_1_81' title='bbox 575 758 654 785; x_wconf 89' lang='lat' dir='ltr'>nos</span> <span class='ocrx_word' id='word_1_82' title='bbox 687 744 918 798; x_wconf 83' lang='lat' dir='ltr'>opinemur,</span> <span class='ocrx_word' id='word_1_83' title='bbox 950 743 1130 784; x_wconf 88' lang='lat' dir='ltr'>audietis</span> <span class='ocrx_word' id='word_1_84' title='bbox 1155 758 1205 784; x_wconf 86' lang='lat' dir='ltr'>ex</span> <span class='ocrx_word' id='word_1_85' title='bbox 1230 743 1398 797; x_wconf 81' lang='lat' dir='ltr'>iuratis3</span> <span class='ocrx_word' id='word_1_86' title='bbox 1431 743 1584 797; x_wconf 78' lang='lat' dir='ltr'>quidm</span> 
     </span>
     <span class='ocr_line' id='line_1_12' title="bbox 206 801 1531 858; baseline -0.002 -14"><span class='ocrx_word' id='word_1_87' title='bbox 206 805 402 858; x_wconf 87' lang='lat' dir='ltr'>parentes</span> <span class='ocrx_word' id='word_1_88' title='bbox 429 803 625 856; x_wconf 78' lang='lat' dir='ltr'>sentiant,</span> <span class='ocrx_word' id='word_1_89' title='bbox 656 803 855 844; x_wconf 75' lang='lat' dir='ltr'>lacrimae</span> <span class='ocrx_word' id='word_1_90' title='bbox 881 802 1029 843; x_wconf 87' lang='lat' dir='ltr'>matris</span> <span class='ocrx_word' id='word_1_91' title='bbox 1055 801 1397 856; x_wconf 82' lang='lat' dir='ltr'>incredibilisque</span> <span class='ocrx_word' id='word_1_92' title='bbox 1423 815 1531 842; x_wconf 89' lang='lat' dir='ltr'>mae-</span> 
     </span>
     <span class='ocr_line' id='line_1_13' title="bbox 208 860 1528 916; baseline -0.002 -14"><span class='ocrx_word' id='word_1_93' title='bbox 208 876 295 916; x_wconf 85' lang='lat' dir='ltr'>ror,</span> <span class='ocrx_word' id='word_1_94' title='bbox 333 861 505 916; x_wconf 85' lang='lat' dir='ltr'>squalor</span> <span class='ocrx_word' id='word_1_95' title='bbox 534 861 670 915; x_wconf 87' lang='lat' dir='ltr'>patris</span> <span class='ocrx_word' id='word_1_96' title='bbox 702 863 744 902; x_wconf 90' lang='lat' dir='ltr'>et</span> <span class='ocrx_word' id='word_1_97' title='bbox 774 861 879 902; x_wconf 86' lang='lat' dir='ltr'>haec</span> <span class='ocrx_word' id='word_1_98' title='bbox 908 874 1108 914; x_wconf 86' lang='lat' dir='ltr'>praesens</span> <span class='ocrx_word' id='word_1_99' title='bbox 1138 860 1370 913; x_wconf 89' lang='lat' dir='ltr'>maestitia,</span> <span class='ocrx_word' id='word_1_100' title='bbox 1405 874 1528 913; x_wconf 87' lang='lat' dir='ltr'>quam</span> 
     </span>
     <span class='ocr_line' id='line_1_14' title="bbox 173 917 1533 974; baseline -0.002 -13"><span class='ocrx_word' id='word_1_101' title='bbox 173 920 392 973; x_wconf 86' lang='lat' dir='ltr'>5cernitis,</span> <span class='ocrx_word' id='word_1_102' title='bbox 423 920 646 974; x_wconf 90' lang='lat' dir='ltr'>luctusque</span> <span class='ocrx_word' id='word_1_103' title='bbox 679 919 876 961; x_wconf 78' lang='lat' dir='ltr'>declarat.</span> <span class='ocrx_word' id='word_1_104' title='bbox 937 918 1049 960; x_wconf 89' lang='lat' dir='ltr'>Nam</span> <span class='ocrx_word' id='word_1_105' title='bbox 1080 918 1191 973; x_wconf 87' lang='lat' dir='ltr'>quod</span> <span class='ocrx_word' id='word_1_106' title='bbox 1222 920 1288 959; x_wconf 90' lang='lat' dir='ltr'>est</span> <span class='ocrx_word' id='word_1_107' title='bbox 1319 917 1533 959; x_wconf 88' lang='lat' dir='ltr'>obiectum</span> 
     </span>
     <span class='ocr_line' id='line_1_15' title="bbox 208 976 1532 1032; baseline -0.002 -12"><span class='ocrx_word' id='word_1_108' title='bbox 208 978 492 1032; x_wconf 83' lang='lat' dir='ltr'>municipibus</span> <span class='ocrx_word' id='word_1_109' title='bbox 543 993 633 1020; x_wconf 90' lang='lat' dir='ltr'>esse</span> <span class='ocrx_word' id='word_1_110' title='bbox 681 978 993 1019; x_wconf 87' lang='lat' dir='ltr'>adulescentem</span> <span class='ocrx_word' id='word_1_111' title='bbox 1034 991 1121 1019; x_wconf 91' lang='lat' dir='ltr'>non</span> <span class='ocrx_word' id='word_1_112' title='bbox 1162 977 1389 1031; x_wconf 85' lang='lat' dir='ltr'>probatum</span> <span class='ocrx_word' id='word_1_113' title='bbox 1432 976 1532 1030; x_wconf 82' lang='lat' dir='ltr'>suis,</span> 
     </span>
     <span class='ocr_line' id='line_1_16' title="bbox 206 1034 1584 1091; baseline -0.002 -13"><span class='ocrx_word' id='word_1_114' title='bbox 206 1038 366 1078; x_wconf 88' lang='lat' dir='ltr'>nemini</span> <span class='ocrx_word' id='word_1_115' title='bbox 391 1051 594 1091; x_wconf 89' lang='lat' dir='ltr'>umquam</span> <span class='ocrx_word' id='word_1_116' title='bbox 618 1036 833 1091; x_wconf 88' lang='lat' dir='ltr'>praesenti</span> <span class='ocrx_word' id='word_1_117' title='bbox 858 1036 887 1090; x_wconf 90' lang='lat'>†</span> <span class='ocrx_word' id='word_1_118' title='bbox 912 1036 1172 1090; x_wconf 86' lang='lat' dir='ltr'>praetoriani</span> <span class='ocrx_word' id='word_1_119' title='bbox 1196 1035 1376 1076; x_wconf 90' lang='lat' dir='ltr'>maiores</span> <span class='ocrx_word' id='word_1_120' title='bbox 1402 1034 1532 1076; x_wconf 88' lang='lat' dir='ltr'>hono-</span> <span class='ocrx_word' id='word_1_121' title='bbox 1553 1050 1584 1076; x_wconf 85' lang='lat'>15</span> 
     </span>
     <span class='ocr_line' id='line_1_17' title="bbox 208 1093 1533 1149; baseline -0.002 -12"><span class='ocrx_word' id='word_1_122' title='bbox 208 1111 274 1137; x_wconf 87' lang='lat' dir='ltr'>res</span> <span class='ocrx_word' id='word_1_123' title='bbox 311 1096 553 1136; x_wconf 86' lang='lat' dir='ltr'>habuerunt</span> <span class='ocrx_word' id='word_1_124' title='bbox 590 1109 716 1149; x_wconf 90' lang='lat' dir='ltr'>quam</span> <span class='ocrx_word' id='word_1_125' title='bbox 749 1095 916 1135; x_wconf 88' lang='lat' dir='ltr'>absenti</span> <span class='ocrx_word' id='word_1_126' title='bbox 947 1094 1003 1135; x_wconf 90' lang='lat' dir='ltr'>M.</span> <span class='ocrx_word' id='word_1_127' title='bbox 1036 1093 1198 1148; x_wconf 70' lang='lat' dir='ltr'>Caelio,</span> <span class='ocrx_word' id='word_1_128' title='bbox 1236 1108 1360 1148; x_wconf 91' lang='lat' dir='ltr'>quem</span> <span class='ocrx_word' id='word_1_129' title='bbox 1390 1095 1433 1134; x_wconf 91' lang='lat' dir='ltr'>et</span> <span class='ocrx_word' id='word_1_130' title='bbox 1464 1093 1533 1134; x_wconf 87' lang='lat' dir='ltr'>ab·</span> 
     </span>
     <span class='ocr_line' id='line_1_18' title="bbox 209 1153 1535 1207; baseline -0.002 -12"><span class='ocrx_word' id='word_1_131' title='bbox 209 1156 372 1196; x_wconf 87' lang='lat' dir='ltr'>sentem</span> <span class='ocrx_word' id='word_1_132' title='bbox 401 1153 447 1194; x_wconf 93' lang='lat' dir='ltr'>in</span> <span class='ocrx_word' id='word_1_133' title='bbox 478 1153 789 1207; x_wconf 89' lang='lat' dir='ltr'>amplissimum</span> <span class='ocrx_word' id='word_1_134' title='bbox 816 1153 1005 1194; x_wconf 87' lang='lat' dir='ltr'>ordinem</span> <span class='ocrx_word' id='word_1_135' title='bbox 1031 1155 1284 1206; x_wconf 88' lang='lat' dir='ltr'>cooptarunt</span> <span class='ocrx_word' id='word_1_136' title='bbox 1309 1154 1352 1193; x_wconf 88' lang='lat' dir='ltr'>et</span> <span class='ocrx_word' id='word_1_137' title='bbox 1376 1166 1426 1192; x_wconf 86' lang='lat' dir='ltr'>ea</span> <span class='ocrx_word' id='word_1_138' title='bbox 1448 1166 1535 1193; x_wconf 91' lang='lat' dir='ltr'>non</span> 
     </span>
     <span class='ocr_line' id='line_1_19' title="bbox 208 1211 1534 1266; baseline -0.002 -13"><span class='ocrx_word' id='word_1_139' title='bbox 208 1213 370 1266; x_wconf 88' lang='lat' dir='ltr'>petenti</span> <span class='ocrx_word' id='word_1_140' title='bbox 402 1212 654 1264; x_wconf 89' lang='lat' dir='ltr'>detulerunt,</span> <span class='ocrx_word' id='word_1_141' title='bbox 681 1226 787 1265; x_wconf 88' lang='lat' dir='ltr'>quae</span> <span class='ocrx_word' id='word_1_142' title='bbox 813 1212 960 1252; x_wconf 89' lang='lat' dir='ltr'>multis</span> <span class='ocrx_word' id='word_1_143' title='bbox 986 1211 1228 1264; x_wconf 88' lang='lat' dir='ltr'>petentibus</span> <span class='ocrx_word' id='word_1_144' title='bbox 1254 1211 1534 1265; x_wconf 84' lang='lat' dir='ltr'>denegarunt;</span> 
     </span>
     <span class='ocr_line' id='line_1_20' title="bbox 208 1268 1534 1324; baseline -0.002 -13"><span class='ocrx_word' id='word_1_145' title='bbox 208 1272 402 1324; x_wconf 89' lang='lat' dir='ltr'>idemque</span> <span class='ocrx_word' id='word_1_146' title='bbox 444 1284 555 1310; x_wconf 88' lang='lat' dir='ltr'>nunc</span> <span class='ocrx_word' id='word_1_147' title='bbox 598 1270 854 1311; x_wconf 89' lang='lat' dir='ltr'>lectissimos</span> <span class='ocrx_word' id='word_1_148' title='bbox 891 1269 1005 1310; x_wconf 86' lang='lat' dir='ltr'>viros</span> <span class='ocrx_word' id='word_1_149' title='bbox 1043 1271 1086 1310; x_wconf 89' lang='lat' dir='ltr'>et</span> <span class='ocrx_word' id='word_1_150' title='bbox 1120 1269 1257 1310; x_wconf 87' lang='lat' dir='ltr'>nostri</span> <span class='ocrx_word' id='word_1_151' title='bbox 1294 1268 1453 1310; x_wconf 88' lang='lat' dir='ltr'>ordinis</span> <span class='ocrx_word' id='word_1_152' title='bbox 1490 1270 1534 1309; x_wconf 89' lang='lat' dir='ltr'>et</span> 
     </span>
     <span class='ocr_line' id='line_1_21' title="bbox 210 1326 1585 1383; baseline -0.002 -13"><span class='ocrx_word' id='word_1_153' title='bbox 210 1329 371 1383; x_wconf 86' lang='lat' dir='ltr'>equites</span> <span class='ocrx_word' id='word_1_154' title='bbox 408 1328 624 1369; x_wconf 89' lang='lat' dir='ltr'>Romanos</span> <span class='ocrx_word' id='word_1_155' title='bbox 662 1342 757 1369; x_wconf 92' lang='lat' dir='ltr'>cum</span> <span class='ocrx_word' id='word_1_156' title='bbox 794 1328 1007 1382; x_wconf 80' lang='lat' dir='ltr'>legatione</span> <span class='ocrx_word' id='word_1_157' title='bbox 1046 1327 1097 1368; x_wconf 90' lang='lat' dir='ltr'>ad</span> <span class='ocrx_word' id='word_1_158' title='bbox 1133 1327 1214 1368; x_wconf 91' lang='lat' dir='ltr'>hoc</span> <span class='ocrx_word' id='word_1_159' title='bbox 1250 1326 1453 1367; x_wconf 90' lang='lat' dir='ltr'>iudicium</span> <span class='ocrx_word' id='word_1_160' title='bbox 1490 1328 1533 1367; x_wconf 88' lang='lat' dir='ltr'>et</span> <span class='ocrx_word' id='word_1_161' title='bbox 1552 1343 1585 1367; x_wconf 82' lang='lat'>20</span> 
     </span>
     <span class='ocr_line' id='line_1_22' title="bbox 210 1385 1532 1441; baseline -0.002 -13"><span class='ocrx_word' id='word_1_162' title='bbox 210 1402 305 1428; x_wconf 91' lang='lat' dir='ltr'>cum</span> <span class='ocrx_word' id='word_1_163' title='bbox 332 1386 585 1441; x_wconf 84' lang='lat' dir='ltr'>gravissima</span> <span class='ocrx_word' id='word_1_164' title='bbox 610 1388 735 1440; x_wconf 89' lang='lat' dir='ltr'>atque</span> <span class='ocrx_word' id='word_1_165' title='bbox 762 1386 1034 1427; x_wconf 90' lang='lat' dir='ltr'>ornatissima</span> <span class='ocrx_word' id='word_1_166' title='bbox 1054 1385 1296 1426; x_wconf 88' lang='lat' dir='ltr'>laudatione</span> <span class='ocrx_word' id='word_1_167' title='bbox 1315 1385 1532 1426; x_wconf 85' lang='lat' dir='ltr'>miserunt.</span> 
     </span>
     <span class='ocr_line' id='line_1_23' title="bbox 210 1443 1532 1497; baseline -0.002 -11"><span class='ocrx_word' id='word_1_168' title='bbox 210 1445 370 1486; x_wconf 88' lang='lat' dir='ltr'>Videor</span> <span class='ocrx_word' id='word_1_169' title='bbox 393 1445 500 1486; x_wconf 90' lang='lat' dir='ltr'>mihi</span> <span class='ocrx_word' id='word_1_170' title='bbox 524 1444 672 1485; x_wconf 91' lang='lat' dir='ltr'>iecisse</span> <span class='ocrx_word' id='word_1_171' title='bbox 697 1444 973 1485; x_wconf 86' lang='lat' dir='ltr'>fundamenta</span> <span class='ocrx_word' id='word_1_172' title='bbox 997 1443 1253 1485; x_wconf 85' lang='lat' dir='ltr'>defensionis</span> <span class='ocrx_word' id='word_1_173' title='bbox 1272 1457 1401 1496; x_wconf 90' lang='lat' dir='ltr'>meae,</span> <span class='ocrx_word' id='word_1_174' title='bbox 1426 1457 1532 1497; x_wconf 87' lang='lat' dir='ltr'>quae</span> 
     </span>
     <span class='ocr_line' id='line_1_24' title="bbox 209 1500 1532 1556; baseline -0.002 -12"><span class='ocrx_word' id='word_1_175' title='bbox 209 1503 455 1544; x_wconf 88' lang='lat' dir='ltr'>firmissima</span> <span class='ocrx_word' id='word_1_176' title='bbox 492 1505 608 1556; x_wconf 85' lang='lat' dir='ltr'>sunt,</span> <span class='ocrx_word' id='word_1_177' title='bbox 647 1502 683 1543; x_wconf 91' lang='lat' dir='ltr'>si</span> <span class='ocrx_word' id='word_1_178' title='bbox 719 1502 915 1543; x_wconf 89' lang='lat' dir='ltr'>nituntur</span> <span class='ocrx_word' id='word_1_179' title='bbox 951 1502 1106 1543; x_wconf 89' lang='lat' dir='ltr'>iudicio</span> <span class='ocrx_word' id='word_1_180' title='bbox 1139 1516 1322 1543; x_wconf 73' lang='lat' dir='ltr'>suorum.</span> <span class='ocrx_word' id='word_1_181' title='bbox 1383 1500 1532 1555; x_wconf 89' lang='lat' dir='ltr'>Neque</span> 
     </span>
     <span class='ocr_line' id='line_1_25' title="bbox 211 1560 1533 1614; baseline -0.002 -12"><span class='ocrx_word' id='word_1_182' title='bbox 211 1562 323 1602; x_wconf 89' lang='lat' dir='ltr'>enim</span> <span class='ocrx_word' id='word_1_183' title='bbox 353 1562 475 1603; x_wconf 85' lang='lat' dir='ltr'>vobis</span> <span class='ocrx_word' id='word_1_184' title='bbox 507 1561 612 1602; x_wconf 88' lang='lat' dir='ltr'>satis</span> <span class='ocrx_word' id='word_1_185' title='bbox 644 1561 937 1602; x_wconf 89' lang='lat' dir='ltr'>commendata</span> <span class='ocrx_word' id='word_1_186' title='bbox 966 1560 1092 1601; x_wconf 88' lang='lat' dir='ltr'>huius</span> <span class='ocrx_word' id='word_1_187' title='bbox 1119 1562 1234 1601; x_wconf 91' lang='lat' dir='ltr'>aetas</span> <span class='ocrx_word' id='word_1_188' title='bbox 1260 1574 1351 1601; x_wconf 91' lang='lat' dir='ltr'>esse</span> <span class='ocrx_word' id='word_1_189' title='bbox 1376 1562 1533 1614; x_wconf 87' lang='lat' dir='ltr'>posset,</span> 
     </span>
     <span class='ocr_line' id='line_1_26' title="bbox 170 1618 1584 1688; baseline -0.001 -27"><span class='ocrx_word' id='word_1_190' title='bbox 170 1620 248 1688; x_wconf 84' lang='lat' dir='ltr'>3si</span> <span class='ocrx_word' id='word_1_191' title='bbox 289 1634 375 1661; x_wconf 91' lang='lat' dir='ltr'>non</span> <span class='ocrx_word' id='word_1_192' title='bbox 411 1619 535 1661; x_wconf 89' lang='lat' dir='ltr'>modo</span> <span class='ocrx_word' id='word_1_193' title='bbox 573 1620 739 1673; x_wconf 86' lang='lat' dir='ltr'>parenti</span> <span class='ocrx_word' id='word_1_194' title='bbox 781 1619 858 1659; x_wconf 89' lang='lat' dir='ltr'>tali</span> <span class='ocrx_word' id='word_1_195' title='bbox 901 1619 1010 1672; x_wconf 86' lang='lat' dir='ltr'>viro,</span> <span class='ocrx_word' id='word_1_196' title='bbox 1052 1633 1199 1660; x_wconf 85' lang='lat' dir='ltr'>verum</span> <span class='ocrx_word' id='word_1_197' title='bbox 1235 1618 1364 1659; x_wconf 88' lang='lat' dir='ltr'>etiam</span> <span class='ocrx_word' id='word_1_198' title='bbox 1400 1618 1534 1660; x_wconf 82' lang='lat' dir='ltr'>muni·</span> <span class='ocrx_word' id='word_1_199' title='bbox 1552 1634 1584 1659; x_wconf 78' lang='lat'>25</span> 
     </span>
     <span class='ocr_line' id='line_1_27' title="bbox 177 1676 1533 1738; baseline -0.002 -18"><span class='ocrx_word' id='word_1_200' title='bbox 177 1678 323 1738; x_wconf 75' lang='lat' dir='ltr'>6cipio</span> <span class='ocrx_word' id='word_1_201' title='bbox 354 1680 443 1719; x_wconf 86' lang='lat' dir='ltr'>tam</span> <span class='ocrx_word' id='word_1_202' title='bbox 467 1677 639 1719; x_wconf 87' lang='lat' dir='ltr'>inlustri</span> <span class='ocrx_word' id='word_1_203' title='bbox 665 1692 712 1718; x_wconf 90' lang='lat' dir='ltr'>ac</span> <span class='ocrx_word' id='word_1_204' title='bbox 737 1680 827 1718; x_wconf 89' lang='lat' dir='ltr'>tam</span> <span class='ocrx_word' id='word_1_205' title='bbox 853 1677 973 1732; x_wconf 84' lang='lat' dir='ltr'>gravi</span> <span class='ocrx_word' id='word_1_206' title='bbox 999 1677 1252 1730; x_wconf 88' lang='lat' dir='ltr'>displiceret.</span> <span class='ocrx_word' id='word_1_207' title='bbox 1312 1676 1533 1731; x_wconf 88' lang='lat' dir='ltr'>Equidem,</span> 
     </span>
     <span class='ocr_line' id='line_1_28' title="bbox 211 1735 1534 1790; baseline -0.002 -13"><span class='ocrx_word' id='word_1_208' title='bbox 211 1739 260 1777; x_wconf 91' lang='lat' dir='ltr'>ut</span> <span class='ocrx_word' id='word_1_209' title='bbox 284 1736 336 1777; x_wconf 87' lang='lat' dir='ltr'>ad</span> <span class='ocrx_word' id='word_1_210' title='bbox 361 1751 427 1778; x_wconf 91' lang='lat' dir='ltr'>me</span> <span class='ocrx_word' id='word_1_211' title='bbox 446 1738 645 1790; x_wconf 84' lang='lat' dir='ltr'>revertar,</span> <span class='ocrx_word' id='word_1_212' title='bbox 671 1736 722 1777; x_wconf 89' lang='lat' dir='ltr'>ab</span> <span class='ocrx_word' id='word_1_213' title='bbox 743 1736 810 1777; x_wconf 91' lang='lat' dir='ltr'>his</span> <span class='ocrx_word' id='word_1_214' title='bbox 830 1735 1022 1777; x_wconf 88' lang='lat' dir='ltr'>fontibus</span> <span class='ocrx_word' id='word_1_215' title='bbox 1041 1735 1222 1789; x_wconf 83' lang='lat' dir='ltr'>profluxi</span> <span class='ocrx_word' id='word_1_216' title='bbox 1242 1735 1294 1776; x_wconf 88' lang='lat' dir='ltr'>ad</span> <span class='ocrx_word' id='word_1_217' title='bbox 1312 1735 1534 1776; x_wconf 89' lang='lat' dir='ltr'>hominum</span> 
     </span>
     <span class='ocr_line' id='line_1_29' title="bbox 211 1793 1532 1848; baseline -0.001 -13"><span class='ocrx_word' id='word_1_218' title='bbox 211 1795 385 1848; x_wconf 83' lang='lat' dir='ltr'>famam,</span> <span class='ocrx_word' id='word_1_219' title='bbox 434 1797 477 1836; x_wconf 85' lang='lat' dir='ltr'>et</span> <span class='ocrx_word' id='word_1_220' title='bbox 524 1809 643 1836; x_wconf 89' lang='lat' dir='ltr'>meus</span> <span class='ocrx_word' id='word_1_221' title='bbox 691 1794 761 1835; x_wconf 89' lang='lat' dir='ltr'>hic</span> <span class='ocrx_word' id='word_1_222' title='bbox 803 1794 984 1835; x_wconf 86' lang='lat' dir='ltr'>forensis</span> <span class='ocrx_word' id='word_1_223' title='bbox 1027 1794 1149 1834; x_wconf 91' lang='lat' dir='ltr'>labor</span> <span class='ocrx_word' id='word_1_224' title='bbox 1190 1794 1386 1847; x_wconf 85' lang='lat' dir='ltr'>vitaeque</span> <span class='ocrx_word' id='word_1_225' title='bbox 1422 1793 1532 1834; x_wconf 87' lang='lat' dir='ltr'>ratio</span> 
     </span>
     <span class='ocr_line' id='line_1_30' title="bbox 211 1851 1532 1906; baseline -0.002 -12"><span class='ocrx_word' id='word_1_226' title='bbox 211 1853 444 1894; x_wconf 81' lang='lat' dir='ltr'>dimanavit</span> <span class='ocrx_word' id='word_1_227' title='bbox 487 1853 538 1894; x_wconf 89' lang='lat' dir='ltr'>ad</span> <span class='ocrx_word' id='word_1_228' title='bbox 582 1852 940 1894; x_wconf 79' lang='lat' dir='ltr'>existimationem</span> <span class='ocrx_word' id='word_1_229' title='bbox 982 1852 1203 1893; x_wconf 89' lang='lat' dir='ltr'>hominum</span> <span class='ocrx_word' id='word_1_230' title='bbox 1239 1852 1366 1906; x_wconf 88' lang='lat' dir='ltr'>paulo</span> <span class='ocrx_word' id='word_1_231' title='bbox 1403 1851 1532 1892; x_wconf 87' lang='lat' dir='ltr'>latius</span> 
     </span>
     <span class='ocr_line' id='line_1_31' title="bbox 212 1911 1586 1952; baseline -0.001 0"><span class='ocrx_word' id='word_1_232' title='bbox 212 1911 576 1952; x_wconf 89' lang='lat' dir='ltr'>commendatione</span> <span class='ocrx_word' id='word_1_233' title='bbox 608 1925 656 1952; x_wconf 90' lang='lat' dir='ltr'>ac</span> <span class='ocrx_word' id='word_1_234' title='bbox 686 1911 841 1952; x_wconf 87' lang='lat' dir='ltr'>iudicio</span> <span class='ocrx_word' id='word_1_235' title='bbox 873 1925 1074 1952; x_wconf 84' lang='lat' dir='ltr'>meorum.</span> <span class='ocrx_word' id='word_1_236' title='bbox 1553 1926 1586 1952; x_wconf 89' lang='lat'>30</span> 
     </span>
     <span class='ocr_line' id='line_1_32' title="bbox 299 1968 1535 2024; baseline -0.001 -14"><span class='ocrx_word' id='word_1_237' title='bbox 299 1969 411 2010; x_wconf 86' lang='lat' dir='ltr'>Nam</span> <span class='ocrx_word' id='word_1_238' title='bbox 461 1969 571 2024; x_wconf 91' lang='lat' dir='ltr'>quod</span> <span class='ocrx_word' id='word_1_239' title='bbox 615 1969 829 2010; x_wconf 88' lang='lat' dir='ltr'>obiectum</span> <span class='ocrx_word' id='word_1_240' title='bbox 872 1971 936 2010; x_wconf 89' lang='lat' dir='ltr'>est</span> <span class='ocrx_word' id='word_1_241' title='bbox 978 1969 1027 2010; x_wconf 91' lang='lat' dir='ltr'>de</span> <span class='ocrx_word' id='word_1_242' title='bbox 1070 1969 1292 2022; x_wconf 85' lang='lat' dir='ltr'>pudicitia,</span> <span class='ocrx_word' id='word_1_243' title='bbox 1342 1968 1535 2023; x_wconf 89' lang='lat' dir='ltr'>quodque</span> 
     </span>
     <span class='ocr_line' id='line_1_33' title="bbox 214 2026 1534 2081; baseline -0.001 -13"><span class='ocrx_word' id='word_1_244' title='bbox 214 2028 403 2069; x_wconf 91' lang='lat' dir='ltr'>omnium</span> <span class='ocrx_word' id='word_1_245' title='bbox 453 2029 749 2069; x_wconf 85' lang='lat' dir='ltr'>accusatorum</span> <span class='ocrx_word' id='word_1_246' title='bbox 796 2042 883 2069; x_wconf 92' lang='lat' dir='ltr'>non</span> <span class='ocrx_word' id='word_1_247' title='bbox 931 2027 1196 2081; x_wconf 88' lang='lat' dir='ltr'>criminibus,</span> <span class='ocrx_word' id='word_1_248' title='bbox 1245 2026 1318 2068; x_wconf 88' lang='lat' dir='ltr'>sed</span> <span class='ocrx_word' id='word_1_249' title='bbox 1359 2026 1534 2068; x_wconf 80' lang='lat' dir='ltr'>vocibus</span> 
     </span>
     <span class='ocr_line' id='line_1_34' title="bbox 213 2084 1534 2140; baseline -0.001 -15"><span class='ocrx_word' id='word_1_250' title='bbox 213 2086 532 2140; x_wconf 86' lang='lat' dir='ltr'>maledictisque</span> <span class='ocrx_word' id='word_1_251' title='bbox 558 2086 818 2127; x_wconf 88' lang='lat' dir='ltr'>celebratum</span> <span class='ocrx_word' id='word_1_252' title='bbox 844 2088 919 2139; x_wconf 89' lang='lat' dir='ltr'>est,</span> <span class='ocrx_word' id='word_1_253' title='bbox 949 2086 992 2126; x_wconf 91' lang='lat' dir='ltr'>id</span> <span class='ocrx_word' id='word_1_254' title='bbox 1016 2099 1248 2139; x_wconf 89' lang='lat' dir='ltr'>numquam</span> <span class='ocrx_word' id='word_1_255' title='bbox 1271 2087 1360 2125; x_wconf 89' lang='lat' dir='ltr'>tam</span> <span class='ocrx_word' id='word_1_256' title='bbox 1385 2084 1534 2125; x_wconf 88' lang='lat' dir='ltr'>acerbe</span> 
     </span>
     <span class='ocr_line' id='line_1_35' title="bbox 213 2142 1534 2198; baseline -0.001 -15"><span class='ocrx_word' id='word_1_257' title='bbox 213 2143 320 2184; x_wconf 88' lang='lat' dir='ltr'>feret</span> <span class='ocrx_word' id='word_1_258' title='bbox 344 2143 400 2184; x_wconf 90' lang='lat' dir='ltr'>M.</span> <span class='ocrx_word' id='word_1_259' title='bbox 427 2143 607 2198; x_wconf 88' lang='lat' dir='ltr'>Caelius,</span> <span class='ocrx_word' id='word_1_260' title='bbox 637 2146 686 2184; x_wconf 89' lang='lat' dir='ltr'>ut</span> <span class='ocrx_word' id='word_1_261' title='bbox 717 2158 812 2184; x_wconf 91' lang='lat' dir='ltr'>eum</span> <span class='ocrx_word' id='word_1_262' title='bbox 837 2144 1052 2197; x_wconf 89' lang='lat' dir='ltr'>paeniteat</span> <span class='ocrx_word' id='word_1_263' title='bbox 1075 2157 1162 2184; x_wconf 90' lang='lat' dir='ltr'>non</span> <span class='ocrx_word' id='word_1_264' title='bbox 1186 2142 1418 2183; x_wconf 84' lang='lat' dir='ltr'>deformem</span> <span class='ocrx_word' id='word_1_265' title='bbox 1443 2155 1534 2183; x_wconf 90' lang='lat' dir='ltr'>esse</span> 
     </span>
     <span class='ocr_line' id='line_1_36' title="bbox 213 2200 1587 2255; baseline 0 -14"><span class='ocrx_word' id='word_1_266' title='bbox 213 2204 371 2242; x_wconf 89' lang='lat' dir='ltr'>natum.</span> <span class='ocrx_word' id='word_1_267' title='bbox 416 2201 525 2243; x_wconf 82' lang='lat' dir='ltr'>Sunt</span> <span class='ocrx_word' id='word_1_268' title='bbox 549 2202 660 2243; x_wconf 83' lang='lat' dir='ltr'>enim</span> <span class='ocrx_word' id='word_1_269' title='bbox 685 2202 769 2242; x_wconf 86' lang='lat' dir='ltr'>ista</span> <span class='ocrx_word' id='word_1_270' title='bbox 794 2202 1019 2243; x_wconf 88' lang='lat' dir='ltr'>maledicta</span> <span class='ocrx_word' id='word_1_271' title='bbox 1043 2201 1293 2255; x_wconf 82' lang='lat' dir='ltr'>pervulgata</span> <span class='ocrx_word' id='word_1_272' title='bbox 1311 2200 1357 2240; x_wconf 90' lang='lat' dir='ltr'>in</span> <span class='ocrx_word' id='word_1_273' title='bbox 1376 2214 1534 2253; x_wconf 88' lang='lat' dir='ltr'>omnes,</span> <span class='ocrx_word' id='word_1_274' title='bbox 1554 2216 1587 2241; x_wconf 85' lang='lat'>35</span> 
     </span>
     <span class='ocr_line' id='line_1_37' title="bbox 215 2257 1534 2313; baseline 0 -15"><span class='ocrx_word' id='word_1_275' title='bbox 215 2273 395 2311; x_wconf 87' lang='lat' dir='ltr'>quorum</span> <span class='ocrx_word' id='word_1_276' title='bbox 424 2260 469 2300; x_wconf 92' lang='lat' dir='ltr'>in</span> <span class='ocrx_word' id='word_1_277' title='bbox 500 2260 785 2301; x_wconf 88' lang='lat' dir='ltr'>adulescentia</span> <span class='ocrx_word' id='word_1_278' title='bbox 809 2259 947 2301; x_wconf 87' lang='lat' dir='ltr'>forma</span> <span class='ocrx_word' id='word_1_279' title='bbox 971 2262 1014 2301; x_wconf 93' lang='lat' dir='ltr'>et</span> <span class='ocrx_word' id='word_1_280' title='bbox 1039 2259 1198 2313; x_wconf 85' lang='lat' dir='ltr'>species</span> <span class='ocrx_word' id='word_1_281' title='bbox 1224 2258 1307 2299; x_wconf 83' lang='lat' dir='ltr'>fuit</span> <span class='ocrx_word' id='word_1_282' title='bbox 1331 2257 1534 2299; x_wconf 86' lang='lat' dir='ltr'>liberalis.</span> 
     </span>
     <span class='ocr_line' id='line_1_38' title="bbox 216 2314 1535 2373; baseline 0.002 -17"><span class='ocrx_word' id='word_1_283' title='bbox 216 2314 298 2356; x_wconf 83' lang='lat' dir='ltr'>Sed</span> <span class='ocrx_word' id='word_1_284' title='bbox 330 2316 443 2358; x_wconf 87' lang='lat' dir='ltr'>aliud</span> <span class='ocrx_word' id='word_1_285' title='bbox 475 2320 539 2358; x_wconf 90' lang='lat' dir='ltr'>est</span> <span class='ocrx_word' id='word_1_286' title='bbox 570 2318 678 2359; x_wconf 88' lang='lat' dir='ltr'>male</span> <span class='ocrx_word' id='word_1_287' title='bbox 710 2317 858 2373; x_wconf 86' lang='lat' dir='ltr'>dicere,</span> <span class='ocrx_word' id='word_1_288' title='bbox 890 2318 1006 2359; x_wconf 90' lang='lat' dir='ltr'>aliud</span> <span class='ocrx_word' id='word_1_289' title='bbox 1036 2331 1243 2358; x_wconf 88' lang='lat' dir='ltr'>accusare.</span> <span class='ocrx_word' id='word_1_290' title='bbox 1304 2315 1535 2358; x_wconf 85' lang='lat' dir='ltr'>Accusatio</span> 
     </span>
    </p>
   </div>
  </div>
 </body>
</html>
