1671 2543
553 59 653 95 CAP.
681 64 817 95 39—41
845 64 863 102 ξ
890 63 1039 95 85-89.
1407 60 1462 100 39

130 170 343 224 placatus,
380 168 430 210 de
467 168 737 223 praetoribus
768 182 877 209 unus
910 168 1089 222 alienus,
1127 169 1300 208 senatus
1331 166 1464 207 incre-

131 228 274 269 dibilis
299 227 510 282 voluntas,
536 227 729 281 equitum
754 226 1045 269 Romanorum
1069 225 1200 267 animi
1219 225 1271 266 ad
1292 239 1463 266 causam

132 287 323 341 excitati,
362 288 502 327 erecta
532 285 670 326 Italia.
732 285 827 327 Duo
866 285 947 327 soli
984 287 1106 326 erant
1140 284 1273 338 empti
1305 283 1358 324 ad
1388 284 1463 324 im—

132 345 402 400 pediendum3
434 344 507 399 qui
538 344 575 385 si
605 343 800 385 homines
830 344 1018 398 despecti
1043 346 1086 385 et
1112 342 1348 396 contempti
1373 344 1463 382 tan-

97 416 113 440 5
133 407 222 445 tam
256 418 346 445 rem
376 403 587 444 sustinere
618 417 705 444 non
735 403 994 457 potuissent,
1031 417 1076 444 se
1109 416 1297 456 causam,
1335 415 1463 455 quam

132 464 388 516 susceperat,
417 462 536 503 nullo
568 461 714 503 labore
746 464 1018 515 peracturum
1048 461 1232 503 videbat.
1291 459 1463 514 Agebat

132 521 400 574 auctoritate,
432 520 589 575 agebat
615 520 806 574 consilio,
835 521 992 575 agebat
1016 535 1091 574 per
1117 533 1330 561 summum
1356 518 1464 560 ordi-

130 594 241 633 nem,
265 579 421 634 agebat
447 579 639 633 exemplo
666 579 876 620 bonorum
896 594 944 620 ac
963 579 1140 620 fortium
1162 577 1335 632 civium,
1362 577 1464 631 quid

131 652 176 679 re
204 638 388 692 publica,
420 637 521 691 quid
547 651 591 678 se
617 638 794 692 dignum
819 640 942 691 esset,
975 638 1069 692 quis
1094 638 1185 692 ipse
1211 639 1335 689 esset,
1362 635 1464 689 quid

80 710 114 734 ιο
133 711 313 751 sperare,
349 696 449 750 quid
480 696 714 737 maioribus
747 696 834 737 suis
866 696 1038 737 reddere
1071 696 1255 749 deberet,
1286 694 1463 749 diligen-

132 755 296 796 tissime
329 755 561 810 cogitabat.

219 813 331 855 Huic
368 813 573 868 gravitati
610 813 798 855 hominis
835 814 1008 854 videbat
1045 813 1117 854 ille
1156 812 1371 868 gladiator
1405 826 1462 865 se,
1475 793 1531 883 481

133 872 170 913 si
201 872 392 914 moribus
426 875 584 927 ageret,
615 887 762 926 parem
794 887 885 913 esse
916 886 1003 913 non
1033 886 1178 926 posse3
1210 871 1262 912 ad
1290 853 1496 924 ferrum,3

132 930 259 984 faces,
291 931 343 971 ad
369 931 629 972 cotidianam
655 931 837 984 caedem,
866 930 1072 984 incendia,
1098 930 1269 984 rapinas
1296 944 1339 971 se
1367 943 1463 970 cum

80 1004 113 1029 15
129 989 322 1038 ,exercitu
360 1003 436 1030 suo
475 989 677 1043 contulit,
721 989 894 1031 domum
931 1002 1196 1044 oppugnare,
1236 987 1464 1029 itineribus

134 1062 367 1102 occurrere,
401 1048 443 1088 vi
474 1048 682 1089 lacessere
715 1050 758 1088 et
789 1050 949 1089 terrere
983 1048 1135 1101 coepit.
1196 1046 1297 1088 Non
1328 1046 1464 1087 movit

131 1106 351 1147 hominem
383 1120 551 1147 summa
581 1106 794 1161 gravitate
822 1120 1071 1160 summaque
1098 1105 1359 1159 constantia,
1391 1104 1464 1145 sed

134 1178 394 1218 quamquam
425 1164 547 1206 dolor
580 1164 728 1217 animi,
762 1165 912 1206 innata
942 1165 1133 1218 libertas,
1164 1166 1366 1218 prompta
1399 1178 1464 1204 ex-

134 1223 373 1277 cellensque
398 1223 535 1264 virtus
558 1223 844 1265 fortissimum
864 1223 1004 1264 virum
1023 1223 1291 1275 hortabatur,
1316 1222 1358 1263 vi
1378 1222 1465 1262 vim

80 1298 113 1322 20
134 1281 336 1335 oblatam,
367 1282 623 1336 praesertim
648 1282 830 1336 saepius,
857 1285 906 1323 ut
931 1281 1150 1337 frangeret
1176 1284 1219 1322 et
1245 1281 1466 1334 refutaret,

133 1342 258 1380 tanta
294 1340 532 1381 moderatio
572 1340 656 1381 fuit
689 1340 894 1394 hominis,
932 1343 1103 1381 tantum
1135 1340 1378 1392 consilium,
1416 1341 1466 1380 ut

133 1398 372 1440 contineret
416 1398 607 1440 dolorem
648 1413 785 1453 neque
826 1400 973 1440 eadem
1011 1413 1055 1440 se
1093 1413 1137 1440 re
1174 1399 1465 1451 ulcisceretur,

133 1471 217 1511 qua
255 1459 368 1498 esset
405 1457 649 1511 lacessitus,
688 1458 760 1499 sed
797 1457 921 1499 illum
952 1460 1019 1499 tot
1051 1457 1137 1498 iam
1167 1457 1214 1498 in
1243 1456 1464 1498 funeribus

133 1515 195 1556 rei
238 1515 434 1569 publicae
479 1516 743 1557 exultantem
786 1531 836 1558 ac
875 1516 1184 1570 tripudiantem
1221 1515 1384 1571 legum,
1428 1514 1465 1556 si

81 1589 115 1614 25
134 1576 299 1628 posset,
335 1574 499 1628 laqueis
536 1575 860 1630 constringeret.
920 1574 1152 1616 Descendit
1184 1575 1238 1615 ad
1269 1586 1525 1617 accusan-89

135 1632 247 1672 dum.
310 1631 414 1680 Quis
445 1647 650 1687 umquam
681 1636 772 1674 tam
802 1633 974 1688 proprie
1007 1633 1068 1674 rei
1098 1633 1294 1687 publicae
1327 1646 1465 1686 causa,

133 1690 264 1731 nullis
284 1690 536 1744 inimicitiis,
557 1691 686 1732 nullis
706 1692 921 1746 praemiis,
940 1691 1060 1732 nulla
1078 1691 1301 1732 hominum
1320 1693 1466 1745 postu-

135 1748 296 1789 latione
323 1751 398 1789 aut
423 1749 553 1789 etiam
580 1749 778 1803 opinione
803 1751 848 1790 id
873 1764 970 1790 eum
995 1764 1200 1803 umquam
1221 1764 1312 1790 esse
1332 1748 1466 1790 factu-

136 1807 260 1847 rum?
328 1806 474 1848 Fracti
512 1810 634 1848 erant
672 1808 804 1849 animi
840 1808 1048 1861 hominis3
1084 1808 1167 1849 hoc
1202 1808 1316 1849 enim
1348 1822 1466 1849 accu-

83 1883 118 1908 30
137 1867 257 1907 sante
283 1865 456 1920 pristini
481 1865 597 1906 illius
621 1867 687 1906 sui
706 1866 851 1907 iudicii
871 1865 1181 1919 turpitudinem
1200 1866 1466 1920 desperabat.

136 1923 248 1965 Ecce
295 1923 376 1964 tibi
421 1924 586 1978 consul,
634 1927 825 1978 praetor,
874 1924 1072 1965 tribunus
1115 1924 1171 1978 pl.
1214 1939 1326 1965 nova
1367 1924 1467 1965 novi

137 1982 305 2037 generis
343 1982 482 2024 edicta
518 1985 782 2036 proponunt,
817 1997 870 2023 ne
908 1997 1004 2023 reus
1044 1983 1173 2036 adsit,
1210 1997 1262 2023 ne
1298 1982 1466 2037 citetur,

136 2054 189 2081 ne
216 2043 457 2095 quaeratur,
488 2055 540 2081 ne
567 2041 828 2082 mentionem
855 2041 1028 2082 omnino
1056 2041 1255 2095 cuiquam
1279 2041 1468 2082 iudicum

138 2100 214 2140 aut
244 2099 498 2140 iudiciorum
529 2098 667 2140 facere
698 2099 842 2141 liceat!
906 2099 1017 2148 Quid
1049 2102 1196 2154 ageret
1220 2099 1286 2140 vir
1310 2100 1363 2141 ad
1387 2100 1468 2140 vir-

84 2173 119 2199 35
139 2159 289 2211 tutem,
321 2157 589 2213 dignitatem,
621 2157 804 2212 gloriam
833 2160 961 2199 natus
993 2158 1035 2199 vi
1064 2157 1370 2199 sceleratorum
1394 2158 1468 2199 ho-

138 2215 303 2257 minum
358 2217 661 2269 conroborata,
719 2216 887 2271 legibus
944 2216 1198 2270 iudiciisque
1254 2217 1466 2258 sublatis?

139 2272 335 2316 Cervices
384 2274 582 2316 tribunus
628 2275 685 2328 pl.
726 2275 913 2330 privato,
961 2275 1359 2329 praestantissimus
1403 2275 1469 2317 vir
