<?xml version="1.0" encoding="UTF-8"?>
<!DOCTYPE html PUBLIC "-//W3C//DTD XHTML 1.0 Transitional//EN"
    "http://www.w3.org/TR/xhtml1/DTD/xhtml1-transitional.dtd">
<html xmlns="http://www.w3.org/1999/xhtml" xml:lang="en" lang="en">
 <head>
  <title>
</title>
<meta http-equiv="Content-Type" content="text/html;charset=utf-8" />
  <meta name='ocr-system' content='tesseract 3.04.00' />
  <meta name='ocr-capabilities' content='ocr_page ocr_carea ocr_par ocr_line ocrx_word'/>
</head>
<body>
  <div class='ocr_page' id='page_1' title='image "./p3scriptaquaemanse02ciceuoft_0647.png"; bbox 0 0 1671 2543; ppageno 0'>
   <div class='ocr_carea' id='block_1_1' title="bbox 593 92 1464 136">
    <p class='ocr_par' dir='ltr' id='par_1_1' title="bbox 593 92 1464 136">
     <span class='ocr_line' id='line_1_1' title="bbox 593 92 1464 136; baseline 0.01 -9"><span class='ocrx_word' id='word_1_1' title='bbox 593 92 693 127; x_wconf 85' lang='lat' dir='ltr'>CAP.</span> <span class='ocrx_word' id='word_1_2' title='bbox 721 97 811 128; x_wconf 87' lang='lat'>3—5</span> <span class='ocrx_word' id='word_1_3' title='bbox 838 97 856 136; x_wconf 67' lang='lat'>5</span> <span class='ocrx_word' id='word_1_4' title='bbox 883 97 1008 128; x_wconf 80' lang='lat'><strong>7—12.</strong></span> <span class='ocrx_word' id='word_1_5' title='bbox 1381 95 1464 136; x_wconf 82' lang='lat'>491</span> 
     </span>
    </p>
   </div>
   <div class='ocr_carea' id='block_1_2' title="bbox 66 199 1666 2362">
    <p class='ocr_par' dir='ltr' id='par_1_2' title="bbox 124 199 1666 387">
     <span class='ocr_line' id='line_1_2' title="bbox 124 199 1666 255; baseline 0.002 -14"><span class='ocrx_word' id='word_1_6' title='bbox 124 199 206 249; x_wconf 85' lang='lat' dir='ltr'>Qui</span> <span class='ocrx_word' id='word_1_7' title='bbox 240 200 409 254; x_wconf 88' lang='lat' dir='ltr'>quidem</span> <span class='ocrx_word' id='word_1_8' title='bbox 443 200 662 242; x_wconf 82' lang='lat' dir='ltr'>discedens</span> <span class='ocrx_word' id='word_1_9' title='bbox 695 215 861 242; x_wconf 89' lang='lat' dir='ltr'>mecum</span> <span class='ocrx_word' id='word_1_10' title='bbox 894 201 955 242; x_wconf 89' lang='lat' dir='ltr'>ita</span> <span class='ocrx_word' id='word_1_11' title='bbox 986 201 1157 243; x_wconf 90' lang='lat' dir='ltr'>locutus</span> <span class='ocrx_word' id='word_1_12' title='bbox 1190 204 1268 255; x_wconf 91' lang='lat' dir='ltr'>est,</span> <span class='ocrx_word' id='word_1_13' title='bbox 1299 204 1348 242; x_wconf 90' lang='lat' dir='ltr'>ut</span> <span class='ocrx_word' id='word_1_14' title='bbox 1375 202 1466 243; x_wconf 91' lang='lat' dir='ltr'>eius</span> <span class='ocrx_word' id='word_1_15' title='bbox 1509 230 1666 252; x_wconf 40' lang='lat' dir='ltr'><em>d</em></span> 
     </span>
     <span class='ocr_line' id='line_1_3' title="bbox 124 258 790 300; baseline 0.002 -2"><span class='ocrx_word' id='word_1_16' title='bbox 124 258 262 299; x_wconf 90' lang='lat' dir='ltr'>oratio</span> <span class='ocrx_word' id='word_1_17' title='bbox 296 273 419 300; x_wconf 90' lang='lat' dir='ltr'>omen</span> <span class='ocrx_word' id='word_1_18' title='bbox 452 258 531 300; x_wconf 87' lang='lat' dir='ltr'>fati</span> <span class='ocrx_word' id='word_1_19' title='bbox 564 259 790 300; x_wconf 83' lang='lat' dir='ltr'>videretur.</span> 
     </span>
     <span class='ocr_line' id='line_1_4' title="bbox 213 296 1523 387; baseline 0.002 -29"><span class='ocrx_word' id='word_1_20' title='bbox 213 316 392 359; x_wconf 75' lang='lat' dir='ltr'>Reddite</span> <span class='ocrx_word' id='word_1_21' title='bbox 437 318 588 373; x_wconf 83' lang='lat' dir='ltr'>igitur,</span> <span class='ocrx_word' id='word_1_22' title='bbox 631 321 776 372; x_wconf 87' lang='lat' dir='ltr'>patres</span> <span class='ocrx_word' id='word_1_23' title='bbox 822 318 1074 372; x_wconf 92' lang='lat' dir='ltr'>conscripti,</span> <span class='ocrx_word' id='word_1_24' title='bbox 1118 318 1155 359; x_wconf 93' lang='lat' dir='ltr'>ei</span> <span class='ocrx_word' id='word_1_25' title='bbox 1198 318 1352 372; x_wconf 87' lang='lat' dir='ltr'>vitam,</span> <span class='ocrx_word' id='word_1_26' title='bbox 1397 296 1523 387; x_wconf 69' lang='lat' dir='ltr'>cui150</span> 
     </span>
    </p>

    <p class='ocr_par' dir='ltr' id='par_1_3' title="bbox 88 376 1463 724">
     <span class='ocr_line' id='line_1_5' title="bbox 124 376 1463 418; baseline 0.001 -2"><span class='ocrx_word' id='word_1_27' title='bbox 124 376 355 417; x_wconf 77' lang='lat' dir='ltr'>ademistis.</span> <span class='ocrx_word' id='word_1_28' title='bbox 429 376 533 417; x_wconf 89' lang='lat' dir='ltr'>Vita</span> <span class='ocrx_word' id='word_1_29' title='bbox 582 377 695 417; x_wconf 86' lang='lat' dir='ltr'>enim</span> <span class='ocrx_word' id='word_1_30' title='bbox 745 379 1014 418; x_wconf 88' lang='lat' dir='ltr'>mortuorum</span> <span class='ocrx_word' id='word_1_31' title='bbox 1058 377 1101 417; x_wconf 93' lang='lat' dir='ltr'>in</span> <span class='ocrx_word' id='word_1_32' title='bbox 1145 376 1353 418; x_wconf 89' lang='lat' dir='ltr'>memoria</span> <span class='ocrx_word' id='word_1_33' title='bbox 1396 380 1463 418; x_wconf 89' lang='lat' dir='ltr'>est</span> 
     </span>
     <span class='ocr_line' id='line_1_6' title="bbox 88 434 1463 489; baseline 0.001 -14"><span class='ocrx_word' id='word_1_34' title='bbox 88 451 101 475; x_wconf 80' lang='lat'>⁵</span> <span class='ocrx_word' id='word_1_35' title='bbox 125 434 268 488; x_wconf 89' lang='lat' dir='ltr'>posita</span> <span class='ocrx_word' id='word_1_36' title='bbox 299 435 505 476; x_wconf 87' lang='lat' dir='ltr'>vivorum.</span> <span class='ocrx_word' id='word_1_37' title='bbox 566 434 784 488; x_wconf 87' lang='lat' dir='ltr'>Perficite,</span> <span class='ocrx_word' id='word_1_38' title='bbox 819 438 868 476; x_wconf 93' lang='lat' dir='ltr'>ut</span> <span class='ocrx_word' id='word_1_39' title='bbox 899 435 955 489; x_wconf 90' lang='lat' dir='ltr'>is,</span> <span class='ocrx_word' id='word_1_40' title='bbox 987 449 1114 489; x_wconf 88' lang='lat' dir='ltr'>quem</span> <span class='ocrx_word' id='word_1_41' title='bbox 1145 450 1221 477; x_wconf 85' lang='lat' dir='ltr'>vos</span> <span class='ocrx_word' id='word_1_42' title='bbox 1253 435 1377 477; x_wconf 90' lang='lat' dir='ltr'>inscii</span> <span class='ocrx_word' id='word_1_43' title='bbox 1410 436 1463 476; x_wconf 92' lang='lat' dir='ltr'>ad</span> 
     </span>
     <span class='ocr_line' id='line_1_7' title="bbox 124 493 1463 545; baseline 0.001 -11"><span class='ocrx_word' id='word_1_44' title='bbox 124 496 306 534; x_wconf 90' lang='lat' dir='ltr'>mortem</span> <span class='ocrx_word' id='word_1_45' title='bbox 337 494 529 545; x_wconf 88' lang='lat' dir='ltr'>misistis,</span> <span class='ocrx_word' id='word_1_46' title='bbox 562 494 936 535; x_wconf 87' lang='lat' dir='ltr'>immortalitatem</span> <span class='ocrx_word' id='word_1_47' title='bbox 962 494 1121 535; x_wconf 88' lang='lat' dir='ltr'>habeat</span> <span class='ocrx_word' id='word_1_48' title='bbox 1147 508 1171 534; x_wconf 90' lang='lat' dir='ltr'>a</span> <span class='ocrx_word' id='word_1_49' title='bbox 1198 494 1332 536; x_wconf 85' lang='lat' dir='ltr'>vobis.</span> <span class='ocrx_word' id='word_1_50' title='bbox 1382 493 1463 536; x_wconf 84' lang='lat' dir='ltr'>Oui</span> 
     </span>
     <span class='ocr_line' id='line_1_8' title="bbox 123 552 1463 606; baseline 0.001 -14"><span class='ocrx_word' id='word_1_51' title='bbox 123 552 160 593; x_wconf 90' lang='lat' dir='ltr'>si</span> <span class='ocrx_word' id='word_1_52' title='bbox 192 554 381 593; x_wconf 88' lang='lat' dir='ltr'>statuam</span> <span class='ocrx_word' id='word_1_53' title='bbox 414 553 457 593; x_wconf 88' lang='lat' dir='ltr'>in</span> <span class='ocrx_word' id='word_1_54' title='bbox 488 553 642 594; x_wconf 87' lang='lat' dir='ltr'>rostris</span> <span class='ocrx_word' id='word_1_55' title='bbox 675 552 844 594; x_wconf 90' lang='lat' dir='ltr'>decreto</span> <span class='ocrx_word' id='word_1_56' title='bbox 878 556 1020 594; x_wconf 87' lang='lat' dir='ltr'>vestro</span> <span class='ocrx_word' id='word_1_57' title='bbox 1055 553 1309 606; x_wconf 89' lang='lat' dir='ltr'>statueritis,</span> <span class='ocrx_word' id='word_1_58' title='bbox 1342 552 1463 594; x_wconf 87' lang='lat' dir='ltr'>nulla</span> 
     </span>
     <span class='ocr_line' id='line_1_9' title="bbox 123 610 1462 666; baseline 0.001 -15"><span class='ocrx_word' id='word_1_59' title='bbox 123 611 213 652; x_wconf 90' lang='lat' dir='ltr'>eius</span> <span class='ocrx_word' id='word_1_60' title='bbox 245 610 507 666; x_wconf 78' lang='lat' dir='ltr'>legationem</span> <span class='ocrx_word' id='word_1_61' title='bbox 538 611 808 665; x_wconf 75' lang='lat' dir='ltr'>posteritatis</span> <span class='ocrx_word' id='word_1_62' title='bbox 842 611 1092 653; x_wconf 87' lang='lat' dir='ltr'>obscurabit</span> <span class='ocrx_word' id='word_1_63' title='bbox 1124 611 1294 652; x_wconf 88' lang='lat' dir='ltr'>oblivio.</span> <span class='ocrx_word' id='word_1_64' title='bbox 1347 610 1462 653; x_wconf 89' lang='lat' dir='ltr'>Nam</span> 
     </span>
     <span class='ocr_line' id='line_1_10' title="bbox 122 668 1461 724; baseline 0.001 -15"><span class='ocrx_word' id='word_1_65' title='bbox 122 669 287 723; x_wconf 90' lang='lat' dir='ltr'>reliqua</span> <span class='ocrx_word' id='word_1_66' title='bbox 333 668 420 711; x_wconf 89' lang='lat' dir='ltr'>Ser.</span> <span class='ocrx_word' id='word_1_67' title='bbox 466 668 629 724; x_wconf 83' lang='lat' dir='ltr'>Sulpici</span> <span class='ocrx_word' id='word_1_68' title='bbox 678 670 768 710; x_wconf 87' lang='lat' dir='ltr'>vita</span> <span class='ocrx_word' id='word_1_69' title='bbox 818 670 966 710; x_wconf 89' lang='lat' dir='ltr'>multis</span> <span class='ocrx_word' id='word_1_70' title='bbox 1017 670 1100 711; x_wconf 88' lang='lat' dir='ltr'>erit</span> <span class='ocrx_word' id='word_1_71' title='bbox 1142 670 1461 724; x_wconf 81' lang='lat' dir='ltr'>praeclarisque</span> 
     </span>
    </p>

    <p class='ocr_par' dir='ltr' id='par_1_4' title="bbox 70 727 1461 1017">
     <span class='ocr_line' id='line_1_11' title="bbox 70 727 1461 770; baseline 0 -1"><span class='ocrx_word' id='word_1_72' title='bbox 70 744 102 768; x_wconf 83' lang='grc' dir='ltr'>ιο</span> <span class='ocrx_word' id='word_1_73' title='bbox 121 728 409 770; x_wconf 73' lang='lat' dir='ltr'>monumentis</span> <span class='ocrx_word' id='word_1_74' title='bbox 437 728 488 770; x_wconf 89' lang='lat' dir='ltr'>ad</span> <span class='ocrx_word' id='word_1_75' title='bbox 515 743 684 770; x_wconf 90' lang='lat' dir='ltr'>omnem</span> <span class='ocrx_word' id='word_1_76' title='bbox 710 729 959 770; x_wconf 87' lang='lat' dir='ltr'>memoriam</span> <span class='ocrx_word' id='word_1_77' title='bbox 989 729 1296 770; x_wconf 88' lang='lat' dir='ltr'>commendata.</span> <span class='ocrx_word' id='word_1_78' title='bbox 1345 727 1461 770; x_wconf 90' lang='lat' dir='ltr'>Sem-</span> 
     </span>
     <span class='ocr_line' id='line_1_12' title="bbox 120 787 1460 842; baseline 0.001 -15"><span class='ocrx_word' id='word_1_79' title='bbox 120 801 196 841; x_wconf 87' lang='lat' dir='ltr'>per</span> <span class='ocrx_word' id='word_1_80' title='bbox 222 787 338 828; x_wconf 90' lang='lat' dir='ltr'>illius</span> <span class='ocrx_word' id='word_1_81' title='bbox 365 788 637 842; x_wconf 83' lang='lat' dir='ltr'>gravitatem,</span> <span class='ocrx_word' id='word_1_82' title='bbox 670 788 970 841; x_wconf 69' lang='lat' dir='ltr'>constantiam,</span> <span class='ocrx_word' id='word_1_83' title='bbox 1001 788 1140 841; x_wconf 87' lang='lat' dir='ltr'>fidem,</span> <span class='ocrx_word' id='word_1_84' title='bbox 1166 789 1460 841; x_wconf 87' lang='lat' dir='ltr'>praestantem</span> 
     </span>
     <span class='ocr_line' id='line_1_13' title="bbox 120 845 1460 900; baseline 0.001 -15"><span class='ocrx_word' id='word_1_85' title='bbox 120 846 165 886; x_wconf 90' lang='lat' dir='ltr'>in</span> <span class='ocrx_word' id='word_1_86' title='bbox 193 860 237 886; x_wconf 94' lang='lat' dir='ltr'>re</span> <span class='ocrx_word' id='word_1_87' title='bbox 262 845 437 899; x_wconf 90' lang='lat' dir='ltr'>publica</span> <span class='ocrx_word' id='word_1_88' title='bbox 461 846 619 887; x_wconf 87' lang='lat' dir='ltr'>tuenda</span> <span class='ocrx_word' id='word_1_89' title='bbox 645 860 790 887; x_wconf 91' lang='lat' dir='ltr'>curam</span> <span class='ocrx_word' id='word_1_90' title='bbox 817 849 944 900; x_wconf 90' lang='lat' dir='ltr'>atque</span> <span class='ocrx_word' id='word_1_91' title='bbox 970 846 1243 900; x_wconf 86' lang='lat' dir='ltr'>prudentiam</span> <span class='ocrx_word' id='word_1_92' title='bbox 1270 846 1460 887; x_wconf 79' lang='lat' dir='ltr'>omnium</span> 
     </span>
     <span class='ocr_line' id='line_1_14' title="bbox 120 904 1460 946; baseline 0 -1"><span class='ocrx_word' id='word_1_93' title='bbox 120 904 369 945; x_wconf 87' lang='lat' dir='ltr'>mortalium</span> <span class='ocrx_word' id='word_1_94' title='bbox 413 904 528 945; x_wconf 90' lang='lat' dir='ltr'>fama</span> <span class='ocrx_word' id='word_1_95' title='bbox 573 905 819 946; x_wconf 83' lang='lat' dir='ltr'>celebrabit.</span> <span class='ocrx_word' id='word_1_96' title='bbox 888 904 978 946; x_wconf 90' lang='lat' dir='ltr'>Nec</span> <span class='ocrx_word' id='word_1_97' title='bbox 1016 919 1116 946; x_wconf 89' lang='lat' dir='ltr'>vero</span> <span class='ocrx_word' id='word_1_98' title='bbox 1156 905 1354 946; x_wconf 86' lang='lat' dir='ltr'>silebitur</span> <span class='ocrx_word' id='word_1_99' title='bbox 1392 905 1460 946; x_wconf 90' lang='lat' dir='ltr'>ad-</span> 
     </span>
     <span class='ocr_line' id='line_1_15' title="bbox 121 963 1460 1017; baseline 0.001 -14"><span class='ocrx_word' id='word_1_100' title='bbox 121 963 332 1004; x_wconf 87' lang='lat' dir='ltr'>mirabilis</span> <span class='ocrx_word' id='word_1_101' title='bbox 366 963 573 1017; x_wconf 90' lang='lat' dir='ltr'>quaedam</span> <span class='ocrx_word' id='word_1_102' title='bbox 600 966 643 1004; x_wconf 91' lang='lat' dir='ltr'>et</span> <span class='ocrx_word' id='word_1_103' title='bbox 668 964 931 1005; x_wconf 90' lang='lat' dir='ltr'>incredibilis</span> <span class='ocrx_word' id='word_1_104' title='bbox 965 977 1013 1004; x_wconf 88' lang='lat' dir='ltr'>ac</span> <span class='ocrx_word' id='word_1_105' title='bbox 1039 978 1173 1017; x_wconf 90' lang='lat' dir='ltr'>paene</span> <span class='ocrx_word' id='word_1_106' title='bbox 1200 963 1344 1004; x_wconf 88' lang='lat' dir='ltr'>divina</span> <span class='ocrx_word' id='word_1_107' title='bbox 1370 963 1460 1004; x_wconf 86' lang='lat' dir='ltr'>eius</span> 
     </span>
    </p>

    <p class='ocr_par' dir='ltr' id='par_1_5' title="bbox 69 1021 1587 1311">
     <span class='ocr_line' id='line_1_16' title="bbox 69 1021 1459 1077; baseline 0.001 -16"><span class='ocrx_word' id='word_1_108' title='bbox 69 1037 101 1061; x_wconf 79' lang='lat'>15</span> <span class='ocrx_word' id='word_1_109' title='bbox 121 1022 164 1062; x_wconf 91' lang='lat' dir='ltr'>in</span> <span class='ocrx_word' id='word_1_110' title='bbox 190 1021 359 1077; x_wconf 86' lang='lat' dir='ltr'>legibus</span> <span class='ocrx_word' id='word_1_111' title='bbox 386 1022 731 1076; x_wconf 85' lang='lat' dir='ltr'>interpretandis,</span> <span class='ocrx_word' id='word_1_112' title='bbox 757 1022 973 1076; x_wconf 84' lang='lat' dir='ltr'>aequitate</span> <span class='ocrx_word' id='word_1_113' title='bbox 998 1022 1248 1076; x_wconf 85' lang='lat' dir='ltr'>explicanda</span> <span class='ocrx_word' id='word_1_114' title='bbox 1268 1022 1459 1063; x_wconf 87' lang='lat' dir='ltr'>scientia.</span> 
     </span>
     <span class='ocr_line' id='line_1_17' title="bbox 122 1079 1461 1135; baseline 0.001 -14"><span class='ocrx_word' id='word_1_115' title='bbox 122 1079 281 1121; x_wconf 90' lang='lat' dir='ltr'>Omnes</span> <span class='ocrx_word' id='word_1_116' title='bbox 327 1095 377 1121; x_wconf 85' lang='lat' dir='ltr'>ex</span> <span class='ocrx_word' id='word_1_117' title='bbox 415 1081 530 1121; x_wconf 91' lang='lat' dir='ltr'>omni</span> <span class='ocrx_word' id='word_1_118' title='bbox 574 1083 732 1135; x_wconf 87' lang='lat' dir='ltr'>aetate,</span> <span class='ocrx_word' id='word_1_119' title='bbox 777 1081 849 1134; x_wconf 90' lang='lat' dir='ltr'>qui</span> <span class='ocrx_word' id='word_1_120' title='bbox 886 1081 931 1121; x_wconf 89' lang='lat' dir='ltr'>in</span> <span class='ocrx_word' id='word_1_121' title='bbox 966 1081 1047 1122; x_wconf 90' lang='lat' dir='ltr'>hac</span> <span class='ocrx_word' id='word_1_122' title='bbox 1083 1080 1258 1122; x_wconf 87' lang='lat' dir='ltr'>civitate</span> <span class='ocrx_word' id='word_1_123' title='bbox 1296 1080 1461 1122; x_wconf 89' lang='lat' dir='ltr'>intelle-</span> 
     </span>
     <span class='ocr_line' id='line_1_18' title="bbox 120 1138 1518 1194; baseline 0.001 -15"><span class='ocrx_word' id='word_1_124' title='bbox 120 1139 310 1194; x_wconf 86' lang='lat' dir='ltr'>gentiam</span> <span class='ocrx_word' id='word_1_125' title='bbox 330 1138 435 1180; x_wconf 86' lang='lat' dir='ltr'>iuris</span> <span class='ocrx_word' id='word_1_126' title='bbox 455 1139 711 1193; x_wconf 88' lang='lat' dir='ltr'>habuerunt,</span> <span class='ocrx_word' id='word_1_127' title='bbox 737 1140 773 1180; x_wconf 87' lang='lat' dir='ltr'>si</span> <span class='ocrx_word' id='word_1_128' title='bbox 793 1154 924 1180; x_wconf 86' lang='lat' dir='ltr'>unum</span> <span class='ocrx_word' id='word_1_129' title='bbox 945 1139 989 1180; x_wconf 88' lang='lat' dir='ltr'>&#39;m</span> <span class='ocrx_word' id='word_1_130' title='bbox 1009 1139 1151 1181; x_wconf 92' lang='lat' dir='ltr'>locum</span> <span class='ocrx_word' id='word_1_131' title='bbox 1172 1138 1460 1192; x_wconf 86' lang='lat' dir='ltr'>conferantur,</span> <span class='ocrx_word' id='word_1_132' title='bbox 1488 1177 1518 1193; x_wconf 27' lang='grc' dir='ltr'>,Ἀ</span> 
     </span>
     <span class='ocr_line' id='line_1_19' title="bbox 121 1196 1459 1252; baseline 0 -14"><span class='ocrx_word' id='word_1_133' title='bbox 121 1212 215 1238; x_wconf 90' lang='lat' dir='ltr'>cum</span> <span class='ocrx_word' id='word_1_134' title='bbox 256 1196 343 1238; x_wconf 86' lang='lat' dir='ltr'>Ser.</span> <span class='ocrx_word' id='word_1_135' title='bbox 383 1196 572 1251; x_wconf 87' lang='lat' dir='ltr'>Sulpicio</span> <span class='ocrx_word' id='word_1_136' title='bbox 612 1212 699 1239; x_wconf 89' lang='lat' dir='ltr'>non</span> <span class='ocrx_word' id='word_1_137' title='bbox 738 1198 825 1238; x_wconf 90' lang='lat' dir='ltr'>sint</span> <span class='ocrx_word' id='word_1_138' title='bbox 862 1198 1148 1252; x_wconf 91' lang='lat' dir='ltr'>comparandi.</span> <span class='ocrx_word' id='word_1_139' title='bbox 1216 1197 1307 1239; x_wconf 91' lang='lat' dir='ltr'>Nec</span> <span class='ocrx_word' id='word_1_140' title='bbox 1346 1198 1459 1239; x_wconf 88' lang='lat' dir='ltr'>enim</span> 
     </span>
     <span class='ocr_line' id='line_1_20' title="bbox 119 1255 1514 1311; baseline 0 -15"><span class='ocrx_word' id='word_1_141' title='bbox 119 1256 192 1297; x_wconf 91' lang='lat' dir='ltr'>ille</span> <span class='ocrx_word' id='word_1_142' title='bbox 225 1256 363 1311; x_wconf 83' lang='lat' dir='ltr'>magis</span> <span class='ocrx_word' id='word_1_143' title='bbox 394 1256 500 1297; x_wconf 87' lang='lat' dir='ltr'>iuris</span> <span class='ocrx_word' id='word_1_144' title='bbox 534 1256 753 1297; x_wconf 89' lang='lat' dir='ltr'>consultus</span> <span class='ocrx_word' id='word_1_145' title='bbox 787 1271 913 1310; x_wconf 92' lang='lat' dir='ltr'>quam</span> <span class='ocrx_word' id='word_1_146' title='bbox 940 1256 1133 1297; x_wconf 86' lang='lat' dir='ltr'>iustitiae</span> <span class='ocrx_word' id='word_1_147' title='bbox 1159 1255 1254 1297; x_wconf 90' lang='lat' dir='ltr'>fuit.</span> <span class='ocrx_word' id='word_1_148' title='bbox 1303 1256 1372 1297; x_wconf 90' lang='lat' dir='ltr'>Ita</span> <span class='ocrx_word' id='word_1_149' title='bbox 1397 1266 1514 1309; x_wconf 86' lang='lat' dir='ltr'>ea,11</span> 
     </span>
    </p>

    <p class='ocr_par' dir='ltr' id='par_1_6' title="bbox 66 1314 1459 1590">
     <span class='ocr_line' id='line_1_21' title="bbox 66 1314 1459 1370; baseline 0 -15"><span class='ocrx_word' id='word_1_150' title='bbox 66 1330 101 1355; x_wconf 83' lang='lat'>20</span> <span class='ocrx_word' id='word_1_151' title='bbox 121 1329 227 1368; x_wconf 91' lang='lat' dir='ltr'>quae</span> <span class='ocrx_word' id='word_1_152' title='bbox 279 1314 661 1368; x_wconf 89' lang='lat' dir='ltr'>proficiscebantur</span> <span class='ocrx_word' id='word_1_153' title='bbox 711 1330 735 1355; x_wconf 89' lang='lat' dir='ltr'>a</span> <span class='ocrx_word' id='word_1_154' title='bbox 783 1315 952 1370; x_wconf 81' lang='lat' dir='ltr'>legibus</span> <span class='ocrx_word' id='word_1_155' title='bbox 1003 1318 1047 1356; x_wconf 88' lang='lat' dir='ltr'>et</span> <span class='ocrx_word' id='word_1_156' title='bbox 1097 1315 1150 1355; x_wconf 90' lang='lat' dir='ltr'>ab</span> <span class='ocrx_word' id='word_1_157' title='bbox 1194 1315 1286 1356; x_wconf 86' lang='lat' dir='ltr'>iure</span> <span class='ocrx_word' id='word_1_158' title='bbox 1331 1315 1459 1369; x_wconf 89' lang='lat' dir='ltr'>civili,</span> 
     </span>
     <span class='ocr_line' id='line_1_22' title="bbox 120 1373 1458 1428; baseline 0 -14"><span class='ocrx_word' id='word_1_159' title='bbox 120 1387 288 1427; x_wconf 90' lang='lat' dir='ltr'>semper</span> <span class='ocrx_word' id='word_1_160' title='bbox 325 1373 377 1414; x_wconf 89' lang='lat' dir='ltr'>ad</span> <span class='ocrx_word' id='word_1_161' title='bbox 408 1373 663 1415; x_wconf 86' lang='lat' dir='ltr'>facilitatem</span> <span class='ocrx_word' id='word_1_162' title='bbox 696 1374 1042 1428; x_wconf 89' lang='lat' dir='ltr'>aequitatemque</span> <span class='ocrx_word' id='word_1_163' title='bbox 1075 1373 1290 1414; x_wconf 85' lang='lat' dir='ltr'>referebat</span> <span class='ocrx_word' id='word_1_164' title='bbox 1320 1388 1458 1427; x_wconf 90' lang='lat' dir='ltr'>neque</span> 
     </span>
     <span class='ocr_line' id='line_1_23' title="bbox 119 1431 1457 1486; baseline 0.001 -14"><span class='ocrx_word' id='word_1_165' title='bbox 119 1431 345 1473; x_wconf 89' lang='lat' dir='ltr'>instituere</span> <span class='ocrx_word' id='word_1_166' title='bbox 377 1432 520 1473; x_wconf 87' lang='lat' dir='ltr'>litium</span> <span class='ocrx_word' id='word_1_167' title='bbox 553 1432 741 1473; x_wconf 91' lang='lat' dir='ltr'>actiones</span> <span class='ocrx_word' id='word_1_168' title='bbox 771 1432 960 1473; x_wconf 90' lang='lat' dir='ltr'>malebat</span> <span class='ocrx_word' id='word_1_169' title='bbox 987 1446 1116 1486; x_wconf 90' lang='lat' dir='ltr'>quam</span> <span class='ocrx_word' id='word_1_170' title='bbox 1142 1433 1457 1473; x_wconf 84' lang='lat' dir='ltr'>controversias</span> 
     </span>
     <span class='ocr_line' id='line_1_24' title="bbox 120 1490 1459 1545; baseline 0.002 -16"><span class='ocrx_word' id='word_1_171' title='bbox 120 1490 283 1530; x_wconf 87' lang='lat' dir='ltr'>tollere.</span> <span class='ocrx_word' id='word_1_172' title='bbox 326 1490 444 1545; x_wconf 85' lang='lat' dir='ltr'>Ergo</span> <span class='ocrx_word' id='word_1_173' title='bbox 470 1490 552 1532; x_wconf 88' lang='lat' dir='ltr'>hoc</span> <span class='ocrx_word' id='word_1_174' title='bbox 579 1493 747 1532; x_wconf 88' lang='lat' dir='ltr'>statuae</span> <span class='ocrx_word' id='word_1_175' title='bbox 774 1494 1052 1532; x_wconf 90' lang='lat' dir='ltr'>monumento</span> <span class='ocrx_word' id='word_1_176' title='bbox 1078 1505 1166 1532; x_wconf 91' lang='lat' dir='ltr'>non</span> <span class='ocrx_word' id='word_1_177' title='bbox 1191 1493 1301 1545; x_wconf 84' lang='lat' dir='ltr'>eget,</span> <span class='ocrx_word' id='word_1_178' title='bbox 1325 1490 1459 1532; x_wconf 88' lang='lat' dir='ltr'>habet</span> 
     </span>
     <span class='ocr_line' id='line_1_25' title="bbox 121 1548 1457 1590; baseline 0.001 -2"><span class='ocrx_word' id='word_1_179' title='bbox 121 1548 206 1589; x_wconf 88' lang='lat' dir='ltr'>alia</span> <span class='ocrx_word' id='word_1_180' title='bbox 237 1548 409 1589; x_wconf 89' lang='lat' dir='ltr'>maiora.</span> <span class='ocrx_word' id='word_1_181' title='bbox 459 1548 576 1590; x_wconf 90' lang='lat' dir='ltr'>Haec</span> <span class='ocrx_word' id='word_1_182' title='bbox 608 1549 721 1590; x_wconf 86' lang='lat' dir='ltr'>enim</span> <span class='ocrx_word' id='word_1_183' title='bbox 750 1552 895 1590; x_wconf 91' lang='lat' dir='ltr'>statua</span> <span class='ocrx_word' id='word_1_184' title='bbox 920 1549 1073 1590; x_wconf 90' lang='lat' dir='ltr'>mortis</span> <span class='ocrx_word' id='word_1_185' title='bbox 1099 1549 1304 1590; x_wconf 88' lang='lat' dir='ltr'>honestae</span> <span class='ocrx_word' id='word_1_186' title='bbox 1330 1549 1457 1590; x_wconf 89' lang='lat' dir='ltr'>testis</span> 
     </span>
    </p>

    <p class='ocr_par' dir='ltr' id='par_1_7' title="bbox 67 1607 1568 1893">
     <span class='ocr_line' id='line_1_26' title="bbox 67 1607 1459 1662; baseline 0 -14"><span class='ocrx_word' id='word_1_187' title='bbox 67 1624 100 1648; x_wconf 77' lang='lat'>25</span> <span class='ocrx_word' id='word_1_188' title='bbox 120 1607 214 1660; x_wconf 90' lang='lat' dir='ltr'>erit,</span> <span class='ocrx_word' id='word_1_189' title='bbox 246 1607 321 1646; x_wconf 90' lang='lat' dir='ltr'>illa</span> <span class='ocrx_word' id='word_1_190' title='bbox 352 1607 558 1647; x_wconf 90' lang='lat' dir='ltr'>memoria</span> <span class='ocrx_word' id='word_1_191' title='bbox 583 1607 695 1648; x_wconf 86' lang='lat' dir='ltr'>vitae</span> <span class='ocrx_word' id='word_1_192' title='bbox 722 1608 948 1662; x_wconf 80' lang='lat' dir='ltr'>gloriosae,</span> <span class='ocrx_word' id='word_1_193' title='bbox 978 1610 1028 1648; x_wconf 90' lang='lat' dir='ltr'>ut</span> <span class='ocrx_word' id='word_1_194' title='bbox 1053 1607 1135 1648; x_wconf 90' lang='lat' dir='ltr'>hoc</span> <span class='ocrx_word' id='word_1_195' title='bbox 1161 1607 1299 1662; x_wconf 78' lang='lat' dir='ltr'>magis</span> <span class='ocrx_word' id='word_1_196' title='bbox 1325 1608 1459 1648; x_wconf 91' lang='lat' dir='ltr'>moni-</span> 
     </span>
     <span class='ocr_line' id='line_1_27' title="bbox 120 1665 1458 1719; baseline 0.001 -14"><span class='ocrx_word' id='word_1_197' title='bbox 120 1668 312 1706; x_wconf 88' lang='lat' dir='ltr'>mentum</span> <span class='ocrx_word' id='word_1_198' title='bbox 356 1665 470 1719; x_wconf 86' lang='lat' dir='ltr'>grati</span> <span class='ocrx_word' id='word_1_199' title='bbox 515 1668 686 1706; x_wconf 87' lang='lat' dir='ltr'>senatus</span> <span class='ocrx_word' id='word_1_200' title='bbox 731 1680 860 1719; x_wconf 91' lang='lat' dir='ltr'>quam</span> <span class='ocrx_word' id='word_1_201' title='bbox 899 1666 1002 1706; x_wconf 89' lang='lat' dir='ltr'>clari</span> <span class='ocrx_word' id='word_1_202' title='bbox 1038 1665 1119 1706; x_wconf 85' lang='lat' dir='ltr'>viri</span> <span class='ocrx_word' id='word_1_203' title='bbox 1157 1665 1351 1706; x_wconf 83' lang='lat' dir='ltr'>futurum</span> <span class='ocrx_word' id='word_1_204' title='bbox 1389 1666 1458 1707; x_wconf 91' lang='lat' dir='ltr'>sit.</span> 
     </span>
     <span class='ocr_line' id='line_1_28' title="bbox 108 1723 1568 1777; baseline 0 -13"><span class='ocrx_word' id='word_1_205' title='bbox 108 1723 306 1764; x_wconf 89' lang='lat' dir='ltr'>-Multum</span> <span class='ocrx_word' id='word_1_206' title='bbox 339 1724 468 1763; x_wconf 88' lang='lat' dir='ltr'>etiam</span> <span class='ocrx_word' id='word_1_207' title='bbox 502 1723 686 1764; x_wconf 83' lang='lat' dir='ltr'>valuisse</span> <span class='ocrx_word' id='word_1_208' title='bbox 719 1724 771 1764; x_wconf 90' lang='lat' dir='ltr'>ad</span> <span class='ocrx_word' id='word_1_209' title='bbox 802 1724 939 1777; x_wconf 87' lang='lat' dir='ltr'>patris</span> <span class='ocrx_word' id='word_1_210' title='bbox 971 1724 1179 1764; x_wconf 87' lang='lat' dir='ltr'>honorem</span> <span class='ocrx_word' id='word_1_211' title='bbox 1210 1723 1348 1777; x_wconf 90' lang='lat' dir='ltr'>pietas</span> <span class='ocrx_word' id='word_1_212' title='bbox 1377 1724 1457 1764; x_wconf 88' lang='lat' dir='ltr'>filii</span> <span class='ocrx_word' id='word_1_213' title='bbox 1474 1733 1516 1763; x_wconf 82' lang='lat'>12</span> <span class='ocrx_word' id='word_1_214' title='bbox 1562 1745 1568 1750; x_wconf 87' lang='lat'><strong>·</strong></span> 
     </span>
     <span class='ocr_line' id='line_1_29' title="bbox 119 1782 1458 1836; baseline 0 -13"><span class='ocrx_word' id='word_1_215' title='bbox 119 1782 352 1835; x_wconf 72' lang='lat' dir='ltr'>videbitur,</span> <span class='ocrx_word' id='word_1_216' title='bbox 397 1782 468 1835; x_wconf 87' lang='lat' dir='ltr'>qui</span> <span class='ocrx_word' id='word_1_217' title='bbox 512 1796 770 1835; x_wconf 88' lang='lat' dir='ltr'>quamquam</span> <span class='ocrx_word' id='word_1_218' title='bbox 810 1782 1006 1823; x_wconf 88' lang='lat' dir='ltr'>adflictus</span> <span class='ocrx_word' id='word_1_219' title='bbox 1044 1782 1164 1822; x_wconf 90' lang='lat' dir='ltr'>luctu</span> <span class='ocrx_word' id='word_1_220' title='bbox 1201 1796 1287 1823; x_wconf 90' lang='lat' dir='ltr'>non</span> <span class='ocrx_word' id='word_1_221' title='bbox 1326 1782 1458 1836; x_wconf 87' lang='lat' dir='ltr'>adest,</span> 
     </span>
     <span class='ocr_line' id='line_1_30' title="bbox 119 1840 1459 1893; baseline -0.001 -11"><span class='ocrx_word' id='word_1_222' title='bbox 119 1844 263 1882; x_wconf 88' lang='lat' dir='ltr'>tamen</span> <span class='ocrx_word' id='word_1_223' title='bbox 290 1841 351 1881; x_wconf 91' lang='lat' dir='ltr'>sic</span> <span class='ocrx_word' id='word_1_224' title='bbox 378 1840 555 1881; x_wconf 88' lang='lat' dir='ltr'>animati</span> <span class='ocrx_word' id='word_1_225' title='bbox 583 1854 673 1881; x_wconf 88' lang='lat' dir='ltr'>esse</span> <span class='ocrx_word' id='word_1_226' title='bbox 700 1840 878 1893; x_wconf 90' lang='lat' dir='ltr'>debetis,</span> <span class='ocrx_word' id='word_1_227' title='bbox 909 1843 958 1880; x_wconf 92' lang='lat' dir='ltr'>ut</span> <span class='ocrx_word' id='word_1_228' title='bbox 985 1840 1021 1881; x_wconf 89' lang='lat' dir='ltr'>si</span> <span class='ocrx_word' id='word_1_229' title='bbox 1047 1840 1119 1881; x_wconf 88' lang='lat' dir='ltr'>ille</span> <span class='ocrx_word' id='word_1_230' title='bbox 1146 1840 1325 1881; x_wconf 89' lang='lat' dir='ltr'>adesset.</span> <span class='ocrx_word' id='word_1_231' title='bbox 1375 1840 1459 1881; x_wconf 90' lang='lat' dir='ltr'>Est</span> 
     </span>
    </p>

    <p class='ocr_par' dir='ltr' id='par_1_8' title="bbox 67 1898 1458 2187">
     <span class='ocr_line' id='line_1_31' title="bbox 67 1898 1457 1952; baseline 0.001 -13"><span class='ocrx_word' id='word_1_232' title='bbox 67 1914 102 1939; x_wconf 81' lang='lat'>30</span> <span class='ocrx_word' id='word_1_233' title='bbox 122 1902 264 1940; x_wconf 89' lang='lat' dir='ltr'>autem</span> <span class='ocrx_word' id='word_1_234' title='bbox 289 1899 352 1939; x_wconf 93' lang='lat' dir='ltr'>ita</span> <span class='ocrx_word' id='word_1_235' title='bbox 372 1898 576 1951; x_wconf 89' lang='lat' dir='ltr'>adfectus,</span> <span class='ocrx_word' id='word_1_236' title='bbox 602 1901 651 1938; x_wconf 91' lang='lat' dir='ltr'>ut</span> <span class='ocrx_word' id='word_1_237' title='bbox 670 1912 793 1939; x_wconf 89' lang='lat' dir='ltr'>nemo</span> <span class='ocrx_word' id='word_1_238' title='bbox 814 1913 1019 1952; x_wconf 90' lang='lat' dir='ltr'>umquam</span> <span class='ocrx_word' id='word_1_239' title='bbox 1038 1899 1152 1940; x_wconf 90' lang='lat' dir='ltr'>unici</span> <span class='ocrx_word' id='word_1_240' title='bbox 1174 1899 1252 1939; x_wconf 88' lang='lat' dir='ltr'>filii</span> <span class='ocrx_word' id='word_1_241' title='bbox 1273 1902 1457 1940; x_wconf 89' lang='lat' dir='ltr'>mortem</span> 
     </span>
     <span class='ocr_line' id='line_1_32' title="bbox 121 1957 1457 2011; baseline 0.001 -14"><span class='ocrx_word' id='word_1_242' title='bbox 121 1957 260 2011; x_wconf 80' lang='lat' dir='ltr'>magis</span> <span class='ocrx_word' id='word_1_243' title='bbox 293 1957 495 2010; x_wconf 84' lang='lat' dir='ltr'>doluerit,</span> <span class='ocrx_word' id='word_1_244' title='bbox 528 1971 656 2010; x_wconf 91' lang='lat' dir='ltr'>quam</span> <span class='ocrx_word' id='word_1_245' title='bbox 687 1957 759 1997; x_wconf 89' lang='lat' dir='ltr'>ille</span> <span class='ocrx_word' id='word_1_246' title='bbox 791 1960 953 1998; x_wconf 91' lang='lat' dir='ltr'>maeret</span> <span class='ocrx_word' id='word_1_247' title='bbox 984 1958 1132 2011; x_wconf 91' lang='lat' dir='ltr'>patris.</span> <span class='ocrx_word' id='word_1_248' title='bbox 1194 1957 1254 1998; x_wconf 88' lang='lat' dir='ltr'>Et</span> <span class='ocrx_word' id='word_1_249' title='bbox 1286 1957 1457 2011; x_wconf 89' lang='lat' dir='ltr'>quidem</span> 
     </span>
     <span class='ocr_line' id='line_1_33' title="bbox 121 2013 1458 2070; baseline 0.001 -14"><span class='ocrx_word' id='word_1_250' title='bbox 121 2016 251 2056; x_wconf 89' lang='lat' dir='ltr'>etiam</span> <span class='ocrx_word' id='word_1_251' title='bbox 278 2015 329 2055; x_wconf 90' lang='lat' dir='ltr'>ad</span> <span class='ocrx_word' id='word_1_252' title='bbox 355 2015 514 2056; x_wconf 88' lang='lat' dir='ltr'>famam</span> <span class='ocrx_word' id='word_1_253' title='bbox 542 2014 630 2056; x_wconf 88' lang='lat' dir='ltr'>Ser.</span> <span class='ocrx_word' id='word_1_254' title='bbox 653 2013 814 2068; x_wconf 80' lang='lat' dir='ltr'>Sulpici</span> <span class='ocrx_word' id='word_1_255' title='bbox 840 2015 918 2055; x_wconf 92' lang='lat' dir='ltr'>filii</span> <span class='ocrx_word' id='word_1_256' title='bbox 946 2016 1133 2057; x_wconf 86' lang='lat' dir='ltr'>arbitror</span> <span class='ocrx_word' id='word_1_257' title='bbox 1156 2015 1383 2070; x_wconf 86' lang='lat' dir='ltr'>pertinere,</span> <span class='ocrx_word' id='word_1_258' title='bbox 1408 2019 1458 2057; x_wconf 89' lang='lat' dir='ltr'>ut</span> 
     </span>
     <span class='ocr_line' id='line_1_34' title="bbox 120 2073 1458 2127; baseline 0 -12"><span class='ocrx_word' id='word_1_259' title='bbox 120 2074 314 2115; x_wconf 87' lang='lat' dir='ltr'>videatur</span> <span class='ocrx_word' id='word_1_260' title='bbox 351 2073 559 2114; x_wconf 89' lang='lat' dir='ltr'>honorem</span> <span class='ocrx_word' id='word_1_261' title='bbox 591 2073 783 2114; x_wconf 90' lang='lat' dir='ltr'>debitum</span> <span class='ocrx_word' id='word_1_262' title='bbox 814 2074 927 2127; x_wconf 91' lang='lat' dir='ltr'>patri</span> <span class='ocrx_word' id='word_1_263' title='bbox 960 2074 1240 2127; x_wconf 88' lang='lat' dir='ltr'>praestitisse.</span> <span class='ocrx_word' id='word_1_264' title='bbox 1304 2074 1458 2123; x_wconf 84' lang='lat' dir='ltr'>Quam-</span> 
     </span>
     <span class='ocr_line' id='line_1_35' title="bbox 121 2131 1458 2187; baseline 0 -13"><span class='ocrx_word' id='word_1_265' title='bbox 121 2147 249 2187; x_wconf 87' lang='lat' dir='ltr'>quam</span> <span class='ocrx_word' id='word_1_266' title='bbox 274 2132 440 2173; x_wconf 91' lang='lat' dir='ltr'>nullum</span> <span class='ocrx_word' id='word_1_267' title='bbox 466 2134 788 2172; x_wconf 90' lang='lat' dir='ltr'>monumentum</span> <span class='ocrx_word' id='word_1_268' title='bbox 810 2132 965 2173; x_wconf 90' lang='lat' dir='ltr'>clarius</span> <span class='ocrx_word' id='word_1_269' title='bbox 988 2131 1075 2174; x_wconf 87' lang='lat' dir='ltr'>Ser.</span> <span class='ocrx_word' id='word_1_270' title='bbox 1098 2131 1312 2186; x_wconf 83' lang='lat' dir='ltr'>Sulpicius</span> <span class='ocrx_word' id='word_1_271' title='bbox 1332 2133 1458 2174; x_wconf 88' lang='lat' dir='ltr'>relin-</span> 
     </span>
    </p>

    <p class='ocr_par' dir='ltr' id='par_1_9' title="bbox 67 2189 1457 2362">
     <span class='ocr_line' id='line_1_36' title="bbox 67 2189 1456 2246; baseline 0 -13"><span class='ocrx_word' id='word_1_272' title='bbox 67 2207 101 2233; x_wconf 79' lang='lat'>35</span> <span class='ocrx_word' id='word_1_273' title='bbox 121 2205 247 2245; x_wconf 88' lang='lat' dir='ltr'>quere</span> <span class='ocrx_word' id='word_1_274' title='bbox 282 2190 425 2244; x_wconf 89' lang='lat' dir='ltr'>potuit</span> <span class='ocrx_word' id='word_1_275' title='bbox 457 2204 585 2243; x_wconf 89' lang='lat' dir='ltr'>quam</span> <span class='ocrx_word' id='word_1_276' title='bbox 616 2189 804 2245; x_wconf 83' lang='lat' dir='ltr'>effigiem</span> <span class='ocrx_word' id='word_1_277' title='bbox 836 2205 1004 2231; x_wconf 90' lang='lat' dir='ltr'>morum</span> <span class='ocrx_word' id='word_1_278' title='bbox 1036 2205 1229 2243; x_wconf 90' lang='lat' dir='ltr'>suorum,</span> <span class='ocrx_word' id='word_1_279' title='bbox 1269 2191 1456 2246; x_wconf 88' lang='lat' dir='ltr'>virtutis,</span> 
     </span>
     <span class='ocr_line' id='line_1_37' title="bbox 121 2248 1457 2303; baseline 0.001 -13"><span class='ocrx_word' id='word_1_280' title='bbox 121 2249 404 2303; x_wconf 85' lang='lat' dir='ltr'>constantiae,</span> <span class='ocrx_word' id='word_1_281' title='bbox 440 2248 634 2302; x_wconf 86' lang='lat' dir='ltr'>pietatis,</span> <span class='ocrx_word' id='word_1_282' title='bbox 671 2248 833 2303; x_wconf 83' lang='lat' dir='ltr'>ingenii</span> <span class='ocrx_word' id='word_1_283' title='bbox 864 2249 1019 2303; x_wconf 88' lang='lat' dir='ltr'>filium,</span> <span class='ocrx_word' id='word_1_284' title='bbox 1056 2249 1175 2290; x_wconf 89' lang='lat' dir='ltr'>cuius</span> <span class='ocrx_word' id='word_1_285' title='bbox 1208 2249 1348 2291; x_wconf 90' lang='lat' dir='ltr'>luctus</span> <span class='ocrx_word' id='word_1_286' title='bbox 1382 2253 1457 2291; x_wconf 91' lang='lat' dir='ltr'>aut</span> 
     </span>
     <span class='ocr_line' id='line_1_38' title="bbox 119 2306 1370 2362; baseline 0.001 -14"><span class='ocrx_word' id='word_1_287' title='bbox 119 2306 200 2348; x_wconf 91' lang='lat' dir='ltr'>hoc</span> <span class='ocrx_word' id='word_1_288' title='bbox 231 2307 392 2349; x_wconf 75' lang='lat' dir='ltr'>honore</span> <span class='ocrx_word' id='word_1_289' title='bbox 424 2310 567 2348; x_wconf 88' lang='lat' dir='ltr'>vestro</span> <span class='ocrx_word' id='word_1_290' title='bbox 601 2309 675 2347; x_wconf 88' lang='lat' dir='ltr'>aut</span> <span class='ocrx_word' id='word_1_291' title='bbox 706 2307 824 2348; x_wconf 91' lang='lat' dir='ltr'>nullo</span> <span class='ocrx_word' id='word_1_292' title='bbox 857 2307 1016 2349; x_wconf 88' lang='lat' dir='ltr'>solacio</span> <span class='ocrx_word' id='word_1_293' title='bbox 1049 2307 1180 2349; x_wconf 84' lang='lat' dir='ltr'>levari</span> <span class='ocrx_word' id='word_1_294' title='bbox 1212 2310 1370 2362; x_wconf 89' lang='lat' dir='ltr'>potest.</span> 
     </span>
    </p>
   </div>
  </div>
 </body>
</html>
