1671 2543
535 70 635 106 CAP.
666 75 724 114 11,
754 75 796 106 12
822 74 842 114 ς
868 76 1016 108 26—30.
1365 75 1450 116 533

111 178 237 220 bellis
288 178 494 220 confectis
544 179 688 221 decem
738 180 893 235 legatis
942 181 1136 235 permitti
1179 181 1290 223 solet
1333 197 1450 224 more

112 237 342 292 maiorum,
385 251 521 292 neque
559 237 648 278 ulla
685 239 858 280 omnino
898 254 922 280 a
959 242 1109 281 senatu
1149 240 1347 281 mandata
1385 256 1448 283 ac-

112 296 314 351 cepimus.
377 294 492 344 Quae
531 310 627 337 cum
665 311 792 352 agam
827 297 872 339 in
912 298 1090 340 consilio
1121 299 1268 354 nullis,
1306 302 1355 340 ut
1386 314 1447 340 ar—

111 355 262 409 bitror,
282 354 632 410 repugnantibus,
650 370 791 398 nonne
806 357 1080 398 metuendum
1093 360 1171 412 est,
1195 372 1248 399 ne
1261 357 1448 412 inperita

75 422 91 448 5
111 414 300 455 militum
349 413 582 455 multitudo
633 428 710 468 per
754 429 821 456 me
864 430 1013 469 pacem
1057 416 1252 458 distineri
1294 417 1446 471 putet?

110 471 259 514 Facite
296 472 378 514 hoc
419 487 561 514 meum
599 473 825 515 consilium
863 474 1052 530 legiones
1089 489 1221 516 novas
1252 489 1340 516 non
1368 475 1445 516 im·
1460 483 1504 516 29

108 532 292 587 probare
337 529 456 587 (nam
493 530 696 572 Martiam
740 535 783 573 et
826 536 1024 586 quartam
1067 533 1175 575 nihil
1213 533 1446 590 cogitantis

108 593 280 646 praeter
311 590 565 645 dignitatem
597 592 639 631 et
671 590 797 633 decus
831 592 1183 646 comprobaturas
1210 607 1302 634 esse
1329 595 1446 635 certo

109 647 235 715 scio);
279 649 409 703 quid?
454 651 676 690 veteranos
714 664 801 691 non
840 665 1033 692 veremur
1065 650 1183 706 (nam
1220 651 1364 692 timeri
1401 665 1446 693 36

56 718 90 743 10
107 723 160 750 ne
185 707 270 762 ipsi
296 707 466 762 quidem
491 706 672 763 volunt),
699 723 883 773 quonam
910 709 1035 751 modo
1062 710 1275 764 accipiant
1295 709 1447 751 severi—

107 769 244 808 tatem
287 766 455 808 meam‘?
527 765 667 807 Multa
711 767 824 808 enim
869 767 978 808 falsa
1016 768 1065 809 de
1104 783 1170 809 1116
1209 768 1446 819 audierunt,

107 826 244 867 multa
282 826 336 867 ad
373 839 445 867 eos
476 825 663 880 improbi
696 826 958 880 detulerunt,
997 840 1178 880 quorum
1210 828 1445 882 commoda,

105 888 155 926 ut
174 899 250 926 vos
271 884 425 939 optimi
445 886 579 926 testes
600 884 718 939 estis,
738 899 906 939 semper
921 898 1001 940 ego
1017 886 1243 940 sententia,
1264 886 1446 927 auctori-

106 946 208 997 tate,
246 943 440 985 oratione
471 943 657 997 firmavi3
696 943 765 985 sed
801 944 977 985 credunt
1008 944 1235 999 improbis,
1267 945 1446 986 credunt

54 1011 86 1037 1⁵
105 1002 381 1057 turbulentis,
413 1002 590 1043 credunt
623 1001 721 1043 suis.
786 1001 896 1043 Sunt
928 1005 1072 1043 autem
1102 1002 1238 1044 fortes
1264 1003 1329 1043 illi
1356 1003 1445 1057 qui-

105 1061 221 1116 dem,
257 1061 331 1103 sed
367 1063 545 1114 propter
582 1060 833 1101 memoriam
871 1075 1029 1115 rerum,
1075 1075 1179 1117 quas
1218 1064 1445 1117 gesserunt

105 1135 183 1186 pro
226 1119 375 1174 populi
413 1119 597 1160 Romani
640 1119 840 1160 libertate
879 1122 922 1160 et
962 1120 1099 1160 salute
1137 1119 1200 1161 rei
1235 1120 1444 1175 publicae,

103 1179 234 1220 nimis
271 1178 434 1220 feroces
472 1180 516 1219 et
553 1178 605 1218 ad
638 1192 758 1219 suam
790 1178 877 1218 vim
909 1178 1053 1219 omnia
1082 1181 1234 1220 nostra
1264 1179 1444 1221 consilia

104 1239 366 1280 revocantes.
439 1235 606 1277 Horum
655 1250 734 1291 ego
789 1237 1096 1291 cogitationem
1144 1251 1231 1279 non
1281 1252 1442 1292 vereor,
1457 1245 1501 1278 3ο

53 1305 86 1331 20
103 1297 315 1352 impetum
351 1296 620 1350 pertimesco.
681 1295 798 1337 Haec
832 1309 998 1349 quoque
1030 1297 1153 1337 tanta
1183 1296 1375 1350 pericula
1406 1272 1443 1338 si

105 1355 312 1411 effugero,
350 1354 511 1396 satisne
549 1356 693 1395 tutum
730 1354 916 1395 reditum
952 1354 1117 1409 putatis
1149 1354 1271 1396 fore?
1333 1353 1443 1397 Cum

105 1415 219 1456 enim
250 1416 293 1456 et
323 1416 510 1454 vestram
542 1413 846 1454 auctoritatem
877 1427 971 1454 meo
1002 1427 1119 1454 more
1146 1412 1371 1455 defendero
1399 1416 1443 1455 et

105 1487 244 1514 meam
280 1472 408 1513 fidem
444 1472 506 1513 rei
540 1471 736 1525 publicae
769 1471 1139 1526 constantiamque
1171 1471 1442 1527 praestitero,

104 1534 198 1573 tum
236 1533 360 1572 erunt
397 1530 503 1570 mihi
539 1544 626 1571 non
662 1530 693 1570 ii
731 1530 887 1583 solum,
926 1530 999 1584 qui
1030 1544 1097 1570 me
1130 1530 1329 1585 oderunt,
1367 1530 1441 1572 sed

50 1600 84 1625 25
103 1591 167 1632 illi
199 1590 348 1642 etiam,
380 1588 452 1642 qui
482 1588 690 1642 invident,
722 1588 1035 1629 extimescendi.

186 1646 464 1691 Custodiatur
500 1646 634 1701 igitur
670 1647 759 1687 vita
789 1646 819 1699 †
851 1661 945 1687 mea
976 1661 1008 1687 r.
1039 1661 1079 1699 p.
1112 1659 1263 1700 eaque,
1301 1647 1440 1700 quoad

101 1708 169 1750 ‚vel
214 1706 402 1762 dignitas
439 1704 506 1745 vel
545 1707 699 1745 natura
735 1704 943 1758 patietur,
978 1704 1143 1758 patriae
1181 1708 1440 1759 reservetur3

104 1780 219 1808 mors
252 1767 327 1806 aut
357 1763 659 1805 necessitatem
689 1762 847 1803 habeat
878 1762 957 1803 fati
990 1765 1080 1814 aut,
1116 1762 1151 1803 si
1184 1765 1282 1804 ante
1315 1777 1439 1817 oppe-

103 1825 232 1866 tenda
262 1826 339 1877 est,
371 1823 599 1876 oppetatur
631 1835 727 1862 cum
758 1821 906 1876 gloria.
967 1821 1086 1862 Haec
1117 1835 1214 1862 cum
1245 1821 1308 1862 ita
1340 1821 1438 1875 sint,

49 1898 84 1924 so
103 1883 185 1925 etsi
214 1883 325 1924 hanc
356 1880 617 1936 legationem
649 1894 716 1920 res
747 1879 930 1933 publica,
962 1882 1011 1920 ut
1042 1879 1256 1920 levissime
1288 1879 1439 1934 dicam,

101 1956 189 1983 non
219 1940 450 1991 desiderat,
488 1942 648 1992 tamen,
685 1938 722 1979 si
756 1940 851 1979 tuto
883 1938 1032 1979 licebit
1062 1937 1141 1992 ire,
1178 1937 1439 1992 proficiscar.

104 1999 308 2052 Omnino,
349 2000 494 2052 patres
540 1996 788 2050 conscripti,
831 1999 974 2038 totum
1016 1996 1193 2038 huiusce
1236 1996 1298 2037 rei
1342 2010 1438 2037 0011-

103 2058 248 2100 311111111
283 2071 371 2099 11011
407 2070 501 2098 11160
539 2055 747 2109 periculo,
791 2055 862 2095 sed
905 2054 1095 2096 utilitate
1139 2054 1200 2096 rei
1239 2054 1436 2108 publicae

101 2116 267 2158 metiar.
326 2114 391 2156 De
423 2128 507 2169 qua
536 2113 660 2163 1111111,
693 2113 895 2167 quoniam
925 2113 1108 2154 liberum
1139 2115 1206 2154 est
1237 2113 1437 2166 spatium,

49 2192 82 2218 05
101 2175 287 2216 multum
318 2173 450 2215 etiam
481 2175 609 2227 atque
639 2171 768 2213 etiam
794 2171 1148 2212 considerandum
1178 2174 1283 2225 puto
1309 2171 1436 2225 idque

99 2233 376 2288 potissimum
423 2230 681 2284 faciendum,
732 2230 843 2284 quod
893 2230 1075 2270 maxime
1124 2229 1331 2271 interesse
1373 2230 1444 2273 rei,

99 2292 295 2346 publicae
326 2289 527 2332 iudicato.
