1671 2543
186 511 211 553 9

171 805 214 835 21

174 1567 218 1597 22

170 2210 261 2280 lOP

224 107 281 148 90
597 104 689 140 PRO
716 104 765 140 M.
793 103 964 139 CAELIO
991 103 1178 139 ORATIO.

224 229 320 256 rum
337 216 647 256 nocturnorum
667 211 845 253 testium
864 211 1131 266 pertimesco.
1162 211 1246 253 Est
1265 211 1379 253 enim
1392 210 1555 253 dietum

225 273 278 314 ab
305 273 391 314 illis
417 272 520 325 fore,
547 271 620 325 qui
646 271 835 312 dicerent
860 284 1013 312 uxores
1040 284 1138 312 suas
1165 284 1190 311 a
1215 284 1319 312 cena
1337 269 1554 311 redeuntis

226 333 480 372 attrectatas
512 344 604 370 esse
637 343 662 370 a
687 327 843 370 Caelio.
907 327 1067 370 Graves
1094 331 1218 370 erunt
1242 327 1449 382 homines,
1482 327 1555 382 qui

224 390 307 432 1100
343 388 474 430 iurati
511 388 649 429 dicere
688 387 921 441 audebunt,
960 401 1055 429 011111
1093 387 1151 428 sit
1181 387 1234 428 iis
1267 386 1555 428 confitendum

225 462 460 502 numquam
491 461 535 487 se
565 460 618 487 ne
651 459 885 500 congressu
917 445 1087 499 quidem
1120 448 1163 486 et
1194 445 1432 486 constituto
1465 459 1554 486 eoe-

225 507 340 561 pisse
383 506 433 546 de
475 504 608 545 tantis
652 504 820 544 iniuriis
859 504 1052 557 experiri.
1121 502 1203 545 Sed
1239 506 1381 545 totum
1421 517 1555 558 genus

227 563 560 619 oppugnationis
586 562 725 615 huius,
750 562 923 615 iudices,
949 565 992 603 et
1016 562 1102 603 iam
1127 561 1374 616 prospicitis
1401 561 1555 602 animis

227 626 286 677 et,
331 637 427 663 011111
463 621 690 674 inferetur,
732 620 984 674 propulsare
1021 620 1243 662 debebitis.
1304 619 1403 662 Non
1442 620 1556 661 enim

228 682 280 722 ab
305 681 441 722 isdem
472 682 698 721 accusatur
723 678 779 719 M.
806 678 988 733 Caelius,
1020 693 1046 720 a
1076 679 1231 733 quibus
1265 681 1556 733 oppugnatur3

227 739 369 794 palam
406 739 451 779 in
488 753 584 778 eum
621 737 709 778 tela
745 737 977 791 iaciuntur,
1015 737 1125 779 elam
1163 737 1556 779 subministrantur.

231 797 380 852 Neque
412 797 455 837 id
487 810 566 851 ego
599 796 711 849 dico,
748 798 797 837 ut
827 796 1084 837 invidiosum
1115 796 1173 837 sit
1203 796 1249 837 in
1279 809 1370 849 eos,
1402 795 1556 849 quibus

228 856 464 911 gloriosum
508 855 639 895 etiam
675 854 756 895 1100
795 868 886 896 esse
924 854 1066 895 debet:
1111 853 1367 909 Funguntur
1403 853 1557 907 officio,

228 914 459 955 defendunt
496 928 613 966 suos,
651 912 833 966 faciunt,
872 913 983 966 quod
1015 912 1096 953 viri
1127 912 1368 953 fortissumi
1399 911 1558 965 solent3

227 972 333 1014 laesi
371 972 534 1025 dolent,
571 971 671 1012 irati
703 971 952 1024 efferuntur,
988 974 1183 1025 pugnant
1213 970 1414 1012 lacessiti.
1476 968 1558 1011 Sed

228 1033 394 1072 vestrae
433 1030 667 1084 sapientiae
705 1032 851 1070 tamen
887 1032 970 1082 est,
1007 1029 1184 1082 iudices,
1221 1043 1325 1082 non,
1363 1028 1400 1070 si
1431 1042 1559 1070 eausa

228 1090 343 1130 iusta
375 1091 442 1130 est
472 1088 575 1129 viris
607 1088 794 1129 fortibus
828 1088 1103 1143 oppugnandi
1134 1087 1190 1129 M.
1225 1087 1432 1141 Caelium,
1462 1086 1557 1128 ideo

229 1148 350 1189 vobis
390 1161 559 1201 quoque
596 1161 672 1187 vos
711 1160 882 1187 eausam
920 1149 1072 1200 putare
1104 1161 1197 1187 esse
1228 1146 1388 1187 iustam
1420 1145 1558 1186 alieno

229 1206 367 1247 dolori
397 1205 542 1259 potius
570 1219 697 1258 quam
723 1206 890 1245 vestrae
916 1205 1014 1245 fidei
1041 1204 1298 1246 consulendi.
1360 1203 1476 1252 Quae
1502 1203 1560 1244 sit

230 1264 461 1305 multitudo
505 1263 551 1303 in
587 1262 698 1316 foro,
743 1277 849 1316 quae
887 1276 1060 1317 genera,
1105 1277 1211 1317 quae
1249 1262 1407 1316 studia,
1452 1275 1558 1316 quae

229 1322 415 1364 varietas
470 1321 711 1374 hominum,
767 1321 932 1361 videtis.
1011 1320 1076 1361 Ex
1131 1321 1210 1362 hae
1261 1320 1383 1374 eopia
1432 1334 1560 1374 quam

231 1380 391 1422 multos
434 1393 526 1420 esse
570 1379 859 1432 arbitramini,
903 1378 974 1433 qui
1012 1378 1259 1420 hominibus
1297 1378 1560 1432 potentibus,

232 1438 453 1494 gratiosis,
490 1437 678 1490 disertis,
717 1451 812 1478 eum
851 1437 1010 1491 aliquid
1043 1451 1115 1478 eos
1147 1437 1254 1478 velle
1286 1437 1560 1490 arbitrentur,

231 1497 346 1538 ultro
380 1510 424 1537 se
457 1495 606 1537 offerre
639 1495 823 1549 soleant,
856 1510 1029 1549 operam
1059 1510 1233 1549 navare,
1265 1495 1561 1536 testimonium

233 1554 455 1609 polliceri?
522 1553 616 1595 Hoc
656 1568 706 1594 ex
737 1567 890 1608 genere
922 1554 959 1594 si
991 1554 1063 1607 qui
1095 1568 1139 1595 se
1170 1554 1215 1595 in
1245 1553 1327 1594 1100
1357 1553 1561 1594 iudicium

233 1614 344 1655 forte
375 1612 644 1666 proiecerint,
677 1612 935 1653 excluditote
962 1626 1109 1653 eorum
1135 1612 1426 1666 cupiditatem,
1456 1611 1561 1652 iudi-

234 1686 314 1725 ceS,
341 1671 551 1725 sapientia
575 1673 730 1724 vestra,
755 1673 804 1711 ut
829 1670 977 1712 eodem
1003 1673 1195 1725 tempore
1221 1673 1264 1711 et
1283 1670 1410 1711 huius
1432 1669 1561 1711 saluti

234 1732 277 1771 et
320 1729 518 1784 religioni
562 1731 728 1770 vestiae
773 1730 817 1769 et
854 1731 1003 1770 eontra
1040 1729 1301 1782 periculosas
1338 1728 1562 1770 hominum

233 1788 450 1853 potentias
490 1786 730 1828 condicioni
768 1787 958 1828 omnium
996 1787 1152 1828 eivium
1183 1786 1420 1841 providisse
1452 1786 1562 1827 vide-

235 1846 376 1887 amini.
437 1845 649 1899 Equidem
679 1860 755 1886 vos
783 1846 989 1887 abducam
1016 1860 1040 1886 a
1065 1846 1249 1887 testibus
1274 1859 1410 1899 neque
1435 1844 1561 1886 huius

234 1904 380 1946 iudicii
411 1904 655 1957 veritatem,
688 1918 795 1958 quae
827 1904 987 1944 mutari
1017 1904 1134 1945 nullo
1167 1904 1293 1945 modo
1324 1905 1486 1957 potest,
1517 1903 1563 1944 in

234 1963 456 2004 voluntate
476 1962 654 2003 testium
674 1962 888 2004 conlocari
909 1963 1058 2015 sinam,
1084 1976 1191 2017 quae
1210 1961 1425 2003 facillume
1445 1961 1562 2016 fingi,

234 2021 352 2062 nullo
378 2020 553 2076 negotio
579 2020 695 2061 flecti
721 2035 769 2062 ae
795 2021 1039 2074 detorqueri
1064 2022 1221 2074 potest.
1280 2019 1561 2074 Argumentis

236 2092 430 2133 agemus,
467 2078 602 2133 signis
634 2078 727 2119 luee
760 2079 876 2119 omni
909 2079 1160 2120 clarioribus
1193 2077 1372 2119 erimina
1402 2076 1563 2118 refelle-

236 2151 348 2190 mus3
379 2151 446 2177 res
479 2151 575 2178 eum
601 2151 657 2191 re,
690 2150 817 2177 eausa
843 2152 939 2178 eum
966 2151 1104 2191 eausa,
1136 2136 1247 2177 ratio
1273 2150 1370 2177 011111
1395 2134 1561 2176 ratione

236 2170 457 2249 pugnabit.

296 2229 474 2306 ostaque
511 2253 632 2293 illam
663 2255 829 2307 partem
863 2267 1014 2294 causae
1045 2253 1170 2294 facile
1201 2251 1345 2306 patior
1375 2251 1564 2306 graviter

205 2297 280 2349 3et
330 2312 477 2350 ornate
528 2325 553 2351 a
595 2309 651 2351 M.
697 2309 851 2352 Crasso
901 2313 1146 2365 peroratam
1188 2309 1238 2350 de
1281 2309 1563 2351 seditionibus

1577 749 1611 774 10

1578 1040 1610 1066 15

1579 1333 1613 1358 20

1580 1624 1614 1651 25

1581 1916 1615 1941 30

1581 2207 1615 2233 35
