1671 2543
226 116 310 157 152
471 114 564 149 PRO
590 114 629 150 L.
657 113 903 149 CORNERIO
929 112 1087 149 BALBO
1115 112 1303 149 ORATIO.

222 222 426 278 potestis3
458 223 572 264 dicat
604 236 648 263 se
678 236 767 263 non
796 221 1045 275 imperitum
1074 220 1270 274 foederis,
1301 235 1389 262 non
1416 220 1564 263 rudem

225 282 528 335 exemplorum,
558 295 646 322 non
675 279 1008 334 ignarum'belli
1039 279 1189 334 fuisse3
1221 293 1265 320 se
1294 278 1340 320 P.
1370 278 1564 320 Africani

224 340 481 394 discipulum
519 353 567 380 ac
604 338 803 392 militem,
841 352 884 379 se
917 338 1160 392 stipendiis,
1198 352 1243 379 se
1274 337 1563 393 legationibus

225 398 391 440 bellicis
424 397 638 439 eruditum
665 397 760 449 [se],
793 396 830 437 si
855 399 978 437 tanta
1002 397 1116 438 bella
1141 396 1372 451 attigisset,
1405 398 1564 450 quanta

225 457 361 512 gessit
387 460 423 497 et
447 455 642 508 confecit,
674 455 710 496 si
736 457 804 496 tot
829 455 1075 497 consulibus
1100 455 1339 508 meruisset,
1365 454 1562 508 quotiens
1595 463 1613 489 5

225 516 317 569 ipse
350 515 497 556 consul
529 513 624 567 fuit,
657 513 801 554 omnia
830 514 924 554 iura
954 514 1057 554 belli
1088 513 1328 568 perdiscere
1361 527 1409 554 ac
1439 526 1565 553 nosse

225 573 436 628 potuisse3
474 573 557 614 sibi
594 587 682 613 non
715 572 848 613 fuisse
881 572 1075 626 dubium,
1113 572 1216 626 quin
1245 571 1365 613 nullo
1397 571 1565 612 foedere

226 647 252 673 a
276 647 320 673 re
346 631 518 686 publica
537 631 644 672 bene
665 631 852 686 gerenda
870 631 1166 685 impediretur3
1193 645 1217 671 a
1237 645 1281 671 se
1302 645 1352 671 ex
1372 630 1566 671 coniunc-

227 690 395 731 tissima
421 693 549 743 atque
576 689 836 731 amicissima
859 690 1033 731 civitate
1052 689 1337 730 fortissimum
1357 702 1565 742 quemque

227 763 319 790 esse
358 749 585 802 delectum3
624 762 762 802 neque
800 748 1094 803 Iguvinatium
1128 761 1265 801 neque
1304 746 1566 789 Camertium
1586 758 1620 783 10

226 805 395 848 foedere
441 821 533 847 esse
572 809 814 860 exceptum,
859 821 942 860 quo
980 806 1120 847 minus
1159 820 1305 847 eorum
1343 805 1505 846 civibus
1543 819 1568 845 a

156 855 208 895 21
227 866 385 919 populo
411 865 606 906 Romano
633 865 825 919 praemia
848 865 1022 906 virtutis
1049 865 1352 905 tribuerentur.
1402 862 1567 917 Itaque,

167 914 212 945 48
228 938 324 965 cum
355 924 502 978 paucis
536 924 657 964 annis
683 926 783 978 post
806 923 917 965 hanc
944 923 1130 964 civitatis
1157 922 1431 964 donationem
1456 936 1569 963 acer-

227 997 349 1023 ruma
368 983 417 1023 de
439 982 613 1024 civitate
635 982 830 1036 quaestio
850 981 1017 1023 Licinia
1036 984 1078 1022 et
1095 981 1237 1022 Mucia
1255 981 1350 1036 lege
1369 980 1568 1034 venisset,

226 1056 329 1082 num
368 1041 463 1095 quis
501 1055 666 1094 eorum,
705 1041 865 1095 quide
903 1040 1131 1082 foederatis
1170 1039 1416 1081 civitatibus
1455 1041 1568 1080 esset
1587 1049 1620 1075 15

228 1099 402 1141 civitate
429 1100 624 1151 donatus,
648 1099 694 1140 in
717 1099 922 1140 iudicium
948 1101 1014 1140 est
1038 1098 1245 1140 vocatus?
1289 1097 1403 1139 Nam
1425 1096 1568 1152 Spole-

228 1158 345 1199 tinus
371 1158 416 1198 T.
443 1157 674 1198 Matrinius
699 1172 810 1198 unus
837 1173 887 1198 ex
911 1157 977 1211 iis,
1005 1171 1111 1211 quos
1135 1156 1179 1199 C.
1205 1156 1367 1198 Marius
1394 1156 1568 1198 civitate

229 1217 447 1270 donasset,
491 1216 599 1256 dixit
644 1230 816 1257 causam
853 1231 904 1256 ex
941 1216 1109 1256 colonia
1145 1214 1300 1256 Latina
1336 1215 1382 1256 in
1417 1214 1568 1269 primis

229 1275 353 1315 firma
384 1277 427 1315 et
458 1274 643 1315 inlustri.
706 1274 842 1322 Quem
874 1289 969 1315 cum
1001 1274 1185 1315 disertus
1213 1273 1342 1314 homo
1368 1272 1415 1314 L.
1446 1273 1569 1313 Anti-

230 1333 339 1374 stius
366 1335 597 1386 accusaret,
621 1347 709 1373 non
735 1333 842 1373 dixit
867 1332 1045 1372 fundum
1069 1331 1338 1386 Spoletinum
1362 1331 1569 1385 populum
1588 1342 1623 1367 20

229 1406 316 1433 non
354 1405 444 1432 esse
482 1390 646 1431 factum
684 1388 875 1445 (videbat
913 1391 1026 1431 enim
1060 1390 1242 1444 populos
1274 1390 1323 1430 de
1356 1404 1433 1430 suo
1465 1389 1569 1443 iure,

227 1464 316 1491 non
346 1449 396 1490 de
427 1452 577 1490 nostro
601 1449 755 1490 fundos
781 1449 874 1490 fieri
898 1447 1065 1504 solere),
1097 1449 1182 1503 sed,
1208 1463 1305 1489 cum
1333 1448 1427 1503 lege
1454 1448 1569 1502 Apu-

229 1507 313 1548 leia
339 1507 530 1548 coloniae
555 1522 643 1549 non
668 1510 810 1548 essent
836 1507 1051 1561 deductae,
1084 1521 1168 1560 qua
1191 1507 1286 1562 lege
1314 1505 1569 1547 Saturninus

231 1564 276 1607 O.
307 1565 444 1607 Mario
477 1566 648 1620 tulerat,
678 1568 728 1606 ut
758 1566 804 1606 in
834 1565 1024 1620 singulas
1058 1565 1247 1606 colonias
1279 1568 1424 1606 ternos
1457 1564 1569 1606 cives

230 1623 448 1665 Romanos
473 1624 612 1666 facere
638 1627 796 1678 posset,
820 1624 1008 1678 negabat
1033 1624 1114 1665 hoc
1139 1623 1393 1664 beneficium
1413 1637 1457 1664 re
1477 1623 1570 1677 ipsa
1589 1633 1623 1659 25

171 1691 216 1721 49
232 1683 403 1723 sublata
439 1683 580 1724 valere
618 1683 782 1724 debere.
843 1681 965 1723 Nihil
998 1682 1130 1723 habet
1161 1681 1454 1723 similitudinis
1485 1682 1570 1722 ista

231 1741 467 1793 accusatio3
496 1741 569 1782 sed
594 1744 739 1782 tamen
763 1743 885 1782 tanta
911 1741 1144 1782 auctoritas
1170 1741 1216 1781 in
1241 1739 1285 1782 C.
1311 1739 1449 1781 Mario
1475 1739 1570 1794 fuit,

230 1802 280 1840 ut
304 1814 391 1840 non
414 1814 490 1853 per
511 1799 558 1841 L.
585 1798 798 1853 Crassum,
824 1800 1007 1840 adfinem
1035 1814 1171 1853 suum,
1195 1798 1413 1840 hominem
1438 1798 1571 1839 incre-

231 1858 353 1899 dibili
385 1858 642 1912 eloquentia,
674 1859 746 1899 sed
777 1858 924 1912 paucis
955 1858 1046 1912 ipse
1077 1857 1219 1898 verbis
1252 1871 1423 1898 causam
1450 1856 1570 1898 illam

232 1917 443 1971 gravitate
476 1931 553 1957 sua
577 1916 814 1957 defenderit
839 1919 882 1957 et
906 1916 1113 1970 probarit.
1177 1915 1280 1964 Quis
1307 1915 1420 1955 enim
1446 1918 1569 1969 esset,
1589 1924 1624 1950 30

231 1975 403 2029 iudices,
436 1975 508 2028 qui
540 1975 873 2029 imperatoribus
904 1975 1065 2016 nostris
1096 1975 1142 2015 in
1166 1974 1293 2025 bello,
1324 1973 1369 2014 in
1393 1972 1494 2027 acie,
1525 1973 1571 2014 in

233 2033 420 2074 exercitu
452 2033 657 2074 dilectum
684 2034 870 2087 virtutis,
902 2033 974 2087 qui
1001 2033 1140 2086 sociis,
1173 2032 1246 2086 qui
1270 2031 1499 2072 foederatis
1525 2031 1571 2071 in

232 2091 493 2132 defendenda
529 2106 574 2132 re
611 2092 783 2146 publica
812 2095 963 2133 nostra
993 2106 1113 2146 spem
1143 2089 1430 2144 praemiorum
1462 2089 1569 2142 eripi

231 2150 389 2190 vellet?
447 2149 608 2199 Quodsi
638 2150 783 2191 vultus
810 2149 855 2192 C.
886 2149 1008 2204 Mari,
1041 2150 1077 2191 si
1105 2163 1198 2202 vox,
1230 2148 1266 2189 si
1291 2148 1363 2188 ille
1389 2147 1568 2200 impera-

231 2208 368 2248 torius
401 2208 527 2249 ardor
559 2208 795 2262 oculorum,
832 2208 869 2249 si
900 2210 1091 2249 recentes
1123 2205 1348 2259 triumphi,
1383 2205 1421 2246 si
1450 2220 1568 2259 prae·
1588 2215 1622 2241 35

232 2279 327 2306 sens
371 2266 506 2306 valuit
550 2269 764 2320 aspectus,
810 2267 952 2307 valeat
995 2265 1246 2318 auctoritas,
1289 2263 1460 2304 valeant
1501 2277 1568 2304 res

232 2326 390 2377 gestae,
422 2324 563 2364 valeat
594 2325 811 2379 memoria,
843 2325 984 2366 valeat
1014 2323 1240 2365 fortissimi
1272 2324 1314 2362 et
1340 2321 1567 2363 clarissimi
