1671 2543
189 88 246 131 72
358 89 411 124 IN
436 89 475 125 P.
501 87 742 124 VATINIUM
768 87 960 123 TESTEM
984 87 1358 124 INTERROGATIO.

132 199 174 231 18
187 199 404 239 servatum
443 211 535 238 esse
576 197 626 238 de
666 196 794 238 caelo.
857 195 993 237 Simul
1031 196 1161 237 etiam
1191 196 1298 237 illud
1329 196 1426 238 volo
1456 197 1520 238 uti

146 981 172 1023 8

130 1040 173 1073 19

187 257 456 310 respondeas,
489 270 584 297 611111
615 258 658 296 136
690 254 865 296 tribuno
887 255 953 309 .pl.
987 257 1099 297 esset
1130 255 1260 296 etiam
1289 257 1383 296 tum
1406 255 1452 296 111
1475 269 1520 296 re

186 315 361 369 publica
394 315 462 355 lex
493 313 617 355 Aelia
648 315 691 354 et
721 312 861 367 Fufia,
900 327 1006 370 quae
1038 314 1155 368 leges
1188 327 1313 367 saepe
1343 327 1519 354 numero

187 373 441 414 tribunicios
478 372 644 414 furores
682 371 962 412 debilitarunt
993 374 1035 413 et
1065 374 1379 426 represserunt,
1417 385 1520 426 quas

189 434 338 473 contra
376 433 546 486 praeter
582 433 624 472 te
661 445 786 471 nemo
824 445 1028 484 umquam
1066 433 1132 471 est
1167 430 1307 472 facere
1345 433 1521 472 conatus
1558 445 1575 472 5

190 489 316 545 (quae
355 490 525 544 quidem
562 489 679 543 leges
717 503 827 530 anno
864 492 964 543 post
1001 488 1246 530 sedentibus
1283 489 1329 530 111
1360 489 1521 543 templo

188 549 354 590 duobus
390 563 478 589 non
515 547 780 600 consulibus,
821 548 893 589 sed
930 548 1222 602 proditoribus
1258 547 1385 589 huius
1423 548 1521 589 civi-

188 608 291 648 tatis
317 621 365 648 ac
392 606 585 660 pestibus
610 620 696 646 una
722 620 818 647 cum
844 606 1057 660 auspiciis,
1090 620 1186 647 cum
1211 606 1523 648 intercessioni-

188 666 280 719 bus,
307 680 403 707 cum
430 665 546 706 omni
572 665 663 705 iure
682 664 856 719 publico
877 663 1279 720 conflagraverunt),
1305 665 1521 719 ecquando

188 724 399 765 dubitaris
438 726 587 765 contra
623 737 694 764 eas
734 724 851 778 leges
889 737 986 764 cum
1023 723 1147 777 plebe
1185 737 1310 778 agere
1349 726 1392 765 et
1429 738 1523 765 con-
1544 739 1578 764 10

189 783 337 824 cilium
369 796 620 836 convocare3
651 796 755 822 num
787 796 913 835 quem
945 796 996 823 ex
1022 782 1220 823 omnibus
1246 781 1431 824 tribunis
1456 782 1525 836 pl,

189 841 446 894 quicumque
491 840 683 881 seditiosi
726 839 916 893 fuerunt,
962 842 1052 881 tam
1096 841 1298 882 audacem
1341 840 1526 881 audieris

187 899 331 952 fuisse,
368 902 417 939 ut
454 913 659 953 umquam
697 901 846 940 contra
880 899 1021 954 legem
1053 899 1222 940 Aeliam
1254 901 1328 940 aut
1358 898 1527 940 Fufiam

189 958 419 999 concilium
451 958 687 998 advocaret.

277 1016 445 1065 Quaero
471 1016 578 1057 illud
605 1016 735 1056 etiam
761 1031 812 1056 ex
838 1018 892 1070 te,
919 1019 1151 1058 conatusne
1179 1017 1249 1070 sis,
1274 1016 1526 1070 voluerisne,
1548 1030 1582 1057 15

187 1074 367 1128 denique
400 1074 605 1129 cogitaris
639 1072 723 1129 (est
754 1074 866 1115 enim
898 1089 965 1116 res
997 1075 1088 1116 eius
1120 1075 1254 1129 modi,
1284 1078 1344 1129 ut,
1376 1075 1413 1117 si
1445 1074 1528 1116 tibi

187 1132 232 1174 in
262 1135 450 1174 mentem
482 1133 608 1173 modo
638 1132 765 1186 venit,
796 1147 921 1174 nemo
952 1133 1019 1187 sit,
1052 1133 1125 1187 qui
1151 1136 1193 1174 te
1218 1134 1307 1175 ullo
1335 1133 1528 1176 cruciatu

188 1205 280 1232 esse
317 1191 542 1245 indignum
572 1190 714 1245 putet)
749 1191 1007 1245 cogitarisne
1039 1192 1084 1232 in
1115 1192 1189 1233 illo
1222 1194 1296 1234 tuo
1328 1192 1528 1233 intolera-

187 1249 268 1290 bili
303 1264 392 1290 non
429 1262 561 1303 regno
601 1247 719 1303 (nam
752 1249 869 1302 cupis
902 1250 945 1290 id
977 1248 1158 1304 audire),
1197 1250 1270 1291 sed
1300 1250 1527 1292 latrocinio

189 1321 326 1362 augur
368 1307 462 1347 fieri
505 1307 551 1347 in
589 1306 636 1356 Q.
674 1306 840 1348 Metelli
878 1308 1037 1361 locum,
1080 1311 1147 1361 ut,
1191 1308 1448 1362 quicumque
1484 1311 1527 1349 te
1548 1323 1582 1348 20

190 1365 445 1420 aspexisset,
483 1365 696 1418 duplicem
734 1365 926 1406 dolorem
964 1366 1256 1421 gemitumque
1293 1367 1530 1421 susciperet

191 1426 234 1464 et
277 1438 328 1464 ex
372 1423 580 1464 desiderio
625 1424 852 1465 clarissimi
896 1427 939 1465 et
982 1425 1209 1466 fortissimi
1254 1425 1358 1466 civis
1401 1427 1445 1467 et
1478 1439 1529 1466 ex

189 1482 352 1523 honore
402 1481 642 1535 turpissimi
689 1485 818 1535 atque
862 1482 1193 1536 improbissimi3
1241 1484 1399 1525 adeone
1442 1498 1530 1525 11011

190 1539 495 1581 labefactatam
526 1554 617 1580 rem
648 1541 865 1594 publicam
890 1543 932 1582 te
958 1541 1133 1583 tribuno
1160 1556 1297 1596 neque
1324 1556 1528 1596 conquas-

193 1600 331 1638 satam
369 1598 604 1652 civitatem,
643 1599 716 1639 sed
754 1602 922 1653 captam
953 1600 1063 1641 lianc
1094 1601 1246 1641 urbem
1278 1603 1405 1654 atque
1436 1615 1529 1655 per-
1547 1615 1582 1642 25

191 1670 359 1697 versam
390 1657 568 1710 putaris,
599 1660 648 1697 ut
678 1671 883 1712 augurem
911 1657 1133 1699 Vatinium
1158 1658 1268 1700 ferre
1294 1673 1529 1713 possemus.

133 1717 178 1748 20
192 1714 288 1756 Hoc
319 1715 414 1755 1060
448 1729 623 1768 quaero,
656 1716 704 1769 si,
736 1716 779 1757 id
812 1717 924 1770 quod
956 1717 1243 1771 concupieras,
1276 1731 1413 1772 augur
1442 1717 1528 1761 fac-

132 2301 174 2361 εἰ

189 1775 260 1814 tus
299 1786 413 1814 esses
453 1773 516 1827 (in
555 1788 638 1827 qua
669 1776 744 1814 tua
776 1775 1038 1829 cogitatione
1069 1790 1165 1830 nos,
1204 1775 1278 1830 qui
1310 1778 1352 1816 te
1385 1776 1531 1817 odera—v

190 1845 303 1885 mus,
338 1831 410 1872 vix
441 1831 633 1873 dolorem
664 1832 923 1887 ferebamus,
954 1834 1019 1874 illi
1051 1836 1213 1888 autem,
1245 1834 1402 1888 quibus
1434 1848 1528 1875 eras

189 1905 235 1930 111
254 1889 429 1943 deliciis,
454 1890 525 1931 vix
545 1890 679 1931 risum
699 1891 940 1946 tenebant)3
967 1892 1040 1933 sed
1061 1907 1231 1946 quaero,
1257 1892 1294 1934 si
1314 1892 1367 1933 ad
1387 1895 1529 1934 cetera
1547 1908 1581 1933 30

190 1947 376 2002 volnera,
403 1948 558 2001 quibus
584 1963 675 1989 rem
700 1950 918 2003 publicam
943 1951 1107 2004 putasti
1128 1951 1271 2004 deleri,
1296 1951 1407 1992 hanc
1427 1965 1528 2005 quo-

192 2020 272 2058 que
293 2006 560 2047 mortiferam
579 2007 753 2062 plagam
773 2008 1002 2050 inflixisses
1025 2011 1259 2064 auguratus
1279 2009 1355 2062 tui,
1381 2011 1528 2049 utrum

190 2063 438 2105 decreturus
475 2064 628 2119 fueris,
666 2066 709 2107 id
748 2067 860 2120 quod
899 2081 1081 2122 augures
1119 2081 1264 2109 omnes
1303 2081 1437 2120 usque
1472 2067 1526 2107 ab

190 2120 376 2163 Romulo
418 2123 710 2177 decreverunt,
754 2124 854 2166 Iove
891 2125 1083 2180 fulgente
1122 2139 1218 2167 cum
1256 2125 1415 2179 populo
1454 2124 1525 2179 agi

190 2179 310 2221 nefas
347 2195 455 2234 esse,
493 2195 563 2235 an,
603 2182 704 2235 quia
740 2185 788 2223 tu
826 2197 992 2238 semper
1026 2184 1088 2225 sic
1120 2183 1298 2238 egisses,
1336 2182 1526 2237 auspicia
1544 2198 1579 2225 35

190 2236 321 2278 fueris
354 2253 490 2293 augur
521 2239 818 2282 dissoluturus.

278 2295 343 2337 Ac
378 2310 430 2337 116
468 2297 628 2339 diutius
666 2298 818 2353 loquar
855 2300 905 2340 de
944 2303 1155 2356 auguratu
1186 2302 1261 2341 tuo
1300 2297 1433 2354 (quod
1465 2299 1525 2341 in-
