1671 2543
579 95 680 131 CAP.
709 101 798 131 1—2
825 101 844 139 ς
873 101 973 132 1-3.
1369 99 1452 139 115

102 203 240 257 801118,
282 206 396 245 certe
433 203 735 259 ignosceretis3
774 203 944 246 etiamsi
982 205 1111 259 paulo
1150 205 1292 247 minus
1329 206 1450 247 utilis

102 262 225 304 vobis
252 262 469 304 sententia
492 263 721 317 videretur,
747 264 917 305 veniam
937 266 1083 304 tamen
1103 264 1293 318 aliquam
1313 265 1451 306 dolori

102 335 197 362 meo
236 321 498 362 tribueretis.
565 321 692 363 Nunc
730 337 848 375 vero,
888 325 1034 377 patres
1074 323 1327 377 conscripti,
1363 338 1452 365 non

101 394 234 434 parva
278 380 454 421 adficior
495 380 738 435 voluptate,
781 382 849 422 vel
894 381 1008 435 quod
1047 381 1130 423 hoc
1167 382 1351 423 maxime
1389 382 1451 423 rei

64 447 82 474 5
100 439 298 493 publicae
331 439 542 493 conducit,
576 438 746 494 Syriam
777 439 1156 494 Macedoniamque
1189 441 1372 495 decerni,
1402 444 1452 482 ut

101 498 224 539 dolor
261 512 381 539 meus
418 498 527 539 nihil
566 513 591 539 a
628 499 844 540 communi
880 499 1072 540 utilitate
1111 499 1351 553 dissentiat,
1383 500 1451 540 vel

101 556 215 610 quod
246 556 385 597 habeo
419 559 638 598 auctorem
670 556 715 598 P.
749 557 990 611 Servilium,
1024 559 1097 612 qui
1130 561 1229 600 ante
1259 573 1326 599 me
1360 573 1451 599 sen-

100 615 282 656 tentiam
312 615 431 669 dixit,
463 615 603 657 virum
631 616 917 657 clarissimum
944 621 986 657 et
1013 632 1109 658 cum
1134 618 1180 658 in
1205 618 1450 658 universam

100 688 190 715 rem
222 674 452 728 publicam,
484 676 578 715 tum
611 675 742 716 etiam
775 690 876 730 erga
906 690 1047 717 meam
1079 676 1263 717 salutem
1292 676 1373 717 fide
1401 691 1450 717 ac

47 742 81 768 ἑο
99 733 391 774 benivolentia
429 733 649 788 singulari.
714 734 876 783 Quodsi
911 735 982 775 ille
1015 737 1058 775 et
1088 735 1217 789 paulo
1250 738 1368 788 ante,
1406 738 1483 776 et2

101 791 485 846 quotienscumque
536 792 574 833 ei
623 792 743 833 locus
795 793 961 834 dicendi
1011 808 1060 834 ac
1108 796 1304 848 potestas
1352 793 1449 848 fuit,

102 849 334 892 Gabinium
372 854 416 891 et
453 850 672 905 Pisonem,
711 852 793 892 duo
831 852 894 893 rei
930 852 1128 906 publicae
1166 855 1369 906 portenta
1401 867 1450 893 ac

99 924 233 964 paene
264 909 432 962 funera,
465 924 561 950 cum
591 913 771 964 propter
803 910 908 951 alias
943 925 1105 964 causas,
1140 914 1233 952 tum
1264 911 1449 952 maxime

99 971 278 1022 propter
314 968 422 1008 illud
459 968 628 1023 insigne
667 969 806 1010 scelus
839 984 987 1010 eorum
1020 972 1063 1010 et
1093 970 1373 1023 inportunam
1404 970 1451 1010 in

47 1036 80 1061 15
100 1042 167 1068 me
207 1027 506 1068 crudelitatem
536 1042 625 1068 non
656 1028 797 1069 solum
830 1028 1045 1069 sententia
1077 1043 1171 1081 sua,
1211 1029 1285 1070 sed
1317 1028 1450 1069 etiam

100 1086 330 1127 verborum
374 1086 589 1140 gravitate
638 1100 730 1128 6886
773 1088 988 1128 notandos
1027 1087 1216 1141 putavit,
1263 1101 1450 1140 quonam

99 1159 166 1186 me
199 1144 342 1185 animo
375 1144 420 1185 in
453 1159 524 1186 608
558 1159 650 1186 6886
684 1148 868 1200 oportet,
904 1146 1023 1186 cuius
1055 1146 1121 1186 illi
1154 1146 1338 1187 salutem
1369 1161 1448 1199 pro

98 1203 279 1258 pignore
330 1203 600 1244 tradiderunt
643 1204 696 1245 ad
740 1204 970 1258 explendas
1015 1219 1114 1245 suas
1159 1204 1449 1258 cupiditates?

101 1261 183 1303 Sed
222 1275 301 1316 ego
339 1262 386 1302 in
420 1261 501 1303 hac
539 1262 756 1303 sententia
790 1263 967 1304 dicenda
997 1277 1085 1304 non
1116 1263 1275 1317 parebo
1310 1263 1449 1304 dolori

45 1330 80 1356 ‘2⁰
99 1335 206 1374 meo,
227 1335 316 1362 non
334 1320 578 1362 iracundiae
600 1321 795 1362 serviam.
859 1321 952 1370 Quo
974 1322 1116 1362 animo
1136 1336 1246 1363 unus
1268 1322 1448 1375 quisque

98 1383 291 1420 vestrum
317 1379 443 1420 debet
469 1393 561 1420 6886
587 1380 632 1421 111
658 1380 769 1433 11108,
795 1380 877 1422 1106
904 1395 995 1435 er03
1019 1380 1299 1434 praecipuum
1324 1380 1449 1421 illum

100 1441 143 1479 et
185 1438 409 1492 proprium
454 1452 627 1479 sensum
671 1439 831 1480 doloris
876 1440 978 1493 mei,
1023 1454 1149 1493 quem
1187 1442 1334 1480 tamen
1370 1453 1447 1480 vos

100 1511 370 1538 communem
402 1511 570 1551 semper
602 1497 724 1538 vobis
757 1512 924 1539 mecum
957 1512 1049 1539 esse
1079 1497 1274 1551 duxistis,
1308 1513 1332 1538 a
1357 1512 1449 1539 sen-

99 1555 237 1596 tentia
268 1555 446 1597 dicenda
477 1556 703 1610 amovebo,
739 1557 792 1597 ad
822 1556 1056 1598 ulciscendi
1089 1560 1285 1610 tempora
1316 1571 1448 1597 reser-

45 1629 79 1655 25
99 1614 221 1655 vabo.

189 1672 404 1721 Quattuor
447 1675 549 1713 sunt
592 1673 855 1727 provinciae,
903 1676 1049 1727 patres
1076 1673 1346 1727 conscripti,
1397 1658 1489 1714 de2

100 1731 256 1785 quibus
289 1730 426 1772 adhuc
457 1731 663 1786 intellego
697 1731 933 1772 sententias
966 1745 1058 1772 esse
1092 1732 1245 1785 dictas,
1280 1719 1481 1773 Galliae3

100 1790 224 1843 duae,
269 1803 374 1843 quas
418 1789 501 1830 hoc
543 1792 737 1843 tempore
777 1805 863 1831 uno
900 1790 1082 1844 imperio
1121 1790 1314 1831 videmus
1353 1804 1446 1831 esse

100 1849 369 1900 coniunctas,
402 1850 444 1888 et
477 1847 602 1901 Syria
633 1851 676 1889 et
707 1847 969 1901 Macedonia,
1002 1862 1107 1902 quas
1139 1849 1263 1889 vobis
1295 1848 1444 1889 invitis

45 1923 80 1948 50
100 1910 143 1947 et
181 1906 398 1960 oppressis
435 1905 631 1960 pestiferi
668 1906 733 1947 illi
771 1906 967 1948 consules
1004 1921 1083 1960 pro
1121 1921 1345 1960 perversae
1383 1907 1445 1947 rei

97 1965 294 2019 publicae
337 1965 540 2019 praemiis
586 1968 912 2018 occupaverunt.
979 1963 1278 2006 Decernendae
1318 1965 1444 2006 nobis

99 2027 200 2065 sunt
231 2024 325 2079 lege
359 2023 614 2077 Sempronia
645 2024 762 2064 duae.
826 2022 937 2072 Quid
969 2026 1047 2076 est,
1083 2023 1196 2078 quod
1227 2023 1443 2077 possimus

100 2086 150 2124 de
180 2081 306 2137 Syria
330 2082 666 2135 Macedoniaque
698 2082 923 2123 dubitare?
967 2081 1111 2136 Mitto,
1138 2082 1252 2136 quod
1279 2096 1349 2123 eas
1381 2082 1444 2122 ita

96 2144 243 2195 partas
274 2141 436 2183 habent
467 2141 510 2194 ii,
543 2141 615 2194 qui
646 2155 758 2182 nunc
791 2141 999 2194 optinent,
1030 2143 1080 2181 ut
1106 2155 1194 2181 non
1220 2143 1319 2181 ante
1346 2141 1443 2181 atti-

44 2215 77 2241 35
97 2200 250 2255 gerint,
272 2214 400 2254 quam
419 2200 533 2240 hunc
554 2199 747 2240 ordinem
761 2199 1097 2253 condemnarint,
1118 2213 1246 2253 quam
1261 2199 1442 2240 auctori-

97 2260 234 2299 tatem
271 2261 460 2300 vestram
498 2273 520 2299 e
559 2258 733 2299 civitate
772 2258 1116 2311 exterminarint,
1155 2271 1283 2311 quam
1314 2257 1442 2299 fidem

96 2316 332 2371 publicam,
376 2331 505 2371 quam
547 2319 799 2371 perpetuam
842 2317 991 2371 populi
1023 2316 1208 2358 Romani
1247 2316 1440 2360 salutem.

1177 2383 1226 2419 8*
