1671 2543
240 119 326 160 100
622 117 716 152 PRO
743 116 791 151 M.
819 115 988 151 CAELIO
1016 116 1203 151 ORATIO.

239 227 286 268 in
310 226 367 267 Μ.
395 225 539 268 Caelio
575 225 732 280 (dicam
765 224 878 266 enim
909 224 996 265 iam
1028 224 1311 266 confidentius
1344 225 1395 266 de
1427 226 1582 268 studiis

239 286 329 326 eius
366 285 580 339 honestis,
619 284 822 338 quoniam
860 283 994 324 audeo
1031 283 1239 337 quaedam
1270 283 1407 325 fretus
1439 287 1585 326 vestra

240 343 454 398 sapientia
501 343 634 384 libere
679 341 891 397 confiteri)
935 342 1056 383 nulla
1099 342 1288 383 luxuries
1334 342 1583 397 reperietur,

238 403 348 444 nulli
380 405 590 455 sumptus,
621 401 788 442 nullum
818 415 887 441 aes
915 401 1112 455 alienum,
1143 401 1264 442 nulla
1288 401 1584 443 conviviorum

240 476 289 503 36
321 461 559 502 lustrorum
591 460 749 501 lubido.
813 458 935 508 Quod
967 459 1139 513 quidem
1170 459 1325 501 vitium
1350 460 1513 501 ventris
1539 463 1583 501 et
1621 479 1638 504 5

240 519 428 575 gurgitis
467 534 553 560 non
588 518 715 559 modo
746 532 834 559 non
864 518 1022 559 minuit
1054 521 1174 559 aetas
1205 518 1472 573 hominibus,
1510 519 1584 560 sed

241 578 373 619 etiam
416 580 558 633 auget.
626 577 808 618 Amores
852 579 998 618 autem
1038 579 1082 618 et
1118 577 1198 618 1136
1237 577 1432 631 deliciae,
1476 592 1584 631 quae

241 639 462 690 vocantur,
496 650 603 690 quae
635 635 825 677 firmiore
858 636 1000 677 animo
1032 636 1239 689 praeditis
1266 636 1427 677 diutius
1455 636 1585 677 mole-

242 698 334 736 stae
371 710 458 736 non
493 695 634 736 solent
666 708 758 735 esse
791 694 976 748 (mature
1009 694 1123 735 enim
1154 697 1199 735 et
1230 695 1427 736 celeriter
1458 695 1585 736 deflo-

242 752 451 809 rescunt),
501 767 737 807 numquam
784 752 898 794 1111116
945 755 1201 807 occupatum
1243 753 1584 807 impeditumque
1605 773 1638 798 10

183 822 228 852 45
242 814 484 854 tenuerunt.
558 811 773 865 Audistis,
827 826 924 853 611111
966 826 1044 865 pro
1090 826 1135 853 86
1178 811 1356 865 diceret,
1403 812 1584 853 audistis

242 874 385 925 antea,
435 886 532 912 cum
579 873 800 912 accusaret
845 869 1114 926 (defendendi
1155 870 1261 912 haec
1305 885 1449 924 631183,
1497 885 1586 912 11011

242 930 456 985 gloriandi
482 928 698 984 eloquor);
724 943 858 984 genus
880 929 1101 982 orationis,
1126 928 1391 983 facultatem,
1417 929 1585 983 copiam

242 988 555 1029 sententiarum
593 991 722 1042 atque
758 988 1003 1041 verborum,
1043 1002 1151 1041 quae
1182 990 1327 1028 vestra
1357 988 1586 1042 prudentia

242 1050 326 1101 est,
369 1047 668 1101 perspexistis,
711 1049 840 1100 atque
883 1047 928 1087 in
972 1060 1020 1087 eo
1061 1061 1147 1087 non
1185 1046 1326 1088 solum
1363 1046 1585 1102 ingenium
1605 1067 1638 1093 15

242 1106 408 1147 elucere
447 1106 537 1146 eius
575 1105 805 1158 videbatis,
844 1105 956 1159 quod
992 1119 1134 1159 saepe,
1173 1105 1342 1146 etiamsi
1373 1105 1587 1146 industria

240 1179 328 1206 non
354 1164 497 1218 alitur,
529 1164 644 1205 valet
673 1166 820 1204 tamen
844 1164 986 1217 ipsum
1012 1164 1100 1204 suis
1126 1164 1303 1217 viribus,
1335 1164 1409 1205 sed
1434 1164 1608 1219 inerat„

240 1223 325 1264 nisi
357 1237 424 1264 me
455 1225 634 1276 propter
664 1222 1001 1263 benivolentiam
1031 1222 1143 1263 forte
1176 1222 1366 1276 fallebat,
1398 1222 1510 1263 ratio
1542 1225 1587 1263 et

241 1282 366 1322 bonis
409 1281 574 1321 artibus
613 1281 816 1322 instituta
853 1283 896 1321 et
934 1295 1035 1321 61113
1072 1283 1115 1322 61
1153 1281 1313 1335 vigiliis
1353 1281 1584 1321 elaborata.

242 1339 379 1393 Atqui
406 1340 574 1393 scitote,
606 1339 777 1393 iudices,
810 1353 880 1379 eas
909 1339 1177 1392 cupiditates,
1205 1353 1311 1393 quae
1339 1339 1586 1380 obiciuntur
1605 1361 1640 1385 20

243 1398 401 1451 Caelio,
428 1401 556 1452 atque
581 1397 687 1438 haec
713 1397 867 1451 studia,
893 1397 943 1438 de
967 1397 1122 1451 quibus
1144 1397 1328 1451 disputo,
1353 1412 1440 1439 non
1459 1397 1585 1438 facile

241 1457 288 1498 in
318 1456 468 1497 eodem
499 1456 672 1497 homine
705 1471 797 1497 esse
828 1470 966 1510 posse.
1027 1455 1143 1496 Fieri
1175 1456 1289 1496 enim
1315 1470 1403 1497 non
1427 1458 1586 1510 potest,

241 1517 292 1556 ut
317 1515 485 1556 animus
510 1515 679 1556 libidini
702 1515 882 1569 deditus,
908 1529 1064 1568 amore,
1090 1514 1310 1568 desiderio,
1337 1514 1586 1568 cupiditate,

244 1588 370 1627 saepe
401 1573 535 1614 nimia
567 1573 701 1627 copia,
732 1573 879 1627 inopia
910 1573 1041 1614 etiam
1071 1588 1159 1614 non
1188 1588 1424 1627 numquam
1454 1573 1586 1627 impe-

243 1632 358 1673 ditus
390 1632 484 1686 ]106,
517 1632 718 1686 quiequid
749 1634 827 1685 681,
859 1631 971 1686 quod
1002 1646 1081 1672 nos
1113 1631 1295 1673 facimus
1323 1632 1370 1672 in
1395 1632 1584 1686 dicendo,
1605 1650 1639 1678 25

242 1706 330 1732 non
360 1691 486 1732 modo
520 1691 697 1745 agendo,
728 1705 876 1731 verum
909 1690 1040 1731 etiam
1073 1691 1303 1745 cogitando
1329 1691 1469 1745 possit
1496 1705 1586 1731 sus-

184 1758 229 1789 46
244 1750 392 1790 tinere.
454 1750 523 1790 An
552 1763 628 1790 vos
661 1749 791 1790 aliam
823 1763 995 1790 causam
1027 1763 1119 1790 esse
1144 1749 1278 1790 ullam
1303 1749 1480 1804 putatis,
1511 1763 1588 1792 cur

242 1809 288 1850 in
313 1808 448 1848 tantis
474 1808 676 1861 praemiis
703 1808 985 1861 eloquentiae,
1011 1811 1135 1848 tanta
1159 1808 1381 1862 voluptate
1407 1808 1586 1863 dicendi,

243 1869 369 1908 tanta
393 1867 528 1919 laude,
559 1869 683 1907 tanta
708 1867 860 1922 gratia,
892 1869 1015 1907 tanto
1041 1867 1203 1908 honore
1230 1869 1321 1907 tam
1347 1867 1435 1907 81111
1459 1867 1585 1921 pauci

245 1940 495 1980 semperque
522 1925 693 1979 fuerint,
720 1925 793 1979 qui
818 1925 864 1966 in
885 1925 968 1967 hoc
988 1925 1134 1966 labore
1153 1926 1405 1966 versentur?
1457 1925 1585 1979 Opte-
1604 1944 1639 1969 30

244 1984 398 2025 rendae
414 1987 514 2024 sunt
530 1998 676 2025 omnes
691 1984 948 2039 voluptates,
963 1984 1241 2038 relinquenda
1251 1983 1394 2025 studia
1405 1984 1585 2026 delecta-

245 2042 389 2096 tionis,
415 2043 552 2095 ludus,
578 2042 710 2093 iocus,
731 2043 985 2096 convivium,
1005 2056 1144 2084 sermo
1164 2056 1298 2096 paene
1319 2045 1385 2082 est
1404 2042 1585 2083 familia-

244 2101 357 2141 rium
389 2101 656 2142 deserendus.
719 2100 861 2149 Quare
892 2101 937 2142 in
967 2101 1049 2142 1106
1081 2114 1234 2156 genere
1260 2100 1383 2141 labor
1409 2100 1585 2142 offendit

244 2158 440 2200 homines
481 2174 506 2200 a
543 2159 771 2213 studioque
809 2159 1012 2213 deterret,
1055 2174 1141 2201 non
1179 2173 1261 2213 quo
1300 2161 1375 2199 aut
1411 2159 1585 2214 ingenia

187 2217 447 2258 47deficiant
485 2220 559 2258 aut
597 2218 792 2259 doctrina
828 2218 1016 2272 puerilis.
1084 2217 1154 2259 An
1190 2217 1277 2270 1116,
1316 2217 1351 2258 81
1386 2231 1478 2259 8686
1509 2218 1639 2261 181135

246 2275 360 2315 vitae
393 2276 642 2329 dedidisset,
677 2276 945 2317 consularem
975 2276 1194 2317 hominem
1226 2275 1454 2317 admodum
1487 2277 1586 2318 adu-

247 2333 410 2374 lescens
437 2334 482 2374 in
507 2334 712 2375 iudicium
735 2335 1004 2376 vocavisset?
1029 2334 1111 2388 hic,
1138 2334 1175 2375 si
1193 2333 1385 2375 laborem
1405 2334 1586 2389 fugeret,
