1671 2543
173 232 195 264 4

867 45 891 57 σθ

210 117 294 159 164
598 116 650 151 IN
674 115 711 150 L.
740 115 954 151 PISONEM
981 114 1173 164 ORATJo.

296 225 391 281 Ego
424 224 630 266 Kalendis
663 223 875 266 Ianuariis
914 226 1110 266 senatum
1149 227 1192 266 et
1230 225 1366 266 bonos
1403 239 1550 267 omnes

208 284 317 339 legis
356 284 550 339 agrariae
585 283 953 337 maximarumque
984 283 1268 338 largitionum
1298 286 1418 325 metu
1447 283 1552 325 libe-

208 343 312 384 ravi.
367 342 463 398 Ego
496 357 649 398 agrum
682 341 959 396 Campanum,
995 342 1032 383 si
1064 342 1197 383 dividi
1226 357 1315 384 non
1346 343 1551 397 oportuit,

210 402 470 455 conservavi,
497 402 534 442 si
555 400 759 454 oportuit,
782 400 1033 442 melioribus
1055 401 1303 442 auctoribus
1324 401 1551 442 reservavi.

209 459 306 516 Ego
338 460 383 501 in
410 459 454 502 C.
480 459 659 500 Rabirio
691 459 997 513 perduellionis
1023 474 1097 501 reo
1123 472 1183 500 XL
1209 459 1332 501 amiis
1359 455 1458 501 ante
1482 474 1550 501 me
1587 472 1605 497 5

210 518 429 560 consulem
468 517 771 572 interpositam
809 520 983 560 senatus
1021 518 1329 560 auctoritatem
1364 519 1551 560 sustinui

212 580 363 619 contra
414 577 622 618 invidiam
671 579 800 631 atque
851 576 1029 618 defendi.
1107 577 1206 632 Ego
1256 577 1551 619 adulescentes

210 636 347 677 bonos
380 638 423 677 et
453 635 607 689 fortes,
643 635 717 676 sed
747 650 848 676 usos
882 650 932 676 ea
962 636 1210 677 condicione
1241 635 1459 691 fortunae,
1491 638 1552 690 ut,

211 694 249 735 si
280 697 423 736 essent
455 694 737 750 magistratus
767 694 923 749 adepti,
955 694 1016 735 rei
1042 695 1239 749 publicae
1266 697 1429 736 statum
1455 709 1552 736 con-

211 752 376 807 vulsuri
399 753 658 807 viderentur,
683 753 789 794 meis
815 753 1066 807 inimicitiis,
1090 754 1211 795 nulla
1237 757 1411 794 senatus
1437 754 1552 794 mala
1573 769 1606 793 10

177 811 355 866 5g1·atia
398 811 674 853 comitiorum
720 811 888 853 ratione
932 812 1111 866 privavi.
1178 812 1274 868 Ego
1314 812 1553 853 Antonium

212 870 423 925 collegam
467 870 668 925 cupidum
710 870 975 925 provinciae,
1020 871 1159 912 multa
1201 886 1248 912 111
1292 885 1337 911 10
1380 871 1554 925 publica

211 928 460 970 molientem
508 928 721 983 patientia
769 931 898 983 atque
949 929 1155 984 obsequio
1201 944 1297 971 meo
1342 930 1553 985 mitigavi.

210 987 307 1042 Ego
346 988 614 1042 provinciam
647 987 833 1029 Galliam
865 990 1039 1029 senatus
1072 989 1332 1030 auctoritate
1364 989 1553 1030 exercitu

212 1049 255 1087 et
279 1046 461 1100 pecunia
485 1046 744 1087 instructam
771 1050 813 1087 et
840 1049 1048 1101 ornatam,
1082 1061 1211 1101 quam
1237 1061 1334 1089 cum
1359 1047 1551 1088 Antonio
1573 1063 1605 1089 15

212 1105 484 1158 commutavi,
512 1105 625 1158 quod
650 1105 712 1146 ita
735 1105 1036 1147 existimabam
1056 1108 1253 1160 tempora
1272 1106 1335 1147 rei
1353 1106 1553 1160 publicae

210 1163 334 1218 ferre,
365 1163 411 1204 in
442 1163 642 1205 contione
669 1163 846 1217 deposui
873 1165 1131 1206 reclamante
1157 1164 1318 1219 populo
1344 1163 1554 1207 Romano.

211 1221 308 1277 Ego
329 1220 375 1263 L.
395 1220 629 1264 Catilinam
657 1222 827 1263 caedem
853 1225 1040 1277 senatus,
1071 1223 1296 1264 interitum
1321 1223 1441 1264 urbis
1465 1237 1555 1264 non

213 1280 411 1334 obscure,
449 1279 524 1321 sed
560 1280 704 1334 palam
741 1281 994 1322 molientem
1029 1281 1174 1336 egredi
1212 1296 1263 1323 ex
1298 1281 1402 1322 urbe
1433 1281 1553 1336 iussi,

211 1341 272 1393 ut,
304 1353 329 1379 a
361 1352 445 1392 (1110
477 1338 647 1393 legibus
678 1353 766 1380 non
795 1342 1056 1394 poteramus,
1089 1340 1312 1381 moenibus
1344 1339 1431 1380 tuti
1460 1354 1552 1381 esse
1573 1357 1607 1381 20

211 1411 448 1451 possemus.
508 1396 605 1452 Ego
644 1397 733 1438 tela
769 1400 959 1439 extremo
997 1412 1143 1440 mense
1182 1398 1430 1440 consulatus
1466 1399 1552 1440 mei

212 1456 381 1497 intenta
404 1455 565 1511 iugulis
593 1455 782 1498 civitatis
810 1456 860 1497 dc
884 1456 1205 1498 coniuratorum
1222 1457 1399 1498 nefariis
1419 1458 1553 1498 mani-

213 1514 294 1555 bus
333 1514 506 1555 extorsi.
561 1514 657 1569 Ego
692 1514 806 1556 faces
839 1515 926 1556 iam
957 1530 1156 1557 accensas
1189 1516 1243 1557 ad
1272 1515 1401 1557 huius
1432 1515 1552 1558 urbis

215 1572 458 1614 incendium
472 1572 786 1627 comprehendi,
800 1573 972 1628 protuli,
987 1574 1183 1615 exstinxi.
1212 1573 1282 1615 Me
1297 1574 1346 1623 Q.
1361 1573 1553 1629 Catulus,

180 1616 199 1646 6
211 1630 412 1686 princeps
430 1630 559 1672 huius
580 1631 740 1673 ordinis
762 1635 804 1672 et
819 1635 968 1674 auctor
981 1633 1144 1687 publici
1159 1633 1340 1688 consilii,
1359 1633 1554 1687 frequen·
1573 1649 1606 1676 25

212 1689 382 1731 tissimo
415 1692 568 1731 senatu
597 1693 820 1744 parentem
850 1691 1017 1745 patriae
1047 1692 1299 1733 nominavit.
1347 1690 1458 1733 Mihi
1482 1691 1554 1734 hic

213 1747 280 1789 vir
311 1747 593 1802 clarissimus,
633 1749 706 1803 qui
736 1752 915 1804 propter
944 1752 987 1791 te
1021 1750 1158 1805 sedet,
1188 1749 1236 1792 L.
1269 1749 1452 1805 Gellius,
1483 1750 1552 1792 his

215 1806 486 1848 audientibus
513 1782 692 1849 civicam
717 1822 922 1850 coronam
947 1808 1092 1849 deberi
1118 1823 1143 1850 a
1167 1823 1213 1850 re
1237 1809 1413 1864 publica
1432 1785 1552 1850 dixit.

213 1864 323 1906 Mihi
354 1867 506 1921 togato
539 1868 712 1907 senatus
743 1881 831 1908 non
855 1869 904 1908 ut
929 1867 1077 1908 multis
1103 1868 1211 1909 bene
1237 1870 1372 1922 gesta,
1405 1868 1479 1909 sed
1503 1869 1553 1909 ut

212 1924 373 1965 nemini
405 1927 659 1966 conservata
689 1939 733 1966 re
765 1925 940 1980 publica
971 1926 1181 1981 singulari
1212 1939 1366 1981 genere
1393 1925 1552 1980 suppli·
1571 1943 1604 1969 30

214 1982 396 2024 cationis
434 1982 611 2024 deorum
647 1983 942 2026 inmortalium
980 1985 1144 2039 templa
1176 1984 1392 2039 patefecit.
1453 1985 1550 2040 Ego

215 2055 313 2082 cum
349 2041 395 2082 in
432 2042 630 2083 contione
668 2041 816 2084 abiens
853 2043 1116 2098 magistratu
1146 2043 1285 2084 dicere
1318 2058 1344 2084 a
1374 2043 1549 2084 tribuno

213 2098 270 2152 pl.
308 2099 576 2155 prohiberer,
614 2114 722 2166 quae
757 2103 1082 2156 constitueram,
1121 2102 1338 2166 cum[que]
1373 2101 1408 2142 is
1441 2100 1549 2142 mihi

214 2159 386 2199 tantum
414 2158 554 2213 modo,
584 2158 669 2200 ut
658 2173 855 2214 iurarem,
887 2161 1169 2214 permitteret,
1200 2159 1290 2201 sine
1316 2159 1406 2200 ulla
1431 2159 1550 2200 dubi-

215 2215 379 2257 tatione
417 2216 555 2258 iuravi
592 2231 683 2258 rem
718 2217 936 2272 publicam
972 2222 1100 2274 atque
1130 2218 1241 2260 hanc
1272 2217 1423 2258 mbem
1454 2232 1550 2259 mea
1569 2234 1602 2260 35

182 2273 340 2315 711111113
373 2288 502 2327 opera
533 2289 626 2317 esse
653 2276 826 2318 salvam
870 2276 981 2318 Mihi
1004 2276 1189 2332 populus
1214 2275 1432 2318 Romanus
1459 2277 1551 2317 11111-

217 2345 362 2372 versus
400 2332 476 2373 illa
506 2333 552 2374 in
583 2334 780 2376 contione
811 2349 899 2377 non
929 2335 1055 2377 unius
1086 2335 1171 2376 diei
1201 2334 1550 2390 gratulationem.
