1671 2543
588 95 689 131 CAP.
716 100 808 130 2—4
834 99 853 138 g
879 100 970 130 4-9
1379 97 1462 138 165

117 203 191 246 sed
247 205 548 246 aeternitatem
599 204 1062 259 immortalitatemque
1113 204 1306 258 donavit,
1364 219 1461 246 cum

116 278 260 304 meum
297 263 364 305 ius
401 263 628 305 iurandum
664 263 751 304 tale
790 266 918 318 atque
958 266 1129 304 tantum
1169 263 1336 304 iuratus
1368 264 1459 318 ipse
1493 271 1496 273 “

115 337 202 363 11113
239 337 341 364 voce
379 324 423 364 et
454 336 665 364 consensu
697 322 967 376 approbavit.
1024 321 1117 371 Quo
1151 322 1323 376 quidem
1354 324 1460 363 tem-

116 395 220 435 pore
246 381 283 422 is
309 395 428 422 meus
455 381 629 422 domum
655 380 738 421 fuit
764 395 785 422 e
810 380 905 422 foro
933 381 1107 435 reditus,
1139 384 1188 422 ut
1210 396 1350 435 nemo7
1374 381 1460 422 nisi

81 454 97 479 5
118 440 192 494 qui
230 454 397 481 mecum
436 442 566 493 esset7
608 439 766 480 civium
803 454 895 481 esse
934 440 980 482 in
1014 455 1193 481 numero
1232 440 1458 481 videretur.

117 499 263 553 Atque
294 499 357 539 ita
389 502 455 540 est
487 513 512 539 a
542 513 609 540 me
637 499 886 540 consulatus
911 502 1124 554 peractus,
1155 502 1205 540 ut
1230 499 1340 540 nihil
1366 499 1458 540 sine

117 558 297 599 001181110
325 560 512 610 senatus,
539 557 648 598 nihil
673 572 761 599 non
787 558 1054 612 approbante
1079 558 1240 613 populo
1261 557 1458 599 Romano

116 616 291 671 egerim,
316 618 366 658 ut
385 631 553 670 semper
571 616 617 657 in
636 616 790 657 rostris
813 617 987 669 curiam,
1012 617 1058 658 in
1078 620 1232 658 senatu
1250 617 1459 671 populum

116 675 389 730 defenderim,
409 677 458 716 ut
471 675 793 717 multitudinem
808 690 904 716 cum
918 676 1197 730 principibus,
1217 678 1460 730 equestrem

63 750 98 774 ιο
118 734 312 775 ordinem
350 749 446 776 cum
485 736 637 775 senatu
676 734 981 775 coniunxerim.
1042 735 1237 789 Exposui
1271 735 1460 776 breviter

116 793 389 835 consulatum
421 807 575 834 meum.

204 852 327 893 Aude
346 866 471 906 1111110,
498 867 522 893 0
541 851 666 905 furia,
693 851 743 892 de
762 854 837 892 tuo
859 851 1016 893 dicere!
1044 852 1164 894 0111113
1184 852 1266 894 fuit
1286 852 1459 893 initium

114 911 206 953 ludi
238 910 519 965 compitalicii
550 913 644 952 tum
675 911 863 964 primum
894 910 1000 952 facti
1030 914 1131 965 post
1155 910 1203 954 L,
1229 911 1390 953 Iulium
1415 914 1459 952 et

116 969 161 1013 C.
180 968 391 1011 Marcium
419 969 614 1011 consules
637 972 787 1011 contra
807 970 1112 1011 auctoritatem
1131 970 1258 1011 huius
1281 970 1460 1024 ordinis;

62 1043 95 1068 15
116 1042 224 1083 quos
246 1028 294 1077 Q.
314 1028 517 1069 Metellus
539 1027 668 1075 (facio
689 1028 891 1069 iniuriam
910 1028 1149 1070 fortissimo
1167 1029 1259 1071 viro
1274 1031 1459 1082 mortuo,

117 1088 190 1142 qui
221 1087 358 1141 illum⁷
392 1087 511 1128 cuius
543 1101 704 1141 paucos
736 1101 862 1141 pares
893 1088 999 1129 11300
1032 1088 1185 1130 civitas
1214 1088 1328 1142 tulit,
1362 1102 1459 1129 cum

113 1147 196 1188 hac
227 1146 475 1200 importuna
505 1146 634 1187 belua
665 1145 901 1197 conferam)
930 1169 980 1176 -
1010 1147 1082 1188 sed
1109 1147 1182 1188 ille
1209 1146 1459 1201 designatus

117 1205 278 1258 consul,
305 1219 402 1246 cum
429 1204 603 1258 quidam
628 1204 828 1245 tribunus
854 1205 911 1259 pl.
938 1219 1015 1246 suo
1043 1205 1202 1247 auxilio
1223 1206 1458 1260 magistros

114 1264 239 1305 ludos
260 1266 412 1305 contra
431 1266 606 1304 senatus
622 1263 868 1305 consultum
880 1263 1019 1305 facere
1034 1264 1243 1319 iussisset,
1262 1264 1458 1319 privatus

63 1337 96 1361 20
115 1322 209 1364 fieri
240 1322 378 1364 vetuit
411 1319 540 1376 atque
572 1322 627 1376 id,
660 1322 774 1376 quod
804 1323 996 1363 nondum
1026 1326 1245 1377 potestate
1274 1325 1459 1378 poterat,

116 1381 306 1436 optinuit
338 1381 610 1422 auctoritate.
666 1380 743 1434 Tu,
779 1395 876 1422 cum
907 1381 953 1422 in
984 1381 1202 1424 Kalendas
1235 1381 1458 1423 Ianuarias

115 1440 465 1495 compitaliorum
491 1440 580 1480 dies
605 1439 841 1493 incidisset,
875 1438 969 1482 Sex.
996 1439 1207 1495 Clodium,
1241 1441 1315 1495 qui
1339 1455 1459 1482 num-

116 1512 246 1553 quam
277 1501 405 1540 antea
429 1501 727 1552 praetextatus
753 1498 919 1553 fuisset,
950 1499 1075 1541 ludos
1100 1500 1241 1541 facere
1268 1503 1311 1540 et
1335 1514 1458 1554 prae-

115 1559 333 1598 textatum
357 1557 539 1598 volitare
563 1571 718 1611 passus
741 1572 798 1611 03,
823 1558 1044 1599 hominem
1063 1558 1282 1613 impurum
1303 1573 1352 1600 ac
1370 1573 1459 1600 non

63 1630 96 1655 25
116 1616 243 1657 modo
280 1615 407 1669 facie,
442 1616 516 1657 sed
553 1616 686 1657 etiam
723 1616 819 1657 culo
858 1619 933 1658 tuo
966 1617 1281 1672 dignissimum.
1337 1617 1492 1672 Ergo9

114 1674 185 1716 his
231 1673 522 1715 fundamentis
564 1674 720 1728 positis
767 1675 1018 1717 consulatus
1061 1676 1126 1717 tui
1170 1676 1313 1717 triduo
1358 1679 1459 1729 post

115 1734 386 1787 inspectante
413 1735 456 1773 et
480 1735 650 1774 tacente
676 1735 720 1774 te
747 1748 771 1774 a
796 1733 921 1774 fatali
946 1736 1147 1787 portento
1174 1734 1459 1789 prodigioque

116 1791 179 1832 rei
210 1791 407 1846 publicae
438 1790 508 1832 lex
539 1790 665 1832 Aelia
696 1793 739 1831 et
770 1791 895 1833 Fufia
927 1806 1076 1833 eversa
1108 1796 1184 1847 est,
1216 1806 1458 1847 propugna-

118 1850 215 1891 cula
251 1849 448 1903 murique
485 1849 818 1903 tranquillitatis
857 1853 985 1904 atque
1023 1851 1120 1905 otii3
1158 1851 1341 1906 collegia
1371 1865 1459 1893 non

63 1924 97 1948 30
117 1923 167 1949 ea
186 1908 339 1962 solum,
360 1922 466 1962 quae
488 1910 662 1949 senatus
678 1908 925 1962 sustulerat7
944 1910 1160 1962 restituta,
1180 1910 1254 1950 sed
1267 1910 1459 1951 innume-

116 1967 273 2008 rabilia
305 1967 514 2021 quaedam
544 1980 656 2007 nova
687 1980 739 2007 ex
770 1967 886 2008 omni
914 1967 1031 2009 faece
1058 1968 1177 2009 urbis
1205 1983 1254 2009 30
1279 1969 1456 2010 servitio

118 2025 345 2067 concitata.
394 2025 463 2067 Ab
492 2025 640 2067 eodem
664 2024 839 2066 homine
864 2025 911 2067 in
936 2027 1097 2080 stupris
1118 2027 1323 2068 inauditis
1343 2027 1459 2068 nefa-

116 2084 278 2138 riisque
298 2086 470 2125 versato
490 2086 614 2125 vetus
634 2083 710 2124 illa
729 2084 941 2138 magistra
959 2085 1136 2138 pudoris
1156 2088 1200 2127 et
1220 2086 1459 2128 modestiae

117 2157 297 2184 censura
317 2143 489 2184 sublata
504 2145 581 2196 est,
603 2156 698 2183 cum
714 2144 762 2183 tu
775 2143 962 2196 interim,
982 2144 1160 2185 bustum
1172 2144 1235 2185 rei
1247 2144 1459 2199 publicae,

63 2216 97 2242 35
117 2201 191 2255 qui
222 2203 267 2242 te
298 2202 518 2243 consulem
549 2204 643 2242 tum
675 2200 839 2243 Romae
872 2202 978 2243 dicis
1006 2202 1152 2257 fuisse,
1182 2204 1314 2245 verbo
1339 2218 1458 2246 num-

117 2274 247 2313 quam
273 2260 530 2315 significaris
558 2259 819 2301 sententiam
846 2262 966 2301 tuam
992 2261 1127 2303 tantis
1154 2262 1199 2303 in
1217 2261 1461 2318 naufragiis

117 2317 318 2360 civitatis.

1472 833 1500 873 4
