1671 2543
591 122 690 158 CAP.
717 126 807 157 6-9
835 126 854 164 ξ
884 125 1029 156 13-18.
1391 120 1473 162 501

138 233 348 287 tenderet,
388 247 515 287 quam
554 232 617 272 vir
656 229 918 272 fortissimus
956 228 1145 270 defendit
1176 227 1364 280 Hirtius,
1403 231 1476 269 aut

139 291 318 334 amicior
357 305 510 333 causae
543 290 769 344 quisquam
801 288 982 330 inveniri
1013 289 1158 342 potest
1190 301 1319 341 quam
1351 286 1476 328 filius.

144 351 199 392 At
235 350 389 392 horum
428 350 537 391 alter
573 348 761 390 nondum
800 362 850 388 ex
881 346 1198 402 longinquitate
1231 345 1476 401 gravissimi

137 409 277 451 morbi
310 411 537 462 recreatus,
569 407 770 461 quicquid
802 406 954 447 habuit
985 405 1152 460 virium,
1184 404 1226 446 id
1260 404 1304 446 in
1329 418 1477 446 eorum

102 481 116 504 5
137 468 385 510 libertatem
417 466 720 508 defendendam
748 464 942 518 contulit,
975 478 1157 518 quorum
1182 463 1295 505 votis
1321 462 1477 505 iudica-

137 527 200 567 vit
227 540 270 567 se
297 541 322 567 a
348 528 485 567 morte
511 528 770 576 revocatum,
797 524 906 564 alter
932 523 1106 564 virtutis
1133 523 1287 563 robore
1312 521 1478 563 firmior

139 599 266 640 quam
298 585 455 626 aetatis
487 598 584 626 cum
615 584 710 624 istis
745 583 848 637 ipsis
881 582 1094 623 veteranis
1128 581 1179 622 ad
1210 580 1262 622 D.
1291 580 1477 622 Brutum

137 644 407 685 liberandum
433 645 499 684 est
524 641 753 697 profectus.
797 641 915 696 Ergo
943 640 1007 681 illi
1031 640 1261 682 certissimi
1280 639 1476 693 idemque

137 703 335 744 acerrimi
361 700 556 745 Caesaris
589 704 783 743 actorum
808 700 980 754 patroni
1006 714 1082 753 pro
1110 698 1160 740 D.
1188 698 1313 740 Bruti
1340 698 1477 739 salute

85 774 118 799 ιο
136 761 298 803 bellum
341 763 514 817 gerunt,
552 775 658 814 quos
696 759 886 801 veterani
932 760 1150 812 secuntur,
1187 758 1236 798 de
1275 757 1476 798 libertate

137 820 250 862 enim
293 820 442 875 populi
479 818 682 872 Romani,
726 833 811 860 non
856 818 905 858 de
944 817 1031 858 suis
1073 816 1307 858 commodis
1346 815 1476 857 armis

136 878 446 920 decernendum
476 878 634 919 vident.
697 876 808 926 Quid
841 878 905 917 est
936 876 1088 931 igitur,
1119 890 1194 917 eur
1224 875 1289 928 iis,
1321 874 1394 929 qui
1425 873 1475 915 D.
1493 882 1534 915 17

135 937 322 979 Brutum
353 937 551 979 omnibus
585 936 738 990 opibus
766 937 1064 978 conservatum
1091 934 1236 986 velint,
1267 932 1324 974 M.
1349 932 1477 974 Bruti

138 997 196 1038 sit
228 998 452 1050 suspectus
479 995 720 1037 exercitus?
778 996 845 1034 An
873 1008 983 1046 vero,
1017 993 1051 1034 si
1081 992 1180 1046 quid
1207 995 1331 1046 esset,
1365 991 1478 1045 quod

87 1067 119 1092 15
141 1070 166 1096 a
190 1055 247 1096 M.
272 1054 409 1096 Bruto
441 1054 678 1096 timendum
710 1053 936 1106 videretur,
970 1051 1109 1092 Pansa
1134 1051 1177 1092 id
1203 1065 1289 1092 non
1316 1050 1478 1092 videret

139 1117 234 1167 aut,
273 1114 308 1154 si
346 1113 525 1167 videret,
562 1127 647 1154 non
684 1111 929 1153 laboraret?
993 1110 1097 1159 Quis
1137 1112 1211 1151 aut
1243 1109 1478 1163 sapientior

140 1173 191 1213 ad
219 1172 508 1213 coniecturam
533 1185 675 1212 rerum
700 1171 942 1212 futurarum
969 1172 1043 1210 aut
1069 1169 1119 1209 ad
1140 1168 1478 1222 propulsandum

139 1233 304 1272 metum
341 1230 618 1285 diligentior?
685 1229 849 1283 Atquin
887 1228 1014 1269 huius
1054 1228 1242 1268 animum
1282 1240 1384 1282 erga
1421 1225 1478 1267 M.

138 1289 324 1331 Brutum
362 1289 635 1342 studiumque
667 1288 847 1329 vidistis.
910 1286 1132 1340 Praecepit
1165 1285 1358 1327 oratione
1391 1299 1478 1338 sua,

86 1361 120 1386 20
141 1348 242 1402 quid
268 1348 491 1389 decernere
518 1362 596 1388 nos
623 1347 672 1388 de
694 1346 749 1387 M.
769 1346 919 1399 Bruto,
946 1346 1047 1400 quid
1068 1344 1225 1386 sentire
1248 1346 1479 1398 oporteret,

139 1409 393 1460 tantumque
434 1406 559 1460 afuit,
604 1410 652 1447 ut
690 1405 978 1460 periculosum
1017 1404 1076 1445 rei
1115 1403 1312 1457 publicae
1351 1402 1478 1444 Bruti

140 1468 314 1519 putaret
345 1465 595 1516 exercitum,
626 1467 675 1506 ut
706 1464 750 1505 in
782 1478 831 1505 eo
863 1463 1158 1504 firmissimum
1190 1462 1250 1502 rei
1282 1461 1479 1515 publicae

139 1523 400 1577 praesidium
458 1526 501 1564 et
554 1523 856 1578 gravissimum
906 1524 1095 1576 poneret.
1177 1519 1350 1561 Scilicet
1396 1519 1479 1561 hoc

141 1581 283 1622 Pansa
326 1584 399 1621 aut
439 1596 524 1623 non
562 1582 679 1623 videt
717 1581 880 1636 (hebeti
920 1580 1032 1621 enim
1070 1578 1242 1633 ingenio
1282 1577 1366 1630 est)
1405 1581 1480 1619 aut

88 1653 122 1678 25
140 1640 353 1695 neglegit3
397 1654 502 1693 quae
547 1640 659 1681 enim
699 1639 854 1682 Caesar
897 1639 1005 1694 egit,
1049 1652 1098 1678 ea
1134 1640 1229 1677 rata
1266 1650 1358 1678 esse
1393 1651 1481 1678 non

143 1702 281 1752 curat,
331 1698 379 1739 de
428 1698 582 1751 quibus
627 1697 927 1739 confirmandis
972 1700 1015 1738 et
1060 1695 1296 1736 sanciendis
1340 1695 1480 1750 legem

122 1756 330 1799 'comitiis
364 1756 614 1797 centuriatis
647 1771 697 1797 ex
730 1755 988 1797 auctoritate
1021 1757 1171 1795 nostra
1201 1754 1367 1794 laturus
1402 1755 1478 1794 est.

142 1815 354 1857 Desinant
391 1815 526 1870 igitur
563 1818 637 1855 aut
673 1815 722 1864 ii,
761 1814 832 1868 qui
870 1828 954 1854 non
993 1813 1164 1865 timent,
1203 1811 1403 1853 simulare
1436 1812 1519 1853 se9

143 1875 294 1915 timere
333 1878 376 1915 et
412 1873 654 1927 prospicere
691 1872 753 1914 rei
791 1872 987 1926 publicae
1027 1874 1100 1912 aut
1138 1871 1186 1923 ii,
1227 1870 1299 1925 qui
1337 1870 1480 1911 omnia

91 1946 125 1970 :30
144 1935 362 1982 verentur,
404 1932 585 1972 nimium
623 1945 715 1972 esse
753 1931 912 1983 timidi,
948 1944 1000 1971 ne
1039 1930 1211 1971 illorum
1250 1928 1480 1982 simulatio,

143 1991 299 2032 horum
343 1990 458 2031 obsit
500 1990 683 2045 ignavia.
751 1988 885 2043 Quae,
928 1989 1104 2029 malum!
1144 1991 1210 2028 est
1247 1987 1332 2028 ista
1368 1987 1479 2028 ratio
1498 1995 1539 2026 18

146 2063 314 2103 semper
346 2048 522 2102 optimis
555 2049 694 2090 causis
725 2051 1025 2090 veteranorum
1056 2061 1212 2088 nomen
1238 2045 1481 2100 opponere}>

147 2107 339 2156 Quorum
365 2107 535 2148 etiamsi
561 2107 842 2161 amplecterer
867 2106 1084 2158 virtutem,
1108 2106 1158 2146 ut
1177 2104 1299 2155 facio,
1326 2106 1482 2154 tamen,

146 2166 183 2208 si
215 2168 358 2207 essent
388 2166 657 2220 adrogantes,
687 2179 774 2206 non
798 2179 970 2218 possem
995 2163 1105 2205 ferre
1130 2163 1362 2204 fastidium.
1411 2162 1482 2203 An

94 2237 126 2261 ³5
145 2239 223 2266 nos
269 2224 463 2265 conantis
506 2224 727 2265 servitutis
764 2223 906 2265 vincla
941 2236 1138 2276 rumpere
1180 2221 1401 2274 impediet,
1445 2221 1482 2262 si

148 2283 242 2337 quis
274 2285 498 2324 veteranos
529 2282 644 2323 nolle
676 2281 860 2323 dixerit?
921 2279 1021 2322 Non
1053 2283 1154 2321 sunt
1185 2279 1314 2333 enim,
1345 2279 1483 2333 credo,

146 2341 492 2395 innumerabiles,
514 2341 586 2395 qui
605 2355 683 2395 pro
705 2340 920 2382 communi
940 2339 1140 2380 libertate
1161 2352 1280 2379 arma
1294 2338 1488 2390 capiant3
