1671 2543
219 77 306 118 314
508 75 602 111 PRO
628 75 667 110 T.
694 75 846 111 ANNIO
872 74 1057 112 MILONE
1085 75 1273 112 ORATIO.

147 186 203 229 33
305 184 390 227 Hic
421 184 462 226 di
495 183 776 237 immortales,
807 185 857 224 ut
883 197 1013 238 supra
1038 183 1138 238 dixi,
1169 186 1358 226 mentem
1383 184 1447 226 illi
1472 198 1565 239 per·

218 244 310 286 dito
355 258 404 286 ac
447 242 612 284 furioso
657 242 883 296 dederunt,
931 245 980 283 ut
1023 242 1124 284 huic
1168 242 1330 284 faceret
1373 242 1563 285 insidias.

218 302 361 344 Aliter
398 302 537 356 perire
576 300 711 355 pestis
747 300 824 341 illa
854 314 941 342 non
972 301 1135 355 potuit3
1171 315 1408 355 numquam
1438 301 1563 344 illum

217 376 285 403 res
318 361 492 415 publica
525 374 601 401 suo
633 359 725 400 iure
752 361 866 401 esset
890 359 994 400 ulta.
1046 358 1242 413 Senatus,
1276 360 1413 414 credo,
1444 374 1564 414 prae-

217 423 358 462 torem
384 434 481 460 eum
508 417 929 484 circumscripsisset.
979 416 1045 459 Ne
1073 432 1169 459 cum
1196 418 1364 459 solebat
1391 418 1563 472 quidem
1600 433 1617 458 ⁵

217 479 262 520 id
306 478 464 532 facere,
508 477 554 518 in
596 477 766 531 privabo
805 476 953 518 eodem
990 476 1074 518 hoc
1111 477 1273 530 aliquid
1310 476 1562 531 profecerat.

159 547 203 578 89
220 537 289 579 An
334 511 530 578 0011311183
575 535 621 577 111
664 537 861 601 praetore
905 535 1136 576 coercendo
1174 535 1310 576 fortes
1348 535 1563 578 fuissent?

219 596 413 637 Primum
439 594 600 636 Milone
629 593 768 636 occiso
795 593 1019 635 habuisset
1044 608 1145 635 suos
1172 594 1387 649 consules3
1413 594 1563 636 deinde

219 655 315 709 quis
347 654 393 695 in
418 668 467 695 eo
499 656 698 708 praetore
725 652 874 694 consul
906 651 1032 694 fortis
1065 655 1191 707 esset,
1222 667 1299 707 per
1331 628 1458 707 qiiem
1490 653 1564 694 tri-

217 715 382 755 bunum
407 713 616 754 virtutem
641 711 910 762 consularem
936 711 1229 753 crudelissime
1249 715 1449 753 vexatam
1470 726 1562 753 esse
1584 726 1618 752 ιο

219 771 520 814 meminisset?
578 770 878 826 Oppressisset
909 770 1064 824 omnia,
1096 770 1347 825 possideret,
1380 773 1565 825 teneret3

217 831 313 886 lege
351 845 480 880 nova,
519 844 628 884 quae
667 831 733 870 est
770 829 946 870 inventa
984 828 1095 883 apud
1127 843 1225 870 eum
1257 843 1354 870 cum
1386 828 1564 883 reliquis

217 890 389 945 legibus
410 888 643 943 Clodianis,
669 901 815 929 servos
841 890 1014 929 nostros
1040 887 1222 929 libertos
1248 902 1350 929 suos
1372 887 1565 942 fecisset3

218 950 460 1003 postremo,
502 947 588 989 nisi
632 961 730 988 811111
773 946 816 987 di
856 946 1123 988 immortales
1161 946 1207 987 in
1243 961 1338 987 eam
1375 948 1565 988 mentem

217 1007 497 1062 inpulisscnt,
533 1008 584 1048 ut
619 1005 750 1047 homo
790 1004 1059 1046 effeminatus
1097 1004 1385 1046 fortissimum
1423 1005 1564 1046 virum
1585 1017 1618 1044 15

220 1068 449 1107 conaretur
482 1064 686 1118 occidere,
716 1064 843 1105 hodie
875 1078 966 1105 rem
997 1063 1216 1117 publicam
1246 1063 1411 1105 nullam
1437 1063 1564 1105 habe-

161 1134 204 1165 90
221 1124 337 1166 retis.
400 1123 471 1165 An
501 1123 574 1164 ille
606 1125 792 1177 praetor,
823 1122 896 1163 ille
922 1136 1022 1164 vero
1050 1121 1211 1176 consul,
1243 1122 1280 1163 si
1306 1122 1433 1164 modo
1458 1121 1565 1163 haec

217 1183 381 1237 templa
425 1185 553 1236 atque
599 1182 694 1236 ipsa
732 1181 901 1222 moenia
939 1183 1053 1222 stare
1092 1195 1141 1222 8ο
1182 1180 1279 1222 vivo
1318 1180 1483 1222 tamdiu
1521 1182 1565 1222 et

219 1241 490 1283 consulatum
541 1240 632 1281 eius
683 1242 907 1293 expectare
951 1239 1214 1293 potuissent,
1261 1239 1335 1280 ille
1381 1238 1563 1292 denique

219 1300 341 1341 vivus
386 1299 489 1340 mali
529 1298 637 1339 nihil
676 1297 869 1347 fecisset,
914 1298 987 1351 qui
1025 1300 1222 1338 mortuus
1260 1311 1346 1338 uno
1385 1311 1436 1338 ex
1474 1297 1562 1338 suis
1584 1311 1618 1337 20

221 1357 483 1399 satellitibus
513 1355 626 1408 [Sex.
648 1355 816 1407 Clodio]
846 1355 950 1396 duce
974 1355 1136 1397 curiam
1156 1355 1423 1396 incenderit?
1468 1355 1562 1404 Quo

221 1416 323 1470 quid
355 1415 567 1468 miserius,
600 1414 703 1468 quid
730 1414 937 1467 acerbius,
971 1414 1072 1467 quid
1098 1414 1338 1455 luctuosius
1364 1413 1563 1468 vidimus,

220 1473 430 1528 templum
482 1473 746 1526 sanctitatis,
803 1472 1116 1526 amplitudinis,
1166 1472 1341 1526 mentis,
1394 1472 1564 1514 consilii

219 1532 394 1587 publici,
430 1534 559 1586 caput
590 1531 722 1585 urbis,
755 1546 874 1572 aram
906 1531 1133 1584 sociorum,
1164 1533 1339 1585 portum
1371 1531 1564 1572 omnium

220 1591 433 1647 gentium,
478 1590 622 1631 sedem
666 1590 719 1631 ab
764 1590 962 1631 universo
1004 1589 1163 1644 populo
1203 1603 1451 1631 concessam
1487 1589 1616 1631 unj2⁵

220 1650 358 1691 ordini
390 1649 665 1702 inflammari,
703 1649 888 1702 excindi,
919 1648 1148 1703 funestari,
1178 1662 1316 1703 neque
1347 1648 1390 1689 id
1418 1648 1512 1689 fieri
1539 1662 1565 1690 a

219 1707 495 1750 multitudine
540 1707 759 1762 imperita,
808 1721 1069 1762 quamquam
1113 1709 1228 1748 esset
1272 1706 1477 1748 miserum
1520 1706 1562 1747 id

218 1767 373 1821 ipsum,
404 1766 478 1808 sed
510 1766 563 1807 ab
594 1766 709 1807 uno?
762 1765 844 1815 Qui
877 1781 974 1807 cum
1004 1768 1176 1807 tantum
1202 1779 1331 1806 ausus
1357 1765 1416 1806 sit
1440 1767 1564 1807 ustor

218 1840 296 1880 pro
329 1828 520 1879 mortuo,
556 1825 658 1878 quid
690 1824 870 1880 signifer
900 1839 979 1878 pro
1012 1824 1120 1865 vivo·
1140 1838 1227 1865 non
1259 1826 1373 1865 esset
1404 1822 1563 1865 ausus?

218 1883 270 1925 In
302 1883 466 1925 curiam
498 1883 775 1937 potissimum
805 1883 974 1934 abiecit,
1005 1885 1054 1924 ut
1080 1897 1174 1924 eam
1201 1885 1397 1923 mortuus
1423 1882 1563 1923 incen-
1582 1894 1616 1920 so

159 1953 202 1984 91
219 1943 350 1996 deret,
377 1956 506 1996 quam
531 1942 653 1983 vivus
680 1944 903 1983 everterat.
940 1941 1000 1983 Et
1025 1943 1137 1994 sunt,
1164 1941 1237 1995 qui
1261 1941 1311 1982 de
1330 1941 1400 1982 via
1419 1939 1563 1994 Appia

219 2003 471 2055 querantur,
514 2002 686 2041 taceant
730 2000 780 2041 de
819 1999 953 2054 curia,
997 2002 1040 2041 et
1079 1999 1152 2054 qui
1191 1999 1244 2040 ab
1283 2013 1332 2040 80
1369 1999 1561 2052 spirante

219 2059 361 2100 forum
406 2061 561 2113 putent
603 2058 797 2113 potuisse
842 2058 1030 2111 defendi,
1071 2058 1190 2099 0111113
1227 2071 1314 2099 11011
1351 2056 1563 2098 restiterit

219 2117 416 2158 cadaveri
449 2117 595 2158 curia?
656 2116 869 2171 Excitate,
902 2117 1086 2158 excitate
1118 2117 1272 2170 ipsum,
1304 2115 1341 2156 si
1365 2114 1562 2169 potestis,

219 2190 244 2215 a
269 2175 471 2229 mortuis3
494 2175 706 2230 frangetis
732 2176 942 2230 impetum
968 2175 1066 2228 vivi,
1093 2174 1213 2216 cuius
1238 2173 1309 2214 vix
1335 2172 1560 2214 sustinetis
1581 2183 1614 2210 ³⁵

218 2233 352 2274 furias
385 2234 622 2288 insepulti?
677 2232 775 2275 Nisi
806 2248 907 2275 vero
940 2232 1208 2275 sustinuistis
1240 2245 1326 2284 803,
1358 2231 1432 2284 qui
1464 2245 1562 2273 cum

218 2290 385 2333 facibus
406 2292 459 2333 ad
480 2292 642 2334 curiam
663 2294 956 2345 cucurrerunt,
976 2305 1073 2335 cum
1089 2290 1273 2332 falcibus
1289 2289 1342 2330 ad
1356 2288 1564 2340 Castoris,
