1671 2543
606 100 846 136 ARGUMEN
848 101 962 137 TUM.
1365 102 1418 143 27
1425 103 1451 143 5

112 206 207 241 actis
240 206 430 251 congruit,
461 208 553 252 puto
587 218 699 251 quam
731 206 998 252 Fenestellam,
1031 207 1095 252 qui
1129 218 1160 242 a.
1196 207 1229 242 d.
1257 208 1344 242 XIV
1369 207 1452 242 Kal.

111 253 218 288 Febr.
251 253 383 299 tradit)
415 253 505 290 Milo
537 254 762 298 Lanuvium,
797 265 840 289 ex
871 265 943 298 quo
976 257 1057 289 erat
1088 254 1293 300 municipio
1326 256 1364 290 et
1388 255 1453 289 ubi

111 302 193 335 tum
226 300 404 344 dictator,
437 301 627 346 profectus
659 303 718 336 est
750 301 798 335 ad
829 301 1018 336 flaminem
1048 301 1279 347 prodendum
1303 303 1454 346 postera

112 347 184 383 die.
248 347 418 383 Occurrit
460 348 495 383 ei
539 348 638 383 circa
675 348 806 384 horam
844 359 980 383 nonam
1016 348 1166 384 Clodius
1204 349 1316 394 paulo
1354 349 1454 384 ultra

111 394 278 430 Bovillas
312 395 460 430 rediens
494 395 541 430 ab
574 395 702 430 Aricia
732 406 847 440 prope
880 407 963 430 eum
988 396 1125 440 locum,
1158 395 1198 431 in
1229 408 1301 440 quo
1327 396 1453 431 Bonae

112 441 205 476 deae
238 442 414 476 sacellum
440 443 507 477 est.
556 442 648 477 Erat
674 444 799 477 autem
825 442 1009 478 allocutus
1037 443 1255 478 decuriones
1282 443 1452 479 Aricino-

111 500 204 524 rum.
256 488 477 524 Vehebatur
503 489 655 525 Clodius
683 500 786 534 equo.
839 490 943 524 Servi
968 490 1071 524 XXX
1096 490 1173 525 fere
1199 490 1381 535 expediti,
1412 492 1454 525 ut

111 535 179 571 illo
212 537 379 581 tempore
413 547 493 572 mos
526 538 607 571 erat
638 536 711 571 iter
741 536 982 580 facientibus,
1017 537 1152 582 gladiis
1185 537 1299 573 cincti
1324 549 1452 583 seque-

110 583 260 617 bantur.
315 582 434 618 Erant
472 594 555 618 011111
586 583 717 619 Clodio
755 586 951 628 praeterea
981 585 1057 619 1100
1089 584 1243 619 comites
1276 585 1373 629 eius,
1409 596 1453 620 ex

112 629 247 675 quibus
287 641 398 674 eques
430 630 617 666 Romanus
649 643 762 674 unus,
806 630 843 665 C.
878 630 1072 666 Causinius
1105 631 1257 675 Schola,
1301 632 1374 667 duo
1408 632 1453 667 de

111 677 223 722 plebe
247 677 328 712 noti
353 677 539 722 homines,
572 678 611 714 P.
639 678 864 723 Pomponius
890 682 922 713 et
949 678 986 712 0.
1015 679 1171 713 Clodius.
1221 660 1312 714 Milo
1338 679 1454 715 raeda

111 723 320 759 vehebatur
345 735 429 759 01110
454 735 568 760 uxore
593 725 750 769 Fausta,
777 725 856 759 filia
880 725 918 759 L.
947 724 1070 759 Sullae
1097 724 1315 770 dictatoris,
1342 728 1381 761 et
1404 726 1452 761 M.

111 771 234 815 Fufio,
286 771 474 807 familiare
519 782 595 807 suo.
665 771 898 816 Sequebatur
940 782 1002 806 eos
1045 783 1223 817 magnum
1266 784 1455 808 servorum

113 829 267 863 agmen,
298 819 396 854 inter
427 830 519 863 quos
553 819 781 864 gladiatores
815 830 959 863 quoque
996 820 1118 863 erant,
1152 830 1196 854 ex
1221 820 1354 863 quibus
1381 821 1454 855 duo

111 865 212 909 noti,
237 864 426 900 Eudamus
453 867 491 900 et
515 866 646 900 Birria.
697 866 728 900 Ii
752 866 792 899 in
817 865 949 901 ultimo
977 865 1124 910 agmine
1151 866 1296 901 tardius
1324 869 1454 902 euntes

116 923 200 946 cum
226 912 342 947 servis
368 912 407 947 P.
436 912 542 948 Clodi
568 913 687 948 rixam
713 912 986 948 commiserunt.
1035 913 1094 946 Ad
1119 924 1229 957 quem
1253 915 1454 949 tumultum

115 970 200 994 cum
237 959 461 1004 respexisset
492 959 644 995 Clodius
681 959 981 1003 minitabundus,
1020 971 1188 994 umerum
1225 961 1304 995 eius
1333 961 1455 996 Birria

112 1006 260 1051 rumpia
284 1006 444 1041 traiecit.
489 1007 578 1041 Inde
606 1018 689 1041 01110
717 1008 800 1042 orta
826 1008 924 1041 esset
948 1018 1084 1051 pugna,
1112 1007 1236 1052 plures
1257 1007 1455 1043 Miloniani

113 1054 360 1088 accurrerunt.
418 1053 567 1088 Clodius
604 1053 819 1088 vulneratus
853 1053 893 1088 in
928 1053 1124 1088 tabernam
1160 1055 1377 1099 proximam
1413 1058 1454 1091 in

112 1099 311 1135 Bovillano
338 1100 483 1135 delatus
510 1102 577 1135 est.
627 1100 719 1136 Milo
744 1102 786 1135 ut
811 1101 985 1153 cognovit
1009 1100 1246 1137 vulneratum
1273 1102 1452 1145 Clodium,

114 1159 197 1182 01101
223 1146 296 1181 sibi
314 1147 557 1192 periculosius
582 1147 677 1182 fflud
703 1147 817 1182 etiam
842 1148 926 1182 vivo
953 1158 996 1182 eo
1016 1147 1184 1182 futurum
1203 1148 1452 1194 intellegeret,

113 1193 235 1228 occiso
263 1195 389 1228 autem
413 1205 590 1239 magnum
616 1194 796 1229 solacium
822 1196 919 1229 esset
943 1194 1156 1238 habiturus,
1190 1195 1341 1231 etiamsi
1368 1197 1451 1231 sub-

114 1241 237 1275 eunda
270 1242 368 1275 esset
392 1252 530 1286 poena,
563 1241 752 1276 exturbari
780 1241 937 1276 taberna
960 1241 1079 1276 iussit.
1130 1241 1216 1277 Fuit
1241 1243 1440 1288 antesigna

112 1299 182 1323 nus
215 1298 404 1323 servorum
436 1289 515 1323 eius
540 1288 603 1324 Μ.
617 1288 797 1323 Saufeius.
847 1289 969 1332 Atque
995 1289 1050 1323 ita
1069 1289 1220 1324 Clodius
1245 1290 1368 1325 latens
1395 1301 1453 1325 ex-

113 1335 257 1369 tractus
290 1337 346 1370 est
378 1335 579 1380 multisque
611 1331 825 1370 vulneribus
857 1335 1058 1371 confectus.
1110 1335 1277 1371 Cadaver
1309 1337 1387 1371 eius
1413 1337 1453 1372 in

111 1381 176 1416 via
205 1382 394 1426 relictum,
426 1382 516 1426 quia
549 1383 645 1418 servi
677 1382 783 1418 Clodi
816 1384 881 1417 aut
913 1382 1027 1417 occisi
1060 1385 1166 1417 erant
1198 1385 1264 1418 aut
1287 1385 1453 1438 graviter

114 1427 250 1464 saucii
257 1433 321 1464 aut
345 1410 532 1474 latebant,
565 1430 645 1465 Sex.
671 1429 808 1464 Tedius
835 1431 1000 1473 senator,
1027 1430 1090 1474 qui
1113 1429 1209 1465 forte
1235 1441 1279 1465 ex
1303 1443 1388 1466 rure
1413 1432 1452 1466 in

113 1475 243 1510 urbem
269 1458 535 1521 revertebatur,
562 1476 714 1524 0110111111
739 1478 777 1511 01
792 1476 937 1514 lectica
957 1487 1023 1511 sua
1041 1476 1199 1511 Romam
1218 1477 1306 1512 ferri
1325 1479 1450 1522 iussit;

113 1521 195 1566 ipse
231 1533 355 1559 rursus
382 1523 530 1568 eodem,
558 1514 662 1558 unde
687 1525 768 1558 erat
795 1534 975 1576 egressus,
1000 1535 1035 1558 se
1060 1524 1211 1568 recepit.
1261 1507 1452 1560 Peilatuni

114 1570 172 1603 est
198 1579 329 1613 corpus
351 1569 456 1604 Clodi
482 1551 567 1605 aiite
592 1571 749 1615 primam
773 1569 894 1605 1100110
918 1570 1059 1614 horam,
1085 1570 1305 1623 intimaeque
1330 1572 1450 1617 plebis

115 1617 153 1650 et
185 1625 373 1649 servorum
402 1616 565 1651 maxima
594 1617 796 1651 multitudo
827 1628 962 1661 magno
994 1617 1098 1651 luctu
1131 1629 1263 1662 corpus
1289 1618 1329 1652 in
1355 1619 1450 1654 atrio

115 1662 246 1696 domus
284 1662 448 1706 positum
479 1663 734 1698 circumstetit
788 1663 962 1707 Augebat
994 1667 1118 1698 autem
1149 1664 1241 1698 facti
1271 1664 1451 1700 invidiam

114 1719 208 1744 uxor
235 1708 341 1743 Clodi
359 1708 502 1753 Fulvia,
529 1721 625 1753 quae
651 1721 734 1744 011111
761 1710 877 1744 effusa
900 1710 1166 1744 lamentatione
1192 1711 1347 1745 vulnera
1372 1712 1450 1746 eius

116 1755 350 1791 ostendebat.
399 1755 519 1791 Maior
543 1758 695 1801 postera
720 1756 780 1791 die
805 1757 886 1790 luce
912 1758 1031 1801 prima
1056 1756 1259 1791 multitudo
1286 1758 1451 1793 eiusdem

114 1802 261 1848 generis
290 1801 484 1846 confluxit,
510 1803 792 1847 compluresque
818 1802 902 1837 noti
927 1803 1097 1837 homines
1124 1802 1207 1837 elisi
1233 1806 1329 1847 011111,
1355 1804 1453 1839 inter

116 1860 208 1893 quos
230 1848 266 1884 C.
287 1848 467 1883 Vibienus
495 1851 652 1885 senator.
696 1849 788 1883 Erat
813 1849 943 1884 domus
964 1848 1069 1883 Clodi
1089 1850 1174 1884 ante
1193 1861 1331 1894 paucos
1351 1862 1451 1886 men-

116 1907 173 1931 ses
214 1897 339 1941 empta
376 1896 421 1930 de
459 1896 507 1930 M.
549 1896 685 1931 Scauro
722 1895 761 1930 in
796 1896 955 1931 Palatio.
1012 1895 1155 1930 Eodem
1189 1897 1229 1931 T.
1262 1896 1451 1932 Munatius

115 1943 291 1983 Plancus,
328 1943 443 1978 frater
485 1942 524 1977 L.
563 1942 692 1978 Planci
727 1943 900 1986 oratoris,
940 1944 977 1977 et
1015 1942 1054 1984 Q.
1092 1942 1289 1987 Pompeius
1322 1944 1450 1988 Rufus,

117 1989 242 2024 Sullae
269 1989 463 2024 dictatoris
490 2000 533 2024 ex
559 1989 636 2024 filia
660 2000 785 2034 nepos,
815 1989 954 2023 tribuni
979 1989 1028 2034 pl.
1050 1992 1298 2033 accurrerunt,
1326 1991 1451 2035 eisque

114 2035 353 2071 hortantibus
380 2036 513 2081 vulgus
540 2036 751 2081 imperitum
778 2047 909 2081 corpus
934 2036 1074 2070 nudum
1100 2047 1143 2070 ac
1168 2037 1347 2079 lutatum,
1379 2038 1449 2072 sic—

115 2085 158 2118 ut
182 2083 222 2117 in
247 2083 344 2118 10010
373 2085 453 2118 erat
477 2083 656 2128 positum,
682 2084 724 2117 ut
748 2083 902 2117 vulnera
926 2082 1046 2118 videri
1071 2084 1238 2127 possent,
1264 2083 1303 2118 in
1328 2084 1448 2119 forum

117 2129 258 2165 detulit
284 2132 322 2164 et
346 2131 385 2165 in
408 2130 537 2165 rostris
563 2129 699 2175 posuit.
744 2129 800 2164 lbi
826 2141 890 2174 pro
917 2128 1088 2164 contione
1108 2129 1265 2164 Plancus
1286 2131 1324 2165 et
1341 2131 1448 2166 Pom-

115 2176 241 2257 1peius,
266 2143 1307 2275 ἓώΡοέἯΕεῇῗῄὒαέ1111110301Ιοὼο111ἀο11ἶο1,1011111101οΡ
1317 2177 1448 2259 111011οὲ1

133 2234 267 2258 00011111
374 2236 394 2259 0
463 2235 504 2258 110
562 2234 629 2258 1100
688 2234 731 2257 ex
819 2234 838 2258 0
885 2234 904 2258 0
942 2234 1013 2257 scri
1042 2234 1064 2257 a
1100 2233 1231 2268 corpus
1387 2235 1406 2259 ο
1436 2237 1449 2259 1

116 2270 157 2305 111
199 2269 338 2305 curiam
371 2271 500 2306 intulit
538 2271 788 2314 cremavitque
826 2269 1011 2305 subselliis
1050 2270 1088 2304 et
1122 2270 1371 2305 tribunalibus
1410 2275 1449 2308 01

117 2317 254 2353 mensis
293 2319 331 2353 et
367 2318 556 2353 codicibus
594 2317 845 2360 librariorum,
884 2328 955 2361 quo
994 2316 1080 2360 igne
1120 2318 1157 2351 et
1187 2316 1272 2362 ipsa
1302 2329 1448 2364 quoque

1164 2376 1234 2411 18*
