<?xml version="1.0" encoding="UTF-8"?>
<!DOCTYPE html PUBLIC "-//W3C//DTD XHTML 1.0 Transitional//EN"
    "http://www.w3.org/TR/xhtml1/DTD/xhtml1-transitional.dtd">
<html xmlns="http://www.w3.org/1999/xhtml" xml:lang="en" lang="en">
 <head>
  <title>
</title>
<meta http-equiv="Content-Type" content="text/html;charset=utf-8" />
  <meta name='ocr-system' content='tesseract 3.04.00' />
  <meta name='ocr-capabilities' content='ocr_page ocr_carea ocr_par ocr_line ocrx_word'/>
</head>
<body>
  <div class='ocr_page' id='page_1' title='image "./p3scriptaquaemanse02ciceuoft_0482.png"; bbox 0 0 1671 2543; ppageno 0'>
   <div class='ocr_carea' id='block_1_1' title="bbox 188 72 1210 115">
    <p class='ocr_par' dir='ltr' id='par_1_1' title="bbox 188 72 1210 115">
     <span class='ocr_line' id='line_1_1' title="bbox 188 72 1210 115; baseline 0 -6"><span class='ocrx_word' id='word_1_1' title='bbox 188 73 276 114; x_wconf 83' lang='grc'><strong>332</strong></span> <span class='ocrx_word' id='word_1_2' title='bbox 610 73 705 108; x_wconf 83' lang='lat' dir='ltr'><strong>PRO</strong></span> <span class='ocrx_word' id='word_1_3' title='bbox 732 73 772 115; x_wconf 92' lang='lat' dir='ltr'><strong>Q.</strong></span> <span class='ocrx_word' id='word_1_4' title='bbox 799 72 996 109; x_wconf 85' lang='lat' dir='ltr'><strong>LIGARIO</strong></span> <span class='ocrx_word' id='word_1_5' title='bbox 1023 73 1210 109; x_wconf 87' lang='lat' dir='ltr'><strong>ORATIO.</strong></span> 
     </span>
    </p>
   </div>
   <div class='ocr_carea' id='block_1_2' title="bbox 142 165 1588 2330">
    <p class='ocr_par' dir='ltr' id='par_1_2' title="bbox 142 165 1588 2330">
     <span class='ocr_line' id='line_1_2' title="bbox 152 165 1536 235; baseline 0.002 -15"><span class='ocrx_word' id='word_1_6' title='bbox 152 165 171 203; x_wconf 77' lang='lat'>1</span> <span class='ocrx_word' id='word_1_7' title='bbox 280 179 454 221; x_wconf 88' lang='lat' dir='ltr'><strong>Novum</strong></span> <span class='ocrx_word' id='word_1_8' title='bbox 487 180 659 234; x_wconf 78' lang='lat' dir='ltr'>crimen,</span> <span class='ocrx_word' id='word_1_9' title='bbox 692 179 737 222; x_wconf 85' lang='lat' dir='ltr'><strong>C.</strong></span> <span class='ocrx_word' id='word_1_10' title='bbox 764 179 932 235; x_wconf 87' lang='lat' dir='ltr'><strong>Caesar,</strong></span> <span class='ocrx_word' id='word_1_11' title='bbox 964 183 1007 222; x_wconf 90' lang='lat' dir='ltr'><strong>et</strong></span> <span class='ocrx_word' id='word_1_12' title='bbox 1038 183 1136 222; x_wconf 86' lang='lat' dir='ltr'><strong>ante</strong></span> <span class='ocrx_word' id='word_1_13' title='bbox 1167 181 1281 222; x_wconf 89' lang='lat' dir='ltr'><strong>hunc</strong></span> <span class='ocrx_word' id='word_1_14' title='bbox 1312 181 1425 223; x_wconf 88' lang='lat' dir='ltr'><strong>diem</strong></span> <span class='ocrx_word' id='word_1_15' title='bbox 1448 195 1536 223; x_wconf 91' lang='grc'>11011</span> 
     </span>
     <span class='ocr_line' id='line_1_3' title="bbox 157 215 1536 303; baseline 0.001 -24"><span class='ocrx_word' id='word_1_16' title='bbox 157 223 385 280; x_wconf 89' lang='lat' dir='ltr'><strong>1auditum</strong></span> <span class='ocrx_word' id='word_1_17' title='bbox 422 239 689 303; x_wconf 87' lang='lat' dir='ltr'><strong>propinquus</strong></span> <span class='ocrx_word' id='word_1_18' title='bbox 726 253 845 280; x_wconf 90' lang='lat' dir='ltr'><strong>meus</strong></span> <span class='ocrx_word' id='word_1_19' title='bbox 878 215 932 280; x_wconf 82' lang='lat' dir='ltr'><strong>ad</strong></span> <span class='ocrx_word' id='word_1_20' title='bbox 962 241 1023 293; x_wconf 88' lang='lat' dir='ltr'><strong>te,</strong></span> <span class='ocrx_word' id='word_1_21' title='bbox 1063 239 1111 288; x_wconf 89' lang='lat' dir='ltr'><strong>Q.</strong></span> <span class='ocrx_word' id='word_1_22' title='bbox 1142 238 1331 293; x_wconf 84' lang='lat' dir='ltr'>Tubero,</span> <span class='ocrx_word' id='word_1_23' title='bbox 1368 239 1536 293; x_wconf 89' lang='lat' dir='ltr'><strong>detulit,</strong></span> 
     </span>
     <span class='ocr_line' id='line_1_4' title="bbox 189 295 1535 362; baseline 0.001 -25"><span class='ocrx_word' id='word_1_24' title='bbox 189 295 237 345; x_wconf 90' lang='lat' dir='ltr'><strong>Q.</strong></span> <span class='ocrx_word' id='word_1_25' title='bbox 257 296 512 362; x_wconf 75' lang='lat' dir='ltr'><strong>Ligarium&#39;</strong></span> <span class='ocrx_word' id='word_1_26' title='bbox 501 311 547 337; x_wconf 89' lang='lat' dir='ltr'><strong>m</strong></span> <span class='ocrx_word' id='word_1_27' title='bbox 565 296 715 338; x_wconf 89' lang='lat' dir='ltr'><strong>Africa</strong></span> <span class='ocrx_word' id='word_1_28' title='bbox 734 296 878 351; x_wconf 86' lang='lat' dir='ltr'><strong>fuisse,</strong></span> <span class='ocrx_word' id='word_1_29' title='bbox 904 297 1032 351; x_wconf 90' lang='lat' dir='ltr'><strong>idque</strong></span> <span class='ocrx_word' id='word_1_30' title='bbox 1053 296 1097 339; x_wconf 83' lang='lat' dir='ltr'><strong>G.</strong></span> <span class='ocrx_word' id='word_1_31' title='bbox 1118 297 1271 352; x_wconf 87' lang='lat' dir='ltr'><strong>Pansa,</strong></span> <span class='ocrx_word' id='word_1_32' title='bbox 1296 298 1535 352; x_wconf 68' lang='lat' dir='ltr'><strong>praestanti</strong></span> 
     </span>
     <span class='ocr_line' id='line_1_5' title="bbox 189 354 1536 410; baseline 0.001 -14"><span class='ocrx_word' id='word_1_33' title='bbox 189 355 254 396; x_wconf 89' lang='lat' dir='ltr'><strong>vir</strong></span> <span class='ocrx_word' id='word_1_34' title='bbox 285 355 478 410; x_wconf 90' lang='lat' dir='ltr'><strong>ingenio,</strong></span> <span class='ocrx_word' id='word_1_35' title='bbox 515 354 653 396; x_wconf 79' lang='lat' dir='ltr'><strong>fretus</strong></span> <span class='ocrx_word' id='word_1_36' title='bbox 685 355 870 397; x_wconf 89' lang='lat' dir='ltr'><strong>fortasse</strong></span> <span class='ocrx_word' id='word_1_37' title='bbox 902 355 1199 397; x_wconf 75' lang='lat' dir='ltr'><strong>familiaritate</strong></span> <span class='ocrx_word' id='word_1_38' title='bbox 1231 370 1298 410; x_wconf 91' lang='lat' dir='ltr'><strong>ea,</strong></span> <span class='ocrx_word' id='word_1_39' title='bbox 1330 370 1438 410; x_wconf 89' lang='lat' dir='ltr'><strong>quae</strong></span> <span class='ocrx_word' id='word_1_40' title='bbox 1470 359 1536 398; x_wconf 90' lang='lat' dir='ltr'><strong>est</strong></span> 
     </span>
     <span class='ocr_line' id='line_1_6' title="bbox 189 413 1588 469; baseline 0.001 -15"><span class='ocrx_word' id='word_1_41' title='bbox 189 413 227 454; x_wconf 89' lang='lat' dir='ltr'><strong>ei</strong></span> <span class='ocrx_word' id='word_1_42' title='bbox 259 415 413 466; x_wconf 85' lang='lat' dir='ltr'><strong>tecum,</strong></span> <span class='ocrx_word' id='word_1_43' title='bbox 446 427 574 454; x_wconf 89' lang='lat' dir='ltr'><strong>ausus</strong></span> <span class='ocrx_word' id='word_1_44' title='bbox 601 416 668 454; x_wconf 91' lang='lat' dir='ltr'><strong>est</strong></span> <span class='ocrx_word' id='word_1_45' title='bbox 693 413 900 455; x_wconf 86' lang='lat' dir='ltr'><strong>confiteri.</strong></span> <span class='ocrx_word' id='word_1_46' title='bbox 956 413 1120 468; x_wconf 90' lang='lat' dir='ltr'><strong>Itaque,</strong></span> <span class='ocrx_word' id='word_1_47' title='bbox 1153 429 1237 468; x_wconf 89' lang='lat' dir='ltr'><strong>quo</strong></span> <span class='ocrx_word' id='word_1_48' title='bbox 1264 429 1331 456; x_wconf 92' lang='lat' dir='ltr'><strong>me</strong></span> <span class='ocrx_word' id='word_1_49' title='bbox 1357 417 1534 469; x_wconf 83' lang='lat' dir='ltr'><strong>vertam,</strong></span> <span class='ocrx_word' id='word_1_50' title='bbox 1571 425 1588 451; x_wconf 87' lang='lat'><strong>5</strong></span> 
     </span>
     <span class='ocr_line' id='line_1_7' title="bbox 187 447 1535 527; baseline 0.001 -15"><span class='ocrx_word' id='word_1_51' title='bbox 187 472 346 513; x_wconf 90' lang='lat' dir='ltr'><strong>nescio.</strong></span> <span class='ocrx_word' id='word_1_52' title='bbox 402 447 584 512; x_wconf 76' lang='lat' dir='ltr'><strong>&#39;Paratus</strong></span> <span class='ocrx_word' id='word_1_53' title='bbox 618 472 732 513; x_wconf 92' lang='lat' dir='ltr'><strong>enim</strong></span> <span class='ocrx_word' id='word_1_54' title='bbox 763 486 974 526; x_wconf 87' lang='lat' dir='ltr'><strong>veneram,</strong></span> <span class='ocrx_word' id='word_1_55' title='bbox 1010 487 1106 514; x_wconf 92' lang='lat' dir='ltr'><strong>cum</strong></span> <span class='ocrx_word' id='word_1_56' title='bbox 1138 475 1186 514; x_wconf 93' lang='lat' dir='ltr'><strong>tu</strong></span> <span class='ocrx_word' id='word_1_57' title='bbox 1218 473 1261 513; x_wconf 92' lang='lat' dir='ltr'><strong>id</strong></span> <span class='ocrx_word' id='word_1_58' title='bbox 1291 487 1427 527; x_wconf 90' lang='lat' dir='ltr'><strong>neque</strong></span> <span class='ocrx_word' id='word_1_59' title='bbox 1458 487 1535 527; x_wconf 92' lang='lat' dir='ltr'><strong>per</strong></span> 
     </span>
     <span class='ocr_line' id='line_1_8' title="bbox 190 530 1534 586; baseline 0.001 -16"><span class='ocrx_word' id='word_1_60' title='bbox 190 533 232 571; x_wconf 90' lang='lat' dir='ltr'><strong>te</strong></span> <span class='ocrx_word' id='word_1_61' title='bbox 259 530 389 572; x_wconf 77' lang='lat' dir='ltr'><strong>scires</strong></span> <span class='ocrx_word' id='word_1_62' title='bbox 415 544 553 584; x_wconf 90' lang='lat' dir='ltr'><strong>neque</strong></span> <span class='ocrx_word' id='word_1_63' title='bbox 580 530 725 571; x_wconf 89' lang='lat' dir='ltr'><strong>audire</strong></span> <span class='ocrx_word' id='word_1_64' title='bbox 752 530 920 572; x_wconf 84' lang='lat' dir='ltr'><strong>aliunde</strong></span> <span class='ocrx_word' id='word_1_65' title='bbox 940 531 1169 585; x_wconf 86' lang='lat' dir='ltr'><strong>potuisses,</strong></span> <span class='ocrx_word' id='word_1_66' title='bbox 1194 534 1243 573; x_wconf 91' lang='lat' dir='ltr'><strong>ut</strong></span> <span class='ocrx_word' id='word_1_67' title='bbox 1263 530 1534 586; x_wconf 76' lang='lat' dir='ltr'><strong>ignoratione</strong></span> 
     </span>
     <span class='ocr_line' id='line_1_9' title="bbox 188 588 1535 643; baseline 0.001 -14"><span class='ocrx_word' id='word_1_68' title='bbox 188 591 264 629; x_wconf 89' lang='lat' dir='ltr'><strong>tua</strong></span> <span class='ocrx_word' id='word_1_69' title='bbox 289 589 342 629; x_wconf 89' lang='lat' dir='ltr'><strong>ad</strong></span> <span class='ocrx_word' id='word_1_70' title='bbox 367 588 556 630; x_wconf 90' lang='lat' dir='ltr'><strong>hominis</strong></span> <span class='ocrx_word' id='word_1_71' title='bbox 583 589 729 630; x_wconf 92' lang='lat' dir='ltr'><strong>miseri</strong></span> <span class='ocrx_word' id='word_1_72' title='bbox 756 589 939 630; x_wconf 88' lang='lat' dir='ltr'><strong>salutem</strong></span> <span class='ocrx_word' id='word_1_73' title='bbox 965 590 1178 631; x_wconf 87' lang='lat' dir='ltr'><strong>abuterer.</strong></span> <span class='ocrx_word' id='word_1_74' title='bbox 1228 588 1311 631; x_wconf 85' lang='lat' dir='ltr'><strong>Sed</strong></span> <span class='ocrx_word' id='word_1_75' title='bbox 1332 589 1535 643; x_wconf 89' lang='lat' dir='ltr'><strong>quoniam</strong></span> 
     </span>
     <span class='ocr_line' id='line_1_10' title="bbox 189 644 1534 702; baseline 0.002 -15"><span class='ocrx_word' id='word_1_76' title='bbox 189 647 415 702; x_wconf 82' lang='lat' dir='ltr'><strong>diligentia</strong></span> <span class='ocrx_word' id='word_1_77' title='bbox 445 647 610 689; x_wconf 90' lang='lat' dir='ltr'><strong>inimici</strong></span> <span class='ocrx_word' id='word_1_78' title='bbox 641 644 952 702; x_wconf 82' lang='lat' dir='ltr'><strong>investigatum</strong></span> <span class='ocrx_word' id='word_1_79' title='bbox 983 650 1060 702; x_wconf 88' lang='lat' dir='ltr'><strong>est,</strong></span> <span class='ocrx_word' id='word_1_80' title='bbox 1093 648 1206 702; x_wconf 89' lang='lat' dir='ltr'><strong>quod</strong></span> <span class='ocrx_word' id='word_1_81' title='bbox 1231 648 1407 702; x_wconf 85' lang='lat' dir='ltr'><strong>latebat,</strong></span> <span class='ocrx_word' id='word_1_82' title='bbox 1439 662 1534 690; x_wconf 89' lang='lat' dir='ltr'><strong>con-</strong></span> 
     </span>
     <span class='ocr_line' id='line_1_11' title="bbox 188 705 1588 760; baseline 0.002 -15"><span class='ocrx_word' id='word_1_83' title='bbox 188 705 397 746; x_wconf 89' lang='lat' dir='ltr'><strong>fitendum</strong></span> <span class='ocrx_word' id='word_1_84' title='bbox 442 708 525 760; x_wconf 89' lang='lat' dir='ltr'><strong>est,</strong></span> <span class='ocrx_word' id='word_1_85' title='bbox 567 708 616 747; x_wconf 93' lang='lat' dir='ltr'><strong>ut</strong></span> <span class='ocrx_word' id='word_1_86' title='bbox 661 705 830 760; x_wconf 82' lang='lat' dir='ltr'><strong>opinor,</strong></span> <span class='ocrx_word' id='word_1_87' title='bbox 872 706 1129 760; x_wconf 89' lang='lat' dir='ltr'><strong>praesertim</strong></span> <span class='ocrx_word' id='word_1_88' title='bbox 1173 721 1270 747; x_wconf 91' lang='lat' dir='ltr'><strong>cum</strong></span> <span class='ocrx_word' id='word_1_89' title='bbox 1308 720 1427 747; x_wconf 87' lang='lat' dir='ltr'><strong>meus</strong></span> <span class='ocrx_word' id='word_1_90' title='bbox 1464 720 1533 748; x_wconf 86' lang='lat' dir='ltr'><strong>ne·</strong></span> <span class='ocrx_word' id='word_1_91' title='bbox 1553 717 1588 742; x_wconf 86' lang='lat'><strong>10</strong></span> 
     </span>
     <span class='ocr_line' id='line_1_12' title="bbox 189 762 1535 819; baseline 0.001 -15"><span class='ocrx_word' id='word_1_92' title='bbox 189 764 400 804; x_wconf 87' lang='lat' dir='ltr'><strong>cessarius</strong></span> <span class='ocrx_word' id='word_1_93' title='bbox 448 762 589 805; x_wconf 84' lang='lat' dir='ltr'><strong>Pansa</strong></span> <span class='ocrx_word' id='word_1_94' title='bbox 637 763 805 817; x_wconf 84' lang='lat' dir='ltr'><strong>fecerit,</strong></span> <span class='ocrx_word' id='word_1_95' title='bbox 853 767 903 805; x_wconf 88' lang='lat' dir='ltr'><strong>ut</strong></span> <span class='ocrx_word' id='word_1_96' title='bbox 952 764 995 805; x_wconf 88' lang='lat' dir='ltr'><strong>id</strong></span> <span class='ocrx_word' id='word_1_97' title='bbox 1045 765 1264 819; x_wconf 86' lang='lat' dir='ltr'><strong>integrum</strong></span> <span class='ocrx_word' id='word_1_98' title='bbox 1313 765 1400 806; x_wconf 91' lang='lat' dir='ltr'><strong>iam</strong></span> <span class='ocrx_word' id='word_1_99' title='bbox 1447 779 1535 806; x_wconf 89' lang='lat' dir='ltr'><strong>non</strong></span> 
     </span>
     <span class='ocr_line' id='line_1_13' title="bbox 189 822 1534 877; baseline 0.001 -15"><span class='ocrx_word' id='word_1_100' title='bbox 189 824 316 876; x_wconf 87' lang='lat' dir='ltr'><strong>esset,</strong></span> <span class='ocrx_word' id='word_1_101' title='bbox 349 822 592 877; x_wconf 89' lang='lat' dir='ltr'><strong>omissaque</strong></span> <span class='ocrx_word' id='word_1_102' title='bbox 625 822 917 864; x_wconf 87' lang='lat' dir='ltr'><strong>controversia</strong></span> <span class='ocrx_word' id='word_1_103' title='bbox 949 823 1088 864; x_wconf 91' lang='lat' dir='ltr'><strong>omnis</strong></span> <span class='ocrx_word' id='word_1_104' title='bbox 1121 823 1260 864; x_wconf 91' lang='lat' dir='ltr'><strong>oratio</strong></span> <span class='ocrx_word' id='word_1_105' title='bbox 1294 823 1346 864; x_wconf 91' lang='lat' dir='ltr'><strong>ad</strong></span> <span class='ocrx_word' id='word_1_106' title='bbox 1372 823 1534 865; x_wconf 88' lang='lat' dir='ltr'><strong>miseri-</strong></span> 
     </span>
     <span class='ocr_line' id='line_1_14' title="bbox 188 880 1534 935; baseline 0.001 -15"><span class='ocrx_word' id='word_1_107' title='bbox 188 880 380 921; x_wconf 79' lang='lat' dir='ltr'><strong>cordiam</strong></span> <span class='ocrx_word' id='word_1_108' title='bbox 418 883 539 921; x_wconf 91' lang='lat' dir='ltr'><strong>tuam</strong></span> <span class='ocrx_word' id='word_1_109' title='bbox 574 880 831 933; x_wconf 83' lang='lat' dir='ltr'><strong>conferenda</strong></span> <span class='ocrx_word' id='word_1_110' title='bbox 861 883 944 935; x_wconf 90' lang='lat' dir='ltr'><strong>est,</strong></span> <span class='ocrx_word' id='word_1_111' title='bbox 984 896 1068 935; x_wconf 90' lang='lat' dir='ltr'><strong>qua</strong></span> <span class='ocrx_word' id='word_1_112' title='bbox 1098 881 1274 935; x_wconf 86' lang='lat' dir='ltr'><strong>plurimi</strong></span> <span class='ocrx_word' id='word_1_113' title='bbox 1306 883 1407 923; x_wconf 88' lang='lat' dir='ltr'><strong>sunt</strong></span> <span class='ocrx_word' id='word_1_114' title='bbox 1439 895 1534 922; x_wconf 91' lang='lat' dir='ltr'><strong>con-</strong></span> 
     </span>
     <span class='ocr_line' id='line_1_15' title="bbox 189 938 1534 994; baseline 0.001 -15"><span class='ocrx_word' id='word_1_115' title='bbox 189 938 361 993; x_wconf 83' lang='lat' dir='ltr'><strong>servati,</strong></span> <span class='ocrx_word' id='word_1_116' title='bbox 395 953 491 980; x_wconf 89' lang='lat' dir='ltr'><strong>cum</strong></span> <span class='ocrx_word' id='word_1_117' title='bbox 524 953 549 979; x_wconf 92' lang='lat' dir='ltr'><strong>a</strong></span> <span class='ocrx_word' id='word_1_118' title='bbox 579 942 622 980; x_wconf 91' lang='lat' dir='ltr'><strong>te</strong></span> <span class='ocrx_word' id='word_1_119' title='bbox 653 954 742 981; x_wconf 91' lang='lat' dir='ltr'><strong>non</strong></span> <span class='ocrx_word' id='word_1_120' title='bbox 772 939 1074 981; x_wconf 87' lang='lat' dir='ltr'><strong>liberationem</strong></span> <span class='ocrx_word' id='word_1_121' title='bbox 1106 940 1267 994; x_wconf 89' lang='lat' dir='ltr'><strong>culpae,</strong></span> <span class='ocrx_word' id='word_1_122' title='bbox 1300 940 1373 980; x_wconf 91' lang='lat' dir='ltr'><strong>sed</strong></span> <span class='ocrx_word' id='word_1_123' title='bbox 1402 939 1534 981; x_wconf 90' lang='lat' dir='ltr'><strong>errati</strong></span> 
     </span>
     <span class='ocr_line' id='line_1_16' title="bbox 142 996 1586 1053; baseline 0.002 -16"><span class='ocrx_word' id='word_1_124' title='bbox 142 1004 163 1034; x_wconf 80' lang='lat'>2</span> <span class='ocrx_word' id='word_1_125' title='bbox 188 996 358 1038; x_wconf 87' lang='lat' dir='ltr'><strong>veniam</strong></span> <span class='ocrx_word' id='word_1_126' title='bbox 395 997 758 1051; x_wconf 85' lang='lat' dir='ltr'><strong>impetravissent.</strong></span> <span class='ocrx_word' id='word_1_127' title='bbox 820 997 967 1039; x_wconf 89' lang='lat' dir='ltr'><strong>Habes</strong></span> <span class='ocrx_word' id='word_1_128' title='bbox 998 998 1151 1053; x_wconf 85' lang='lat' dir='ltr'><strong>igitur,</strong></span> <span class='ocrx_word' id='word_1_129' title='bbox 1188 997 1378 1052; x_wconf 88' lang='lat' dir='ltr'><strong>Tubero,</strong></span> <span class='ocrx_word' id='word_1_130' title='bbox 1417 998 1531 1052; x_wconf 91' lang='lat' dir='ltr'><strong>quod</strong></span> <span class='ocrx_word' id='word_1_131' title='bbox 1552 1008 1586 1034; x_wconf 81' lang='lat'><strong>15</strong></span> 
     </span>
     <span class='ocr_line' id='line_1_17' title="bbox 188 1055 1534 1110; baseline 0.001 -15"><span class='ocrx_word' id='word_1_132' title='bbox 188 1057 255 1096; x_wconf 91' lang='lat' dir='ltr'><strong>est</strong></span> <span class='ocrx_word' id='word_1_133' title='bbox 294 1056 535 1096; x_wconf 78' lang='lat' dir='ltr'><strong>accusatori</strong></span> <span class='ocrx_word' id='word_1_134' title='bbox 573 1056 756 1097; x_wconf 82' lang='lat' dir='ltr'><strong>maxime</strong></span> <span class='ocrx_word' id='word_1_135' title='bbox 796 1056 1049 1110; x_wconf 86' lang='lat' dir='ltr'><strong>optandum,</strong></span> <span class='ocrx_word' id='word_1_136' title='bbox 1087 1055 1364 1098; x_wconf 88' lang='lat' dir='ltr'><strong>confitentem</strong></span> <span class='ocrx_word' id='word_1_137' title='bbox 1401 1071 1534 1110; x_wconf 88' lang='lat' dir='ltr'><strong>reum,</strong></span> 
     </span>
     <span class='ocr_line' id='line_1_18' title="bbox 188 1113 1533 1169; baseline 0.001 -15"><span class='ocrx_word' id='word_1_138' title='bbox 188 1114 263 1155; x_wconf 90' lang='lat' dir='ltr'><strong>sed</strong></span> <span class='ocrx_word' id='word_1_139' title='bbox 295 1116 441 1154; x_wconf 91' lang='lat' dir='ltr'><strong>tamen</strong></span> <span class='ocrx_word' id='word_1_140' title='bbox 471 1113 553 1155; x_wconf 90' lang='lat' dir='ltr'><strong>hoc</strong></span> <span class='ocrx_word' id='word_1_141' title='bbox 585 1114 875 1167; x_wconf 87' lang='lat' dir='ltr'><strong>confitentem,</strong></span> <span class='ocrx_word' id='word_1_142' title='bbox 908 1129 951 1155; x_wconf 93' lang='lat' dir='ltr'><strong>se</strong></span> <span class='ocrx_word' id='word_1_143' title='bbox 983 1115 1028 1155; x_wconf 91' lang='lat' dir='ltr'><strong>in</strong></span> <span class='ocrx_word' id='word_1_144' title='bbox 1060 1129 1109 1156; x_wconf 86' lang='lat' dir='ltr'><strong>ea</strong></span> <span class='ocrx_word' id='word_1_145' title='bbox 1138 1117 1261 1168; x_wconf 89' lang='lat' dir='ltr'><strong>parte</strong></span> <span class='ocrx_word' id='word_1_146' title='bbox 1291 1114 1423 1156; x_wconf 80' lang='lat' dir='ltr'><strong>fuisse</strong></span> <span class='ocrx_word' id='word_1_147' title='bbox 1450 1129 1533 1169; x_wconf 85' lang='lat' dir='ltr'><strong>qua</strong></span> 
     </span>
     <span class='ocr_line' id='line_1_19' title="bbox 188 1172 1532 1228; baseline 0.001 -16"><span class='ocrx_word' id='word_1_148' title='bbox 188 1175 249 1225; x_wconf 90' lang='lat' dir='ltr'><strong>te,</strong></span> <span class='ocrx_word' id='word_1_149' title='bbox 299 1186 384 1225; x_wconf 90' lang='lat' dir='ltr'><strong>qua</strong></span> <span class='ocrx_word' id='word_1_150' title='bbox 428 1172 569 1213; x_wconf 81' lang='lat' dir='ltr'><strong>virum</strong></span> <span class='ocrx_word' id='word_1_151' title='bbox 613 1173 729 1214; x_wconf 89' lang='lat' dir='ltr'><strong>omni</strong></span> <span class='ocrx_word' id='word_1_152' title='bbox 774 1173 897 1213; x_wconf 90' lang='lat' dir='ltr'><strong>laude</strong></span> <span class='ocrx_word' id='word_1_153' title='bbox 941 1173 1137 1228; x_wconf 89' lang='lat' dir='ltr'><strong>dignum,</strong></span> <span class='ocrx_word' id='word_1_154' title='bbox 1186 1175 1354 1227; x_wconf 85' lang='lat' dir='ltr'><strong>patrem</strong></span> <span class='ocrx_word' id='word_1_155' title='bbox 1398 1176 1532 1214; x_wconf 88' lang='lat' dir='ltr'><strong>tuum.</strong></span> 
     </span>
     <span class='ocr_line' id='line_1_20' title="bbox 187 1229 1532 1283; baseline 0.001 -13"><span class='ocrx_word' id='word_1_156' title='bbox 187 1229 339 1283; x_wconf 87' lang='lat' dir='ltr'><strong>Itaque</strong></span> <span class='ocrx_word' id='word_1_157' title='bbox 383 1230 501 1283; x_wconf 87' lang='lat' dir='ltr'><strong>prius</strong></span> <span class='ocrx_word' id='word_1_158' title='bbox 547 1231 597 1271; x_wconf 93' lang='lat' dir='ltr'><strong>de</strong></span> <span class='ocrx_word' id='word_1_159' title='bbox 641 1233 784 1271; x_wconf 88' lang='lat' dir='ltr'><strong>vestro</strong></span> <span class='ocrx_word' id='word_1_160' title='bbox 830 1231 986 1272; x_wconf 88' lang='lat' dir='ltr'><strong>delicto</strong></span> <span class='ocrx_word' id='word_1_161' title='bbox 1032 1231 1322 1272; x_wconf 83' lang='lat' dir='ltr'><strong>confiteamini</strong></span> <span class='ocrx_word' id='word_1_162' title='bbox 1358 1245 1532 1272; x_wconf 90' lang='grc'>11000880</span> 
     </span>
     <span class='ocr_line' id='line_1_21' title="bbox 187 1287 1586 1342; baseline 0.001 -14"><span class='ocrx_word' id='word_1_163' title='bbox 187 1291 271 1337; x_wconf 81' lang='lat' dir='ltr'><strong>est,</strong></span> <span class='ocrx_word' id='word_1_164' title='bbox 305 1301 433 1341; x_wconf 88' lang='lat' dir='ltr'><strong>quam</strong></span> <span class='ocrx_word' id='word_1_165' title='bbox 465 1287 614 1342; x_wconf 80' lang='lat' dir='ltr'><strong>Ligari</strong></span> <span class='ocrx_word' id='word_1_166' title='bbox 645 1289 778 1328; x_wconf 88' lang='lat' dir='ltr'><strong>ullam</strong></span> <span class='ocrx_word' id='word_1_167' title='bbox 811 1289 980 1342; x_wconf 90' lang='lat' dir='ltr'><strong>culpam</strong></span> <span class='ocrx_word' id='word_1_168' title='bbox 1012 1289 1349 1342; x_wconf 90' lang='lat' dir='ltr'><strong>reprehendatis.</strong></span> <span class='ocrx_word' id='word_1_169' title='bbox 1551 1300 1586 1325; x_wconf 79' lang='lat'><strong>20</strong></span> 
     </span>
     <span class='ocr_line' id='line_1_22' title="bbox 278 1344 1532 1402; baseline 0.002 -17"><span class='ocrx_word' id='word_1_170' title='bbox 278 1344 325 1393; x_wconf 87' lang='lat' dir='ltr'><strong>Q.</strong></span> <span class='ocrx_word' id='word_1_171' title='bbox 358 1346 471 1385; x_wconf 91' lang='lat' dir='ltr'><strong>enim</strong></span> <span class='ocrx_word' id='word_1_172' title='bbox 503 1345 722 1400; x_wconf 75' lang='lat' dir='ltr'><strong>Ligarius,</strong></span> <span class='ocrx_word' id='word_1_173' title='bbox 761 1360 858 1386; x_wconf 90' lang='grc'>011111</span> <span class='ocrx_word' id='word_1_174' title='bbox 895 1349 1007 1387; x_wconf 90' lang='lat' dir='ltr'><strong>esset</strong></span> <span class='ocrx_word' id='word_1_175' title='bbox 1044 1347 1163 1387; x_wconf 92' lang='lat' dir='ltr'><strong>nulla</strong></span> <span class='ocrx_word' id='word_1_176' title='bbox 1197 1346 1300 1387; x_wconf 88' lang='lat' dir='ltr'><strong>belli</strong></span> <span class='ocrx_word' id='word_1_177' title='bbox 1332 1347 1532 1402; x_wconf 86' lang='lat' dir='ltr'><strong>suspicio,</strong></span> 
     </span>
     <span class='ocr_line' id='line_1_23' title="bbox 186 1403 1533 1460; baseline 0.001 -16"><span class='ocrx_word' id='word_1_178' title='bbox 186 1404 357 1459; x_wconf 88' lang='lat' dir='ltr'><strong>legatus</strong></span> <span class='ocrx_word' id='word_1_179' title='bbox 384 1403 428 1443; x_wconf 91' lang='lat' dir='ltr'><strong>in</strong></span> <span class='ocrx_word' id='word_1_180' title='bbox 454 1403 648 1444; x_wconf 85' lang='lat' dir='ltr'><strong>Africam</strong></span> <span class='ocrx_word' id='word_1_181' title='bbox 675 1418 772 1445; x_wconf 91' lang='lat' dir='ltr'><strong>cum</strong></span> <span class='ocrx_word' id='word_1_182' title='bbox 798 1403 842 1445; x_wconf 85' lang='lat' dir='ltr'><strong>C.</strong></span> <span class='ocrx_word' id='word_1_183' title='bbox 864 1403 1066 1446; x_wconf 87' lang='lat' dir='ltr'><strong>Considio</strong></span> <span class='ocrx_word' id='word_1_184' title='bbox 1093 1404 1311 1458; x_wconf 88' lang='lat' dir='ltr'><strong>profectus</strong></span> <span class='ocrx_word' id='word_1_185' title='bbox 1338 1407 1422 1459; x_wconf 83' lang='lat' dir='ltr'><strong>est3</strong></span> <span class='ocrx_word' id='word_1_186' title='bbox 1449 1419 1533 1460; x_wconf 90' lang='lat' dir='ltr'><strong>qua</strong></span> 
     </span>
     <span class='ocr_line' id='line_1_24' title="bbox 185 1461 1533 1517; baseline 0.003 -16"><span class='ocrx_word' id='word_1_187' title='bbox 185 1462 232 1502; x_wconf 89' lang='lat' dir='ltr'><strong>in</strong></span> <span class='ocrx_word' id='word_1_188' title='bbox 268 1461 485 1515; x_wconf 87' lang='lat' dir='ltr'><strong>legatione</strong></span> <span class='ocrx_word' id='word_1_189' title='bbox 524 1464 568 1502; x_wconf 92' lang='lat' dir='ltr'><strong>et</strong></span> <span class='ocrx_word' id='word_1_190' title='bbox 607 1461 771 1502; x_wconf 81' lang='lat' dir='ltr'><strong>civibus</strong></span> <span class='ocrx_word' id='word_1_191' title='bbox 809 1465 852 1502; x_wconf 92' lang='lat' dir='ltr'><strong>et</strong></span> <span class='ocrx_word' id='word_1_192' title='bbox 890 1463 1017 1503; x_wconf 88' lang='lat' dir='ltr'><strong>sociis</strong></span> <span class='ocrx_word' id='word_1_193' title='bbox 1056 1462 1119 1503; x_wconf 91' lang='lat' dir='ltr'><strong>ita</strong></span> <span class='ocrx_word' id='word_1_194' title='bbox 1153 1477 1197 1503; x_wconf 89' lang='lat' dir='ltr'><strong>se</strong></span> <span class='ocrx_word' id='word_1_195' title='bbox 1228 1463 1446 1517; x_wconf 83' lang='lat' dir='ltr'><strong>probavit,</strong></span> <span class='ocrx_word' id='word_1_196' title='bbox 1483 1467 1533 1506; x_wconf 89' lang='lat' dir='ltr'><strong>ut</strong></span> 
     </span>
     <span class='ocr_line' id='line_1_25' title="bbox 187 1518 1531 1574; baseline 0.002 -14"><span class='ocrx_word' id='word_1_197' title='bbox 187 1519 393 1560; x_wconf 83' lang='lat' dir='ltr'><strong>decedens</strong></span> <span class='ocrx_word' id='word_1_198' title='bbox 433 1518 660 1560; x_wconf 87' lang='lat' dir='ltr'><strong>Considius</strong></span> <span class='ocrx_word' id='word_1_199' title='bbox 703 1520 925 1574; x_wconf 83' lang='lat' dir='ltr'><strong>provincia</strong></span> <span class='ocrx_word' id='word_1_200' title='bbox 963 1521 1068 1562; x_wconf 87' lang='lat' dir='ltr'><strong>satis</strong></span> <span class='ocrx_word' id='word_1_201' title='bbox 1105 1520 1245 1562; x_wconf 87' lang='lat' dir='ltr'><strong>facere</strong></span> <span class='ocrx_word' id='word_1_202' title='bbox 1283 1521 1531 1563; x_wconf 85' lang='lat' dir='ltr'><strong>hominibus</strong></span> 
     </span>
     <span class='ocr_line' id='line_1_26' title="bbox 185 1577 1584 1634; baseline 0.002 -16"><span class='ocrx_word' id='word_1_203' title='bbox 185 1592 273 1618; x_wconf 90' lang='lat' dir='ltr'><strong>non</strong></span> <span class='ocrx_word' id='word_1_204' title='bbox 298 1580 458 1631; x_wconf 89' lang='lat' dir='ltr'><strong>posset,</strong></span> <span class='ocrx_word' id='word_1_205' title='bbox 486 1577 520 1618; x_wconf 89' lang='lat' dir='ltr'><strong>si</strong></span> <span class='ocrx_word' id='word_1_206' title='bbox 547 1592 805 1632; x_wconf 84' lang='lat' dir='ltr'><strong>quemquam</strong></span> <span class='ocrx_word' id='word_1_207' title='bbox 825 1578 957 1620; x_wconf 91' lang='lat' dir='ltr'><strong>alium</strong></span> <span class='ocrx_word' id='word_1_208' title='bbox 976 1579 1221 1633; x_wconf 87' lang='lat' dir='ltr'><strong>provinciae</strong></span> <span class='ocrx_word' id='word_1_209' title='bbox 1242 1579 1531 1634; x_wconf 84' lang='lat' dir='ltr'><strong>praefecisset.</strong></span> <span class='ocrx_word' id='word_1_210' title='bbox 1550 1594 1584 1621; x_wconf 82' lang='lat'><strong>25</strong></span> 
     </span>
     <span class='ocr_line' id='line_1_27' title="bbox 187 1634 1532 1700; baseline 0.003 -24"><span class='ocrx_word' id='word_1_211' title='bbox 187 1635 339 1700; x_wconf 82' lang='lat' dir='ltr'><strong>Itaque</strong></span> <span class='ocrx_word' id='word_1_212' title='bbox 378 1634 597 1690; x_wconf 76' lang='lat' dir='ltr'><strong>Ligarius</strong></span> <span class='ocrx_word' id='word_1_213' title='bbox 639 1651 735 1677; x_wconf 90' lang='lat' dir='ltr'><strong>cum</strong></span> <span class='ocrx_word' id='word_1_214' title='bbox 773 1636 846 1677; x_wconf 90' lang='lat' dir='ltr'><strong>diu</strong></span> <span class='ocrx_word' id='word_1_215' title='bbox 882 1651 1082 1679; x_wconf 88' lang='lat' dir='ltr'><strong>recusans</strong></span> <span class='ocrx_word' id='word_1_216' title='bbox 1119 1637 1228 1678; x_wconf 85' lang='lat' dir='ltr'><strong>nihil</strong></span> <span class='ocrx_word' id='word_1_217' title='bbox 1265 1637 1532 1693; x_wconf 89' lang='lat' dir='ltr'><strong>profecisset,</strong></span> 
     </span>
     <span class='ocr_line' id='line_1_28' title="bbox 186 1694 1532 1751; baseline 0.002 -17"><span class='ocrx_word' id='word_1_218' title='bbox 186 1694 454 1747; x_wconf 84' lang='lat' dir='ltr'><strong>provinciam</strong></span> <span class='ocrx_word' id='word_1_219' title='bbox 493 1694 658 1749; x_wconf 88' lang='lat' dir='ltr'><strong>accepit</strong></span> <span class='ocrx_word' id='word_1_220' title='bbox 695 1695 874 1749; x_wconf 82' lang='lat' dir='ltr'><strong>invitus3</strong></span> <span class='ocrx_word' id='word_1_221' title='bbox 912 1696 979 1736; x_wconf 92' lang='lat' dir='ltr'><strong>cui</strong></span> <span class='ocrx_word' id='word_1_222' title='bbox 1018 1696 1079 1737; x_wconf 91' lang='lat' dir='ltr'><strong>sic</strong></span> <span class='ocrx_word' id='word_1_223' title='bbox 1116 1695 1304 1750; x_wconf 88' lang='lat' dir='ltr'><strong>praefuit</strong></span> <span class='ocrx_word' id='word_1_224' title='bbox 1340 1696 1385 1737; x_wconf 88' lang='lat' dir='ltr'><strong>in</strong></span> <span class='ocrx_word' id='word_1_225' title='bbox 1414 1711 1532 1751; x_wconf 91' lang='lat' dir='ltr'><strong>pace,</strong></span> 
     </span>
     <span class='ocr_line' id='line_1_29' title="bbox 186 1749 1530 1820; baseline 0.002 -28"><span class='ocrx_word' id='word_1_226' title='bbox 186 1754 235 1792; x_wconf 93' lang='lat' dir='ltr'><strong>ut</strong></span> <span class='ocrx_word' id='word_1_227' title='bbox 268 1755 311 1793; x_wconf 90' lang='lat' dir='ltr'><strong>et</strong></span> <span class='ocrx_word' id='word_1_228' title='bbox 344 1752 508 1793; x_wconf 86' lang='lat' dir='ltr'><strong>civibus</strong></span> <span class='ocrx_word' id='word_1_229' title='bbox 541 1755 585 1793; x_wconf 92' lang='lat' dir='ltr'><strong>et</strong></span> <span class='ocrx_word' id='word_1_230' title='bbox 617 1753 744 1794; x_wconf 90' lang='lat' dir='ltr'><strong>sociis</strong></span> <span class='ocrx_word' id='word_1_231' title='bbox 771 1753 1020 1807; x_wconf 86' lang='lat' dir='ltr'><strong>gratissima</strong></span> <span class='ocrx_word' id='word_1_232' title='bbox 1046 1756 1159 1794; x_wconf 92' lang='lat' dir='ltr'><strong>esset</strong></span> <span class='ocrx_word' id='word_1_233' title='bbox 1185 1754 1275 1795; x_wconf 85' lang='lat' dir='ltr'><strong>eius</strong></span> <span class='ocrx_word' id='word_1_234' title='bbox 1289 1749 1530 1820; x_wconf 78' lang='lat' dir='ltr'><strong>integritas</strong></span> 
     </span>
     <span class='ocr_line' id='line_1_30' title="bbox 151 1810 1531 1866; baseline 0 -13"><span class='ocrx_word' id='word_1_235' title='bbox 151 1823 236 1853; x_wconf 89' lang='lat' dir='ltr'><strong>3ac</strong></span> <span class='ocrx_word' id='word_1_236' title='bbox 273 1810 390 1852; x_wconf 90' lang='lat' dir='ltr'><strong>fides.</strong></span> <span class='ocrx_word' id='word_1_237' title='bbox 451 1810 622 1852; x_wconf 91' lang='lat' dir='ltr'><strong>Bellum</strong></span> <span class='ocrx_word' id='word_1_238' title='bbox 660 1811 804 1852; x_wconf 90' lang='lat' dir='ltr'><strong>subito</strong></span> <span class='ocrx_word' id='word_1_239' title='bbox 843 1812 1019 1862; x_wconf 79' lang='lat' dir='ltr'><strong>exarsit,</strong></span> <span class='ocrx_word' id='word_1_240' title='bbox 1059 1812 1189 1865; x_wconf 89' lang='lat' dir='ltr'><strong>quod,</strong></span> <span class='ocrx_word' id='word_1_241' title='bbox 1227 1811 1299 1866; x_wconf 88' lang='lat' dir='ltr'><strong>qui</strong></span> <span class='ocrx_word' id='word_1_242' title='bbox 1333 1815 1455 1853; x_wconf 91' lang='lat' dir='ltr'><strong>erant</strong></span> <span class='ocrx_word' id='word_1_243' title='bbox 1485 1813 1531 1854; x_wconf 87' lang='lat' dir='ltr'><strong>in</strong></span> 
     </span>
     <span class='ocr_line' id='line_1_31' title="bbox 186 1867 1585 1924; baseline 0.001 -16"><span class='ocrx_word' id='word_1_244' title='bbox 186 1867 347 1922; x_wconf 84' lang='lat' dir='ltr'><strong>Africa,</strong></span> <span class='ocrx_word' id='word_1_245' title='bbox 380 1872 478 1909; x_wconf 89' lang='lat' dir='ltr'><strong>ante</strong></span> <span class='ocrx_word' id='word_1_246' title='bbox 511 1869 738 1910; x_wconf 89' lang='lat' dir='ltr'><strong>audierunt</strong></span> <span class='ocrx_word' id='word_1_247' title='bbox 769 1869 861 1924; x_wconf 87' lang='lat' dir='ltr'><strong>geri</strong></span> <span class='ocrx_word' id='word_1_248' title='bbox 894 1884 1022 1924; x_wconf 88' lang='lat' dir='ltr'><strong>quam</strong></span> <span class='ocrx_word' id='word_1_249' title='bbox 1050 1870 1204 1924; x_wconf 75' lang='lat' dir='ltr'><strong>parari.</strong></span> <span class='ocrx_word' id='word_1_250' title='bbox 1263 1869 1356 1918; x_wconf 87' lang='lat' dir='ltr'><strong>Quo</strong></span> <span class='ocrx_word' id='word_1_251' title='bbox 1383 1870 1529 1913; x_wconf 90' lang='lat' dir='ltr'><strong>audito</strong></span> <span class='ocrx_word' id='word_1_252' title='bbox 1549 1884 1585 1910; x_wconf 77' lang='lat' dir='ltr'><strong>so</strong></span> 
     </span>
     <span class='ocr_line' id='line_1_32' title="bbox 185 1927 1530 1982; baseline 0.002 -15"><span class='ocrx_word' id='word_1_253' title='bbox 185 1927 347 1980; x_wconf 89' lang='lat' dir='ltr'><strong>partim</strong></span> <span class='ocrx_word' id='word_1_254' title='bbox 379 1927 615 1981; x_wconf 89' lang='lat' dir='ltr'><strong>cupiditate</strong></span> <span class='ocrx_word' id='word_1_255' title='bbox 648 1927 975 1982; x_wconf 89' lang='lat' dir='ltr'><strong>inconsiderata,</strong></span> <span class='ocrx_word' id='word_1_256' title='bbox 1006 1928 1166 1982; x_wconf 90' lang='lat' dir='ltr'><strong>partim</strong></span> <span class='ocrx_word' id='word_1_257' title='bbox 1193 1942 1317 1970; x_wconf 91' lang='lat' dir='ltr'><strong>caeco</strong></span> <span class='ocrx_word' id='word_1_258' title='bbox 1345 1929 1530 1982; x_wconf 85' lang='lat' dir='ltr'><strong>quodam</strong></span> 
     </span>
     <span class='ocr_line' id='line_1_33' title="bbox 186 1984 1530 2039; baseline 0.001 -14"><span class='ocrx_word' id='word_1_259' title='bbox 186 1984 341 2025; x_wconf 91' lang='lat' dir='ltr'><strong>timore</strong></span> <span class='ocrx_word' id='word_1_260' title='bbox 368 1985 508 2039; x_wconf 91' lang='lat' dir='ltr'><strong>primo</strong></span> <span class='ocrx_word' id='word_1_261' title='bbox 537 1985 701 2039; x_wconf 86' lang='lat' dir='ltr'><strong>salutis,</strong></span> <span class='ocrx_word' id='word_1_262' title='bbox 732 1988 833 2039; x_wconf 89' lang='lat' dir='ltr'><strong>post</strong></span> <span class='ocrx_word' id='word_1_263' title='bbox 859 1986 989 2027; x_wconf 91' lang='lat' dir='ltr'><strong>etiam</strong></span> <span class='ocrx_word' id='word_1_264' title='bbox 1016 1986 1146 2027; x_wconf 89' lang='lat' dir='ltr'><strong>studii</strong></span> <span class='ocrx_word' id='word_1_265' title='bbox 1174 1986 1240 2027; x_wconf 92' lang='lat' dir='ltr'><strong>sui</strong></span> <span class='ocrx_word' id='word_1_266' title='bbox 1266 1987 1530 2039; x_wconf 89' lang='lat' dir='ltr'><strong>quaerebant</strong></span> 
     </span>
     <span class='ocr_line' id='line_1_34' title="bbox 187 2043 1585 2099; baseline 0.002 -17"><span class='ocrx_word' id='word_1_267' title='bbox 187 2043 375 2096; x_wconf 86' lang='lat' dir='ltr'><strong>aliquem</strong></span> <span class='ocrx_word' id='word_1_268' title='bbox 416 2043 585 2097; x_wconf 88' lang='lat' dir='ltr'><strong>ducem,</strong></span> <span class='ocrx_word' id='word_1_269' title='bbox 629 2057 726 2084; x_wconf 92' lang='lat' dir='ltr'><strong>cum</strong></span> <span class='ocrx_word' id='word_1_270' title='bbox 763 2043 963 2099; x_wconf 90' lang='lat' dir='ltr'><strong>Ligarius</strong></span> <span class='ocrx_word' id='word_1_271' title='bbox 1003 2045 1177 2085; x_wconf 90' lang='lat' dir='ltr'><strong>domum</strong></span> <span class='ocrx_word' id='word_1_272' title='bbox 1215 2047 1432 2098; x_wconf 80' lang='lat' dir='ltr'><strong>spectans,</strong></span> <span class='ocrx_word' id='word_1_273' title='bbox 1475 2044 1529 2085; x_wconf 92' lang='lat' dir='ltr'><strong>ad</strong></span> <span class='ocrx_word' id='word_1_274' title='bbox 1582 2092 1585 2093; x_wconf 19' lang='lat'><em>⁷</em></span> 
     </span>
     <span class='ocr_line' id='line_1_35' title="bbox 187 2101 1527 2157; baseline 0.001 -17"><span class='ocrx_word' id='word_1_275' title='bbox 187 2115 288 2141; x_wconf 88' lang='lat' dir='ltr'><strong>suos</strong></span> <span class='ocrx_word' id='word_1_276' title='bbox 327 2101 464 2142; x_wconf 91' lang='lat' dir='ltr'><strong>redire</strong></span> <span class='ocrx_word' id='word_1_277' title='bbox 505 2101 678 2155; x_wconf 90' lang='lat' dir='ltr'><strong>cupiens</strong></span> <span class='ocrx_word' id='word_1_278' title='bbox 713 2101 832 2143; x_wconf 90' lang='lat' dir='ltr'><strong>nullo</strong></span> <span class='ocrx_word' id='word_1_279' title='bbox 865 2116 909 2143; x_wconf 90' lang='lat' dir='ltr'><strong>se</strong></span> <span class='ocrx_word' id='word_1_280' title='bbox 941 2102 1138 2156; x_wconf 89' lang='lat' dir='ltr'><strong>inplicari</strong></span> <span class='ocrx_word' id='word_1_281' title='bbox 1168 2102 1344 2157; x_wconf 90' lang='lat' dir='ltr'><strong>negotio</strong></span> <span class='ocrx_word' id='word_1_282' title='bbox 1375 2115 1527 2155; x_wconf 89' lang='lat' dir='ltr'><strong>passus</strong></span> 
     </span>
     <span class='ocr_line' id='line_1_36' title="bbox 186 2158 1581 2214; baseline 0.001 -16"><span class='ocrx_word' id='word_1_283' title='bbox 186 2161 263 2198; x_wconf 90' lang='lat' dir='ltr'><strong>est.</strong></span> <span class='ocrx_word' id='word_1_284' title='bbox 330 2158 512 2200; x_wconf 92' lang='lat' dir='ltr'><strong>Interim</strong></span> <span class='ocrx_word' id='word_1_285' title='bbox 549 2159 595 2200; x_wconf 92' lang='lat' dir='ltr'><strong>P.</strong></span> <span class='ocrx_word' id='word_1_286' title='bbox 627 2159 777 2200; x_wconf 90' lang='lat' dir='ltr'><strong>Attius</strong></span> <span class='ocrx_word' id='word_1_287' title='bbox 815 2159 975 2214; x_wconf 87' lang='lat' dir='ltr'><strong>Varus,</strong></span> <span class='ocrx_word' id='word_1_288' title='bbox 1014 2160 1087 2214; x_wconf 90' lang='lat' dir='ltr'><strong>qui</strong></span> <span class='ocrx_word' id='word_1_289' title='bbox 1123 2162 1298 2214; x_wconf 90' lang='lat' dir='ltr'><strong>praetor</strong></span> <span class='ocrx_word' id='word_1_290' title='bbox 1334 2158 1527 2201; x_wconf 85' lang='lat' dir='ltr'><strong>Africam</strong></span> <span class='ocrx_word' id='word_1_291' title='bbox 1547 2172 1581 2199; x_wconf 83' lang='lat'><strong>35</strong></span> 
     </span>
     <span class='ocr_line' id='line_1_37' title="bbox 187 2216 1528 2270; baseline 0.002 -14"><span class='ocrx_word' id='word_1_292' title='bbox 187 2216 447 2270; x_wconf 81' lang='lat' dir='ltr'><strong>optinuerat,</strong></span> <span class='ocrx_word' id='word_1_293' title='bbox 478 2217 653 2259; x_wconf 91' lang='lat' dir='ltr'><strong>Uticam</strong></span> <span class='ocrx_word' id='word_1_294' title='bbox 684 2218 812 2258; x_wconf 87' lang='lat' dir='ltr'><strong>venit.</strong></span> <span class='ocrx_word' id='word_1_295' title='bbox 868 2218 936 2260; x_wconf 91' lang='lat' dir='ltr'><strong>Ad</strong></span> <span class='ocrx_word' id='word_1_296' title='bbox 968 2232 1065 2260; x_wconf 89' lang='lat' dir='ltr'><strong>eum</strong></span> <span class='ocrx_word' id='word_1_297' title='bbox 1097 2218 1246 2260; x_wconf 89' lang='lat' dir='ltr'><strong>statim</strong></span> <span class='ocrx_word' id='word_1_298' title='bbox 1274 2231 1528 2259; x_wconf 89' lang='lat' dir='ltr'><strong>concursum</strong></span> 
     </span>
     <span class='ocr_line' id='line_1_38' title="bbox 186 2273 1528 2330; baseline 0.004 -18"><span class='ocrx_word' id='word_1_299' title='bbox 186 2276 263 2313; x_wconf 89' lang='lat' dir='ltr'><strong>est.</strong></span> <span class='ocrx_word' id='word_1_300' title='bbox 325 2273 470 2328; x_wconf 89' lang='lat' dir='ltr'><strong>Atque</strong></span> <span class='ocrx_word' id='word_1_301' title='bbox 508 2275 580 2316; x_wconf 92' lang='lat' dir='ltr'><strong>ille</strong></span> <span class='ocrx_word' id='word_1_302' title='bbox 617 2290 704 2316; x_wconf 89' lang='lat' dir='ltr'><strong>non</strong></span> <span class='ocrx_word' id='word_1_303' title='bbox 739 2276 943 2317; x_wconf 88' lang='lat' dir='ltr'><strong>mediocri</strong></span> <span class='ocrx_word' id='word_1_304' title='bbox 975 2276 1208 2330; x_wconf 89' lang='lat' dir='ltr'><strong>cupiditate</strong></span> <span class='ocrx_word' id='word_1_305' title='bbox 1240 2274 1422 2329; x_wconf 90' lang='lat' dir='ltr'><strong>arripuit</strong></span> <span class='ocrx_word' id='word_1_306' title='bbox 1454 2277 1528 2317; x_wconf 93' lang='lat' dir='ltr'><strong>im-</strong></span> 
     </span>
    </p>
   </div>
  </div>
 </body>
</html>
