1671 2543
451 378 513 425 M.
553 378 742 425 TULLI
780 379 1107 428 CICERONIS

109 499 181 553 IN
230 500 298 553 M.
352 499 713 554 ANTONIUM
758 500 1009 555 ORATIO
1054 500 1456 556 PHILIPPICA

642 605 917 661 OCTAVA.

588 826 974 870 ARGUMENTUM.

200 915 403 959 Postquam
417 914 491 950 Ser.
508 913 671 959 Sulpicio
691 914 731 949 in
750 914 939 960 legatione
951 915 998 950 ad
1013 915 1060 951 M.
1075 915 1277 950 Antonium
1290 918 1448 961 mortuo,

107 961 170 1006 qui
195 962 329 1006 reliqui
354 964 460 997 erant
485 962 558 997 duo
585 961 720 1006 legati,
751 961 789 997 L.
817 962 902 996 Piso
929 964 967 997 et
991 962 1030 998 L.
1056 962 1250 1007 Philippus
1278 963 1368 998 satis
1393 962 1448 998 in-

107 1008 321 1043 tolerabilia
344 1009 536 1054 postulata
562 1009 608 1042 ad
636 1010 801 1043 senatum
831 1009 878 1043 ab
898 1009 1061 1044 Antonio
1082 1010 1316 1054 rettulerunt,
1343 1021 1447 1045 sena-

106 1057 166 1089 tus
199 1055 338 1090 bellum
371 1056 520 1100 quidem
555 1057 682 1090 contra
706 1055 754 1091 M.
780 1056 984 1090 Antonium
1015 1056 1290 1101 suscipiendum
1323 1057 1447 1102 potius

108 1102 274 1138 decrevit
293 1114 403 1146 quam
424 1102 659 1138 condiciones
682 1104 928 1147 accipiendas,
956 1104 1020 1138 sed
1039 1103 1160 1138 lenius
1182 1106 1315 1148 tamen,
1337 1116 1448 1148 quam

106 1149 154 1184 M.
182 1149 308 1185 Cicero
340 1152 379 1184 et
410 1150 473 1194 qui
505 1149 584 1184 eius
616 1151 741 1194 partes
774 1149 812 1183 in
843 1160 881 1184 re
913 1150 1066 1195 publica
1090 1151 1340 1195 sequebantur
1366 1163 1447 1186 cen-

107 1198 269 1232 suerunt.
325 1196 419 1231 Nam
451 1197 489 1230 id
520 1196 641 1241 ipsum
672 1196 812 1231 bellum
843 1197 1025 1231 tumultus
1056 1197 1205 1233 nomine
1237 1199 1447 1243 appellave-

107 1246 193 1278 rant
218 1246 256 1278 et
279 1242 317 1278 L.
346 1243 497 1277 Varium
525 1243 705 1287 Cotylam,
732 1254 840 1287 quem
868 1244 912 1278 de
938 1244 1013 1278 suis
1041 1244 1169 1279 amicis
1194 1246 1241 1280 M.
1262 1245 1446 1280 Antonius

106 1301 181 1325 una
206 1302 288 1325 cum
314 1290 468 1335 legatis,
495 1301 586 1334 quos
613 1290 785 1334 diximus,
810 1290 978 1334 Romam,
1006 1293 1046 1325 ut
1073 1302 1177 1326 suam
1203 1302 1281 1326 rem
1308 1294 1446 1337 ageret,

105 1337 275 1381 miserat,
307 1337 354 1372 ad
378 1337 581 1371 Antonium
607 1338 870 1372 remittendum
897 1340 935 1372 et
959 1338 1070 1372 tertio
1097 1338 1244 1373 demum
1270 1339 1330 1374 die
1356 1350 1448 1384 saga

107 1384 287 1419 sumenda
318 1384 568 1420 decreverant.
618 1384 737 1426 Quam
768 1385 815 1419 ob
841 1396 918 1420 rem
944 1396 1025 1419 cum
1051 1386 1231 1430 postridie
1258 1386 1335 1421 eius
1362 1387 1446 1430 diei,

107 1442 178 1474 quo
210 1432 303 1467 haec
328 1432 366 1466 in
393 1433 523 1466 senatu
550 1433 636 1466 acta
661 1433 784 1475 erant,
815 1431 853 1468 C.
879 1432 1001 1467 Pansa
1026 1433 1153 1467 consul
1180 1433 1218 1466 in
1244 1435 1375 1468 senatu
1402 1433 1447 1468 de

106 1477 245 1512 litteris
271 1479 314 1513 A.
335 1478 435 1513 Hirti
461 1478 622 1514 consulis
649 1479 807 1523 aliisque
832 1479 942 1514 rebus
967 1480 1130 1523 referret,
1157 1480 1206 1515 M.
1228 1479 1354 1516 Cicero
1381 1492 1447 1516 suo

107 1523 188 1559 loco
211 1525 435 1559 sententiam
453 1527 606 1570 rogatus
627 1526 733 1570 hanc,
755 1537 849 1570 quae
870 1526 966 1561 infra
986 1527 1126 1572 scripta
1145 1529 1211 1570 est,
1239 1527 1448 1562 orationem

107 1571 256 1613 habuit,
284 1583 367 1615 qua,
395 1583 503 1616 quem
529 1572 577 1606 ad
602 1573 753 1608 modum
778 1575 909 1608 contra
933 1573 982 1608 M.
1009 1573 1211 1608 Antonium
1238 1573 1311 1608 sibi
1337 1585 1447 1619 agen-

108 1618 195 1652 dum
222 1618 423 1662 videretur,
451 1621 620 1653 senatum
647 1620 805 1655 edocuit.

198 1843 428 1885 Confusius
472 1844 673 1885 hesterno
719 1844 784 1885 die
829 1847 894 1885 est
938 1847 1033 1886 aeta
1076 1859 1161 1899 res,
1205 1844 1256 1888 O.
1294 1838 1484 1901 Pansa,1

111 1916 238 1955 quam
281 1903 532 1956 postulabat
570 1903 820 1943 institutum
858 1903 1104 1944 consulatus
1143 1903 1218 1944 tui.
1288 1898 1481 1946 Paruml

111 1960 216 2000 mihi
248 1961 364 2002 visus
397 1976 441 2002 es
474 1975 557 2015 eos,
591 1961 745 2015 quibus
779 1961 922 2002 cedere
953 1976 1040 2002 non
1067 1962 1190 2016 soles7
1223 1963 1446 2004 sustinere.
1497 2001 1499 2003 .

110 2017 223 2058 Nam
251 2033 346 2060 culn
373 2022 545 2061 senatus
572 2034 621 2060 ea
648 2019 782 2060 virtus
808 2019 972 2073 fuisset,
1000 2035 1105 2074 quae
1133 2021 1256 2075 solet,
1282 2024 1325 2062 et
1350 2036 1447 2062 cum

112 2091 155 2118 re
191 2077 382 2118 viderent
414 2092 560 2119 omnes
593 2092 684 2119 esse
715 2078 876 2119 bellum
908 2078 1164 2132 quidamque
1196 2079 1239 2120 id
1269 2080 1447 2121 verbum

110 2136 413 2177 removendum
439 2137 763 2190 arbitrarentur,
794 2138 868 2177 tua
893 2136 1092 2178 voluntas
1119 2138 1162 2178 in
1189 2137 1446 2180 discessione

110 2194 194 2234 fuit
220 2194 272 2234 ad
297 2194 520 2235 lenitatem
546 2195 808 2249 propensior.
864 2194 994 2236 Victa
1018 2198 1085 2236 est
1111 2196 1246 2250 igitur
1270 2199 1448 2251 propter

110 2253 230 2293 verbi
262 2253 538 2307 asperitatem
568 2256 610 2294 te
637 2256 809 2295 auctore
835 2258 984 2294 nostra
1015 2254 1239 2307 sententia,
1270 2255 1374 2296 vicit
1399 2254 1447 2298 L.

112 2309 318 2365 Caesaris,
351 2311 603 2365 amplissimi
637 2312 729 2366 viri,
762 2312 834 2366 qui
865 2312 983 2352 verbi
1016 2312 1242 2354 atrocitate
1275 2313 1448 2368 dempta.
