1671 2543
495 77 595 112 CAP.
622 81 762 112 22—24
789 81 808 119 ξ,
837 81 986 112 54—59.
1358 76 1446 118 225

95 187 182 228 tiae
233 187 474 240 adsumere,
522 199 641 227 meae
690 185 928 227 modestiae
978 184 1199 226 remittere
1243 184 1446 225 debeatis.

94 245 209 287 Illud
240 260 374 287 unum
404 259 480 286 vos
507 258 766 300 magnopere
794 258 868 285 oro
895 246 1025 298 atque
1052 243 1242 298 obsecro,
1273 242 1449 292 iudices,

97 319 193 346 cum
236 304 382 358 huius,
433 317 559 358 quem
603 302 801 357 defendo,
845 305 939 344 tum
983 301 1222 343 communis
1266 301 1448 356 periculi

96 377 235 417 causa,
258 378 312 404 ne
331 361 445 404 fictis
467 361 770 415 auditionibus,
793 376 845 402 ne
866 361 1145 402 disseminato
1165 360 1445 415 dispersoque

59 437 76 462 5
97 421 284 464 sermoni
303 421 498 462 fortunas
518 420 812 462 innocentium
830 420 1098 461 subiciendas
1111 419 1287 474 putetis.
1313 418 1444 460 Multi
1460 426 1504 457 57

96 480 223 522 amici
255 479 530 534 accusatoris,
560 494 648 520 non
677 479 787 520 nulli
816 479 948 520 etiam
972 478 1113 520 nostri
1138 478 1287 532 iniqui,
1318 477 1446 519 multi

96 553 342 581 communes
388 539 702 580 obtrectatores
742 540 869 592 atque
910 537 1102 579 omnium
1137 536 1272 578 invidi
1309 536 1447 578 multa

94 599 322 639 finxerunt.
383 596 507 639 Nihil
546 599 612 638 est
651 599 795 637 autem
829 599 921 637 tam
953 597 1126 637 volucre
1159 610 1287 650 quam
1318 595 1447 636 male-

97 657 276 710 dictum,
310 656 421 697 nihil
452 655 622 697 facilius
656 655 890 709 emittitur,
921 655 1031 695 nihil
1064 654 1190 696 citius
1223 654 1446 708 excipitur,

43 736 77 760 ιο
95 716 227 756 latius
254 715 499 769 dissipatur.
537 713 686 768 Neque
714 728 806 769 ego,
833 714 870 755 si
895 713 1061 755 fontem
1087 712 1304 754 maledicti
1329 727 1447 766 repe-

94 774 229 827 rietis,
247 776 298 815 ut
315 773 560 829 neglegatis
578 776 654 814 aut
668 773 963 826 dissimuletis,
982 786 1188 826 umquam
1201 771 1445 826 postulabo.

97 832 180 875 Sed
229 833 265 874 si
316 832 417 887 quid
467 832 557 873 sine
607 832 747 886 capite
797 831 992 872 manabit
1042 834 1170 885 atque
1219 830 1302 871 erit
1353 830 1446 871 eius

96 892 224 946 modi,
249 893 300 932 ut
317 906 406 932 non
425 893 543 932 extet
563 893 723 944 auctor,
748 891 797 944 si,
818 890 890 944 qui
911 890 1107 943 audierit,
1127 891 1202 930 aut
1220 889 1285 930 ita
1302 888 1447 943 negle1

96 965 201 1006 gens
239 950 362 991 vobis
401 964 493 991 esse
524 949 760 1002 videbitur,
797 947 1010 1003 ut,'unde
1044 947 1243 1001 audierit,
1283 947 1445 989 oblitus

46 1028 76 1054 15
97 1009 171 1063 sit,
222 1011 297 1050 aut
345 1008 410 1050 ita
456 1008 594 1049 levem
637 1007 816 1049 habebit
860 1009 1097 1060 auctorem,
1145 1009 1194 1047 ut
1238 1006 1447 1048 memoria

96 1068 274 1123 dignum
304 1082 393 1109 non
421 1067 605 1121 putarit,
635 1066 764 1108 huius
795 1066 872 1107 illa
902 1080 985 1107 vox
1015 1065 1207 1120 vulgaris
1241 1064 1443 1106 ‘audivi’

95 1141 148 1168 ne
181 1126 283 1180 quid
314 1125 534 1167 innocenti
565 1139 637 1167 reo
669 1127 840 1179 noceat,
873 1138 1057 1165 oramus.
1459 1147 1515 1187 24

185 1184 268 1226 Sed
304 1184 429 1226 venio
464 1185 552 1225 iam
583 1184 636 1225 ad
666 1183 713 1225 L.
746 1182 960 1241 Cassium,
997 1181 1257 1223 familiarem
1289 1196 1444 1236 meum,
1460 1206 1504 1238 58

97 1244 216 1285 cuius
256 1257 307 1284 ex
344 1243 538 1284 oratione
574 1257 628 1284 ne
662 1242 786 1283 illum
819 1242 992 1296 quidem
1023 1240 1270 1282 Iuventium
1301 1243 1446 1281 tecum

43 1322 78 1347 20
97 1302 383 1357 expostulavi,
422 1316 549 1356 quem
579 1301 653 1342 ille
686 1301 801 1342 omni
833 1303 876 1342 et
906 1299 1178 1341 humanitate
1210 1302 1254 1340 et
1284 1299 1445 1340 virtute

97 1363 274 1403 ornatus
307 1360 554 1402 adulescens
585 1359 773 1415 primum
805 1359 855 1400 de
886 1359 1011 1413 plebe
1044 1358 1225 1399 aedilem
1255 1358 1446 1399 curulem

96 1420 262 1462 factum
292 1433 385 1461 esse
417 1419 536 1460 dixit.
596 1417 649 1460 In
681 1433 783 1472 quo,
821 1417 962 1472 Cassi,
998 1417 1035 1458 si
1066 1416 1149 1458 tibi
1179 1417 1243 1458 ita
1273 1431 1446 1470 respon-

98 1479 238 1532 deam,
278 1478 467 1520 nescisse
503 1477 547 1518 id
583 1477 792 1532 populum
828 1476 1089 1530 Romanum,
1125 1490 1263 1529 neque
1299 1474 1446 1526 fuisse,

99 1537 173 1591 qui
202 1537 247 1577 id
276 1536 402 1578 nobis
432 1538 640 1590 narraret,
669 1535 924 1590 praesertim
956 1537 1126 1576 mortuo
1155 1533 1316 1589 Congo,
1345 1548 1445 1587 non,

45 1614 79 1640 25
97 1598 148 1637 ut
185 1594 354 1649 opinor,
391 1594 617 1649 admirere,
656 1609 752 1636 cum
789 1607 868 1649 ego
906 1594 999 1648 ipse
1034 1607 1121 1634 non
1153 1592 1388 1634 abhorrens
1421 1606 1446 1632 a

99 1653 242 1695 studio
281 1653 555 1706 antiquitatis
593 1667 660 1694 me
696 1653 768 1694 hic
804 1653 848 1693 id
885 1666 937 1693 ex
973 1654 1016 1692 te
1053 1651 1240 1705 primum
1276 1650 1445 1691 audisse

99 1712 315 1754 confitear.
364 1711 434 1764 Et,
467 1711 668 1765 quoniam
699 1714 775 1752 tua
805 1710 889 1751 fuit
918 1710 1168 1764 perelegans
1202 1711 1245 1750 et
1271 1709 1447 1763 persub-

98 1771 190 1813 tilis
217 1770 368 1824 oratio,
393 1745 524 1824 digna
549 1769 706 1823 equitis
732 1768 918 1810 Romani
936 1768 1004 1809 vel
1024 1768 1166 1809 studio
1186 1767 1254 1808 vel
1272 1767 1446 1821 pudore,

101 1829 386 1895 quoniamque
424 1828 486 1869 sic
524 1827 577 1868 ab
608 1827 677 1868 his
710 1841 754 1868 es
786 1827 975 1880 auditus,
1011 1828 1061 1867 ut
1092 1839 1275 1880 magnus
1307 1825 1445 1866 honos

46 1907 81 1932 30
101 1891 143 1929 et
173 1887 346 1942 ingenio
379 1888 422 1928 et
451 1885 712 1927 humanitati
742 1888 841 1926 tuae
867 1884 1141 1938 tribueretur,
1179 1883 1446 1937 respondebo

99 1946 153 1988 ad
183 1961 245 1999 ea,
277 1959 383 2000 quae
412 1944 571 1998 dixisti,
603 1958 709 2009 quae
740 1943 942 1998 pleraque
968 1943 1053 1983 de
1043 1957 1137 2008 lpso
1163 1956 1231 1983 me
1255 1941 1448 1996 fuerunt3

97 2005 145 2046 in
175 2004 328 2059 quibus
354 2004 439 2058 ipsi
465 2002 612 2056 aculei,
644 2003 680 2043 si
707 2016 812 2056 quos
843 2001 1071 2042 habuisti
1060 2016 1107 2041 111
1131 2014 1198 2042 me
1224 2000 1448 2054 reprehen-

100 2064 248 2117 dendo,
279 2065 426 2104 tamen
456 2061 562 2103 mihi
592 2075 680 2102 non
710 2060 872 2115 ingrati
904 2060 1160 2101 acciderunt.
1217 2058 1445 2112 Quaesisti,
1461 2066 1503 2097 59

99 2124 247 2163 utrum
283 2121 390 2163 mihi
421 2123 636 2175 putarem,
671 2119 826 2173 equitis
858 2117 1043 2160 Romani
1073 2117 1183 2170 filio,
1212 2092 1451 2158 faciliorem

49 2196 85 2222 35
104 2180 237 2222 fuisse
275 2180 328 2222 ad
363 2178 658 2242 adipiscendos
690 2177 875 2219 honores
906 2177 1021 2217 viam
1053 2190 1108 2217 an
1137 2175 1327 2217 futuram
1358 2189 1450 2216 esse

101 2238 192 2280 filio
218 2253 326 2291 meo,
352 2253 451 2293 quia
478 2239 590 2279 esset
615 2236 780 2277 familia
805 2235 1030 2277 consulari.
1066 2234 1163 2290 Ego
1182 2248 1283 2275 vero
1306 2248 1449 2288 quam

102 2311 231 2351 quam
271 2297 339 2338 illi
383 2296 526 2338 omnia
568 2294 681 2337 malo
722 2309 850 2349 quam
886 2293 1011 2348 mihi,
1052 2295 1196 2335 tamen
1235 2292 1450 2335 honorum

172 2370 307 2398 01011
326 2365 1240 2398 3.15
