1671 2543
534 83 636 120 CAP.
663 88 755 119 2-4
781 88 800 127 ς
826 88 952 120 4—10.
1377 87 1464 128 525

115 196 312 235 nostrum
334 195 414 235 hoc
437 193 662 234 consilium
676 191 822 247 Capua
841 192 1056 247 probabit,
1076 207 1184 248 quae
1195 196 1463 248 temporibus

116 252 185 293 his
206 251 344 294 Roma
370 252 505 293 altera
525 252 619 293 est?
669 251 752 292 Illa
771 252 927 306 impios
949 252 1061 294 cives
1081 252 1299 306 iudicavit,
1327 254 1463 307 eiecit,

118 311 312 352 exclusit.
374 310 464 365 Illi,
495 310 578 364 illi,
610 310 804 364 inquam,
836 311 933 352 urbi
965 310 1201 353 fortissime
1235 312 1406 354 conanti
1441 327 1462 353 e

118 369 316 410 manibus
337 372 404 410 est
423 371 595 424 ereptus
616 369 845 410 Antonius.
897 368 1037 418 Quid?
1058 370 1278 425 legionum
1297 379 1462 413 nostra·
1477 383 1497 414 8

82 443 97 467 ε.
118 443 212 469 rum
251 442 405 469 nervos
442 442 582 470 nonne
614 427 683 469 his
715 428 906 470 consiliis
938 428 1196 470 incidimus?
1259 428 1362 478 Quis
1396 433 1463 471 est

117 487 249 540 enim,
293 487 365 540 qui
411 487 463 528 ad
505 487 667 528 bellum
705 487 973 528 inflammato
1014 487 1156 529 animo
1194 487 1366 529 futurus
1405 489 1463 530 sit

118 559 192 599 spe
224 546 343 599 pacis
376 546 554 587 oblata?
610 544 712 600 Ipsa
737 546 812 586 illa
838 545 999 587 Martia
1025 546 1222 588 caelestis
1250 550 1293 588 et
1319 547 1463 589 divina

116 603 231 659 legio
270 604 352 646 hoc
388 605 540 646 nuntio
579 604 829 659 languescet
866 608 910 646 et
945 605 1164 646 mollietur
1196 609 1324 660 atque
1356 606 1463 648 illud

117 663 453 716 pulcherrimum
474 663 682 704 Martium
707 678 863 705 nomen
885 664 1076 718 amittet;
1102 664 1298 705 excident
1319 665 1461 720 gladii,

67 734 98 759 10
117 721 252 763 fluent
291 736 411 762 arma
447 722 497 763 de
541 722 751 764 manibus.
814 721 1021 763 Senatum
1053 723 1165 764 enim
1198 726 1346 764 secuta
1376 738 1460 765 non

118 780 402 821 arbitrabitur
435 795 479 822 se
512 781 707 836 graviore
735 781 831 822 odio
858 782 1010 822 debere
1037 796 1129 822 esse
1155 782 1200 823 in
1226 782 1463 824 Antonium

119 853 248 893 quam
280 843 488 881 senatum.
551 839 690 881 Pudet
721 840 848 881 huius
881 840 1076 895 legionis,
1108 841 1241 894 pudet
1274 844 1462 895 quartae,

119 912 227 952 quae
264 898 358 952 pari
396 899 556 940 virtute
594 902 788 940 nostram
821 899 1125 940 auctoritatem
1156 900 1344 953 probans
1376 915 1463 942 non

117 960 168 997 ut
200 957 420 998 consulem
452 961 495 998 et
525 958 831 1011 imperatorem
864 972 999 1012 suum,
1032 958 1106 999 sed
1136 961 1186 999 ut
1216 959 1388 1000 hostem
1420 962 1464 1000 et

66 1027 99 1053 15
120 1018 464 1070 oppugnatorem
488 1016 653 1070 patriae
679 1016 855 1070 reliquit
876 1016 1131 1071 Antonium3
1155 1017 1288 1071 pudet
1309 1017 1463 1071 optimi

119 1074 349 1128 exercitus,
387 1075 460 1128 qui
492 1075 746 1116 coniunctus
778 1078 844 1116 est
876 1090 926 1116 ex
958 1076 1143 1130 duobus,
1176 1076 1250 1129 qui
1281 1076 1368 1117 iam
1400 1077 1460 1117 lu-

120 1135 301 1186 stratus,
341 1133 414 1187 qui
451 1133 669 1187 profectus
709 1133 761 1174 ad
792 1133 1006 1174 Mutinam
1038 1137 1121 1189 est,
1159 1135 1232 1189 qui
1265 1135 1301 1175 si
1332 1135 1462 1189 pacis,

118 1191 162 1232 id
194 1194 261 1232 est
291 1191 462 1233 timoris
493 1192 650 1246 nostri,
687 1207 844 1233 nomen
875 1192 1074 1247 audierit,
1112 1195 1162 1233 ut
1186 1207 1274 1235 non
1304 1193 1463 1235 referat

117 1250 282 1304 pedem,
307 1251 482 1292 insistet
507 1252 632 1292 certe.
683 1249 793 1299 Quid
820 1251 932 1292 enim
958 1254 1186 1293 revocante
1208 1255 1251 1293 et
1270 1253 1463 1306 receptui

67 1322 100 1347 20
120 1312 298 1350 canente
337 1312 489 1351 senatu
526 1313 730 1364 properet
768 1309 999 1351 dimicare?
1061 1309 1172 1358 Quid
1204 1313 1348 1352 autem
1380 1311 1461 1353 hoc

117 1367 320 1408 iniustius
347 1382 476 1422 quam
500 1382 579 1410 nos
605 1368 887 1410 inscientibus
913 1369 978 1422 iis,
1006 1369 1078 1423 qui
1104 1369 1267 1410 bellum
1293 1373 1461 1425 gerunt,

119 1426 170 1467 de
201 1441 305 1479 pace
337 1427 579 1481 decernere,
616 1442 694 1468 nec
727 1427 867 1468 solum
898 1427 1193 1482 inscientibus,
1226 1428 1298 1469 sed
1331 1430 1460 1481 etiam

119 1484 297 1525 invitis?
335 1485 405 1526 An
425 1499 499 1526 vos
521 1487 570 1526 A.
589 1485 794 1539 Hirtium,
820 1486 1211 1539 praeclarissimum
1232 1488 1461 1541 consulem.

121 1542 166 1585 C.
187 1542 413 1584 Caesarem
440 1544 615 1584 deorum
641 1545 848 1585 beneficio
873 1548 1024 1586 natum
1051 1545 1104 1585 ad
1128 1545 1234 1586 haec
1254 1548 1461 1601 tempora,

68 1614 101 1639 25
122 1616 303 1656 quorum
342 1602 547 1654 epistulas
580 1616 700 1656 spem
730 1602 935 1644 victoriae
968 1603 1225 1645 declarantis
1257 1603 1303 1644 in
1334 1619 1463 1646 manu

121 1664 264 1713 teneo,
308 1674 456 1714 pacem
500 1660 608 1701 velle
653 1661 865 1702 censetis?
932 1660 1115 1703 Vincere
1154 1662 1219 1702 illi
1257 1666 1464 1716 expetunt

120 1719 324 1773 pacisque
375 1718 669 1760 dulcissimum
713 1722 757 1760 et
798 1719 1136 1772 pulcherrimum
1177 1735 1335 1761 nomen
1376 1736 1464 1763 non

121 1778 333 1831 pactione,
365 1777 439 1818 sed
470 1777 653 1818 victoria
680 1777 1025 1831 concupiverunt.
1087 1777 1226 1827 Quid?
1277 1778 1463 1821 Galliam

123 1850 207 1890 quo
240 1836 413 1877 tandem
440 1836 582 1877 animo
610 1835 719 1877 hanc
746 1850 835 1876 rem
863 1836 1105 1878 audituram
1130 1838 1326 1891 putatis?
1382 1838 1464 1880 Illa

69 1906 104 1931 :³0
123 1895 235 1935 em'm
261 1895 387 1935 huius
415 1894 517 1935 belli
541 1894 832 1948 propulsandi,
858 1895 1199 1949 administrandi,
1227 1897 1463 1938 sustinendi

122 1953 412 2007 principatum
445 1956 574 1994 tenet.
638 1951 779 1993 Gallia
806 1952 857 1993 D.
882 1953 1009 1994 Bruti
1040 1958 1195 1995 nutum
1226 1955 1380 2009 ipsum,
1410 1970 1463 1997 ne

123 2011 262 2052 dicam
303 2011 548 2064 imperium,
593 2015 740 2053 secuta
784 2012 932 2064 armis,
976 2013 1097 2066 viris,
1140 2014 1321 2067 pecunia
1359 2014 1462 2055 belli

122 2069 334 2123 principia
365 2070 571 2123 firmavit,
603 2070 748 2111 eadem
780 2070 1024 2112 crudelitati
1055 2071 1112 2112 M.
1143 2071 1307 2113 Antoni
1340 2087 1462 2114 suum

122 2131 266 2169 totum
310 2142 462 2182 corpus
506 2128 683 2182 obiecit,
732 2128 998 2183 exhauritur,
1048 2132 1261 2185 vastatur,
1305 2131 1463 2186 uritur,

71 2197 104 2224 ⁸5
125 2187 263 2228 omnis
298 2201 432 2240 aequo
466 2187 608 2228 animo
640 2187 743 2227 belli
774 2188 939 2241 patitur
968 2188 1165 2243 iniurias,
1203 2189 1303 2230 dum
1335 2191 1461 2232 modo

123 2245 304 2299 repellat
335 2245 571 2299 periculum
603 2245 834 2287 servitutis.
893 2245 953 2287 Et
977 2249 1027 2287 ut
1053 2248 1252 2288 omittam
1277 2248 1462 2303 reliquas
1480 2263 1521 2294 10

123 2306 268 2357 partes
295 2303 460 2345 Galliae
493 2304 611 2358 (nam
643 2307 744 2345 sunt
770 2318 914 2345 omnes
941 2305 1098 2360 pares),
1130 2306 1329 2348 Patavini
1354 2308 1462 2350 alios

1477 1289 1499 1328 4

1477 1349 1496 1379 9
