<?xml version="1.0" encoding="UTF-8"?>
<!DOCTYPE html PUBLIC "-//W3C//DTD XHTML 1.0 Transitional//EN"
    "http://www.w3.org/TR/xhtml1/DTD/xhtml1-transitional.dtd">
<html xmlns="http://www.w3.org/1999/xhtml" xml:lang="en" lang="en">
 <head>
  <title>
</title>
<meta http-equiv="Content-Type" content="text/html;charset=utf-8" />
  <meta name='ocr-system' content='tesseract 3.04.00' />
  <meta name='ocr-capabilities' content='ocr_page ocr_carea ocr_par ocr_line ocrx_word'/>
</head>
<body>
  <div class='ocr_page' id='page_1' title='image "./p3scriptaquaemanse02ciceuoft_0260.png"; bbox 0 0 1671 2543; ppageno 0'>
   <div class='ocr_carea' id='block_1_1' title="bbox 221 98 1378 143">
    <p class='ocr_par' dir='ltr' id='par_1_1' title="bbox 221 98 1378 143">
     <span class='ocr_line' id='line_1_1' title="bbox 221 98 1378 143; baseline 0 -7"><span class='ocrx_word' id='word_1_1' title='bbox 221 102 307 143; x_wconf 78' lang='grc'>120</span> <span class='ocrx_word' id='word_1_2' title='bbox 404 100 468 136; x_wconf 90' lang='lat' dir='ltr'>DE</span> <span class='ocrx_word' id='word_1_3' title='bbox 495 98 770 134; x_wconf 80' lang='lat' dir='ltr'>PROVINCIIS</span> <span class='ocrx_word' id='word_1_4' title='bbox 797 98 1159 134; x_wconf 85' lang='lat' dir='ltr'>CONSULARIBUS</span> <span class='ocrx_word' id='word_1_5' title='bbox 1186 99 1378 136; x_wconf 84' lang='lat' dir='ltr'>ORATIO.</span> 
     </span>
    </p>
   </div>
   <div class='ocr_carea' id='block_1_2' title="bbox 163 207 1617 2369">
    <p class='ocr_par' dir='ltr' id='par_1_2' title="bbox 219 207 1614 789">
     <span class='ocr_line' id='line_1_2' title="bbox 222 207 1562 263; baseline 0 -13"><span class='ocrx_word' id='word_1_6' title='bbox 222 208 407 251; x_wconf 90' lang='lat' dir='ltr'>Gabinio</span> <span class='ocrx_word' id='word_1_7' title='bbox 436 208 676 263; x_wconf 74' lang='lat' dir='ltr'>denegavit,</span> <span class='ocrx_word' id='word_1_8' title='bbox 700 207 890 262; x_wconf 87' lang='lat' dir='ltr'>primum</span> <span class='ocrx_word' id='word_1_9' title='bbox 913 207 1080 248; x_wconf 90' lang='lat' dir='ltr'>homini</span> <span class='ocrx_word' id='word_1_10' title='bbox 1107 207 1339 248; x_wconf 81' lang='lat' dir='ltr'>sceleribus</span> <span class='ocrx_word' id='word_1_11' title='bbox 1365 207 1562 263; x_wconf 86' lang='lat' dir='ltr'>flagitiis-</span> 
     </span>
     <span class='ocr_line' id='line_1_3' title="bbox 219 265 1563 321; baseline -0.001 -12"><span class='ocrx_word' id='word_1_12' title='bbox 219 282 294 321; x_wconf 77' lang='lat' dir='ltr'>que</span> <span class='ocrx_word' id='word_1_13' title='bbox 326 267 745 309; x_wconf 85' lang='lat' dir='ltr'>contaminatissimo</span> <span class='ocrx_word' id='word_1_14' title='bbox 776 265 895 306; x_wconf 85' lang='lat' dir='ltr'>nihil</span> <span class='ocrx_word' id='word_1_15' title='bbox 919 280 1010 306; x_wconf 89' lang='lat' dir='ltr'>esse</span> <span class='ocrx_word' id='word_1_16' title='bbox 1044 266 1318 320; x_wconf 87' lang='lat' dir='ltr'>credendum,</span> <span class='ocrx_word' id='word_1_17' title='bbox 1356 267 1506 308; x_wconf 88' lang='lat' dir='ltr'>deinde</span> <span class='ocrx_word' id='word_1_18' title='bbox 1537 282 1563 308; x_wconf 88' lang='lat' dir='ltr'>a</span> 
     </span>
     <span class='ocr_line' id='line_1_4' title="bbox 219 324 1562 381; baseline -0.001 -13"><span class='ocrx_word' id='word_1_19' title='bbox 219 327 439 381; x_wconf 88' lang='lat' dir='ltr'>proditore</span> <span class='ocrx_word' id='word_1_20' title='bbox 466 330 594 380; x_wconf 89' lang='lat' dir='ltr'>atque</span> <span class='ocrx_word' id='word_1_21' title='bbox 621 340 683 379; x_wconf 87' lang='lat' dir='ltr'>eo,</span> <span class='ocrx_word' id='word_1_22' title='bbox 710 339 837 378; x_wconf 86' lang='lat' dir='ltr'>quem</span> <span class='ocrx_word' id='word_1_23' title='bbox 862 327 1132 379; x_wconf 73' lang='lat' dir='ltr'>praesentem</span> <span class='ocrx_word' id='word_1_24' title='bbox 1153 324 1326 365; x_wconf 77' lang='lat' dir='ltr'>hostem</span> <span class='ocrx_word' id='word_1_25' title='bbox 1345 325 1407 366; x_wconf 89' lang='lat' dir='ltr'>rei</span> <span class='ocrx_word' id='word_1_26' title='bbox 1425 326 1562 380; x_wconf 88' lang='lat' dir='ltr'>publi-</span> 
     </span>
     <span class='ocr_line' id='line_1_5' title="bbox 221 383 1562 440; baseline -0.001 -13"><span class='ocrx_word' id='word_1_27' title='bbox 221 400 295 427; x_wconf 88' lang='lat' dir='ltr'>cae</span> <span class='ocrx_word' id='word_1_28' title='bbox 328 388 570 440; x_wconf 71' lang='lat' dir='ltr'>cognosset,</span> <span class='ocrx_word' id='word_1_29' title='bbox 604 384 710 424; x_wconf 90' lang='lat' dir='ltr'>bene</span> <span class='ocrx_word' id='word_1_30' title='bbox 743 398 834 424; x_wconf 90' lang='lat' dir='ltr'>rem</span> <span class='ocrx_word' id='word_1_31' title='bbox 865 383 1083 437; x_wconf 81' lang='lat' dir='ltr'>publicam</span> <span class='ocrx_word' id='word_1_32' title='bbox 1115 383 1207 437; x_wconf 88' lang='lat' dir='ltr'>geri</span> <span class='ocrx_word' id='word_1_33' title='bbox 1238 398 1326 424; x_wconf 90' lang='lat' dir='ltr'>non</span> <span class='ocrx_word' id='word_1_34' title='bbox 1356 384 1562 438; x_wconf 88' lang='lat' dir='ltr'>potuisse,</span> 
     </span>
     <span class='ocr_line' id='line_1_6' title="bbox 219 441 1612 498; baseline -0.001 -13"><span class='ocrx_word' id='word_1_35' title='bbox 219 447 440 498; x_wconf 87' lang='lat' dir='ltr'>postremo</span> <span class='ocrx_word' id='word_1_36' title='bbox 472 458 524 484; x_wconf 88' lang='lat' dir='ltr'>ne</span> <span class='ocrx_word' id='word_1_37' title='bbox 555 443 654 483; x_wconf 86' lang='lat' dir='ltr'>deos</span> <span class='ocrx_word' id='word_1_38' title='bbox 683 441 855 495; x_wconf 88' lang='lat' dir='ltr'>quidem</span> <span class='ocrx_word' id='word_1_39' title='bbox 879 442 1140 482; x_wconf 89' lang='lat' dir='ltr'>immortalis</span> <span class='ocrx_word' id='word_1_40' title='bbox 1167 442 1275 482; x_wconf 85' lang='lat' dir='ltr'>velle</span> <span class='ocrx_word' id='word_1_41' title='bbox 1303 442 1460 495; x_wconf 88' lang='lat' dir='ltr'>aperiri</span> <span class='ocrx_word' id='word_1_42' title='bbox 1485 457 1559 483; x_wconf 79' lang='lat' dir='ltr'>sua</span> <span class='ocrx_word' id='word_1_43' title='bbox 1595 459 1612 485; x_wconf 87' lang='lat'><strong>5</strong></span> 
     </span>
     <span class='ocr_line' id='line_1_7' title="bbox 221 500 1559 556; baseline -0.001 -13"><span class='ocrx_word' id='word_1_44' title='bbox 221 502 383 556; x_wconf 90' lang='lat' dir='ltr'>templa</span> <span class='ocrx_word' id='word_1_45' title='bbox 410 505 452 542; x_wconf 90' lang='lat' dir='ltr'>et</span> <span class='ocrx_word' id='word_1_46' title='bbox 479 502 562 543; x_wconf 91' lang='lat' dir='ltr'>sibi</span> <span class='ocrx_word' id='word_1_47' title='bbox 589 500 822 554; x_wconf 87' lang='lat' dir='ltr'>supplicari</span> <span class='ocrx_word' id='word_1_48' title='bbox 846 500 1033 541; x_wconf 88' lang='lat' dir='ltr'>hominis</span> <span class='ocrx_word' id='word_1_49' title='bbox 1060 500 1344 554; x_wconf 84' lang='lat' dir='ltr'>impurissimi</span> <span class='ocrx_word' id='word_1_50' title='bbox 1370 503 1414 542; x_wconf 90' lang='lat' dir='ltr'>et</span> <span class='ocrx_word' id='word_1_51' title='bbox 1437 501 1559 542; x_wconf 85' lang='lat' dir='ltr'>scele—</span> 
     </span>
     <span class='ocr_line' id='line_1_8' title="bbox 220 558 1558 613; baseline -0.001 -12"><span class='ocrx_word' id='word_1_52' title='bbox 220 561 430 601; x_wconf 87' lang='lat' dir='ltr'>ratissimi</span> <span class='ocrx_word' id='word_1_53' title='bbox 459 559 643 601; x_wconf 86' lang='lat' dir='ltr'>nomine.</span> <span class='ocrx_word' id='word_1_54' title='bbox 694 558 847 612; x_wconf 84' lang='lat' dir='ltr'>Itaque</span> <span class='ocrx_word' id='word_1_55' title='bbox 879 559 952 599; x_wconf 89' lang='lat' dir='ltr'>ille</span> <span class='ocrx_word' id='word_1_56' title='bbox 984 559 1094 600; x_wconf 87' lang='lat' dir='ltr'>alter</span> <span class='ocrx_word' id='word_1_57' title='bbox 1123 562 1197 600; x_wconf 89' lang='lat' dir='ltr'>aut</span> <span class='ocrx_word' id='word_1_58' title='bbox 1222 559 1314 613; x_wconf 90' lang='lat' dir='ltr'>ipse</span> <span class='ocrx_word' id='word_1_59' title='bbox 1340 562 1407 600; x_wconf 90' lang='lat' dir='ltr'>est</span> <span class='ocrx_word' id='word_1_60' title='bbox 1431 559 1558 601; x_wconf 89' lang='lat' dir='ltr'>homo</span> 
     </span>
     <span class='ocr_line' id='line_1_9' title="bbox 221 616 1560 671; baseline -0.001 -11"><span class='ocrx_word' id='word_1_61' title='bbox 221 620 372 660; x_wconf 88' lang='lat' dir='ltr'>doctus</span> <span class='ocrx_word' id='word_1_62' title='bbox 402 622 444 659; x_wconf 91' lang='lat' dir='ltr'>et</span> <span class='ocrx_word' id='word_1_63' title='bbox 471 633 495 659; x_wconf 90' lang='lat' dir='ltr'>a</span> <span class='ocrx_word' id='word_1_64' title='bbox 522 619 609 659; x_wconf 91' lang='lat' dir='ltr'>suis</span> <span class='ocrx_word' id='word_1_65' title='bbox 639 616 814 658; x_wconf 87' lang='lat' dir='ltr'>Graecis</span> <span class='ocrx_word' id='word_1_66' title='bbox 840 617 1042 659; x_wconf 89' lang='lat' dir='ltr'>subtilius</span> <span class='ocrx_word' id='word_1_67' title='bbox 1070 618 1274 671; x_wconf 86' lang='lat' dir='ltr'>eruditus,</span> <span class='ocrx_word' id='word_1_68' title='bbox 1307 618 1560 671; x_wconf 83' lang='lat' dir='ltr'>quibuscum</span> 
     </span>
     <span class='ocr_line' id='line_1_10' title="bbox 219 676 1559 730; baseline -0.001 -12"><span class='ocrx_word' id='word_1_69' title='bbox 219 678 307 718; x_wconf 88' lang='lat' dir='ltr'>iam</span> <span class='ocrx_word' id='word_1_70' title='bbox 337 678 382 719; x_wconf 91' lang='lat' dir='ltr'>in</span> <span class='ocrx_word' id='word_1_71' title='bbox 412 680 584 719; x_wconf 77' lang='lat' dir='ltr'>exostra</span> <span class='ocrx_word' id='word_1_72' title='bbox 608 676 838 729; x_wconf 89' lang='lat' dir='ltr'>helluatur,</span> <span class='ocrx_word' id='word_1_73' title='bbox 871 678 997 716; x_wconf 90' lang='lat' dir='ltr'>antea</span> <span class='ocrx_word' id='word_1_74' title='bbox 1022 679 1122 730; x_wconf 88' lang='lat' dir='ltr'>post</span> <span class='ocrx_word' id='word_1_75' title='bbox 1149 676 1356 730; x_wconf 90' lang='lat' dir='ltr'>siparium</span> <span class='ocrx_word' id='word_1_76' title='bbox 1382 677 1559 730; x_wconf 84' lang='lat' dir='ltr'>solebat,</span> 
     </span>
     <span class='ocr_line' id='line_1_11' title="bbox 221 734 1614 789; baseline 0 -12"><span class='ocrx_word' id='word_1_77' title='bbox 221 739 297 777; x_wconf 83' lang='lat' dir='ltr'>aut</span> <span class='ocrx_word' id='word_1_78' title='bbox 329 736 488 777; x_wconf 87' lang='lat' dir='ltr'>amicos</span> <span class='ocrx_word' id='word_1_79' title='bbox 520 735 653 776; x_wconf 90' lang='lat' dir='ltr'>habet</span> <span class='ocrx_word' id='word_1_80' title='bbox 685 735 982 789; x_wconf 70' lang='lat' dir='ltr'>prudentiores</span> <span class='ocrx_word' id='word_1_81' title='bbox 1017 749 1144 788; x_wconf 88' lang='lat' dir='ltr'>quam</span> <span class='ocrx_word' id='word_1_82' title='bbox 1179 734 1405 789; x_wconf 79' lang='lat' dir='ltr'>Gabinius,</span> <span class='ocrx_word' id='word_1_83' title='bbox 1440 735 1558 776; x_wconf 89' lang='lat' dir='ltr'>cuius</span> <span class='ocrx_word' id='word_1_84' title='bbox 1580 753 1614 777; x_wconf 84' lang='lat'>10</span> 
     </span>
    </p>

    <p class='ocr_par' dir='ltr' id='par_1_3' title="bbox 181 793 886 848">
     <span class='ocr_line' id='line_1_12' title="bbox 181 793 886 848; baseline -0.003 -13"><span class='ocrx_word' id='word_1_85' title='bbox 181 795 361 847; x_wconf 65' lang='lat' dir='ltr'>„nullae</span> <span class='ocrx_word' id='word_1_86' title='bbox 393 795 564 835; x_wconf 79' lang='lat' dir='ltr'>litterae</span> <span class='ocrx_word' id='word_1_87' title='bbox 597 793 886 848; x_wconf 83' lang='lat' dir='ltr'>proferuntur.</span> 
     </span>
    </p>

    <p class='ocr_par' dir='ltr' id='par_1_4' title="bbox 188 844 1561 907">
     <span class='ocr_line' id='line_1_13' title="bbox 188 844 1561 907; baseline -0.001 -13"><span class='ocrx_word' id='word_1_88' title='bbox 188 844 200 901; x_wconf 58' lang='lat' dir='ltr'><strong>f</strong></span> <span class='ocrx_word' id='word_1_89' title='bbox 308 852 451 894; x_wconf 89' lang='lat' dir='ltr'>Hosce</span> <span class='ocrx_word' id='word_1_90' title='bbox 477 853 614 907; x_wconf 87' lang='lat' dir='ltr'>igitur</span> <span class='ocrx_word' id='word_1_91' title='bbox 639 853 920 906; x_wconf 88' lang='lat' dir='ltr'>imperatores</span> <span class='ocrx_word' id='word_1_92' title='bbox 939 851 1225 893; x_wconf 79' lang='lat' dir='ltr'>habebimus?</span> <span class='ocrx_word' id='word_1_93' title='bbox 1252 866 1432 906; x_wconf 86' lang='lat' dir='ltr'>quorum</span> <span class='ocrx_word' id='word_1_94' title='bbox 1453 852 1561 893; x_wconf 91' lang='lat' dir='ltr'>alter</span> 
     </span>
    </p>

    <p class='ocr_par' dir='ltr' id='par_1_5' title="bbox 164 894 1615 1667">
     <span class='ocr_line' id='line_1_14' title="bbox 164 894 1561 965; baseline -0.001 -12"><span class='ocrx_word' id='word_1_95' title='bbox 164 894 204 924; x_wconf 68' lang='lat'>¹⁰</span> <span class='ocrx_word' id='word_1_96' title='bbox 219 926 306 953; x_wconf 92' lang='lat' dir='ltr'>non</span> <span class='ocrx_word' id='word_1_97' title='bbox 327 912 455 952; x_wconf 88' lang='lat' dir='ltr'>audet</span> <span class='ocrx_word' id='word_1_98' title='bbox 472 926 552 953; x_wconf 90' lang='lat' dir='ltr'>nos</span> <span class='ocrx_word' id='word_1_99' title='bbox 575 911 778 952; x_wconf 86' lang='lat' dir='ltr'>certiores</span> <span class='ocrx_word' id='word_1_100' title='bbox 799 910 950 964; x_wconf 84' lang='lat' dir='ltr'>facere,</span> <span class='ocrx_word' id='word_1_101' title='bbox 971 924 1042 951; x_wconf 79' lang='lat' dir='ltr'>cm·</span> <span class='ocrx_word' id='word_1_102' title='bbox 1060 910 1296 964; x_wconf 86' lang='lat' dir='ltr'>imperator</span> <span class='ocrx_word' id='word_1_103' title='bbox 1311 911 1561 965; x_wconf 84' lang='lat' dir='ltr'>appelletur,</span> 
     </span>
     <span class='ocr_line' id='line_1_15' title="bbox 220 969 1560 1023; baseline -0.001 -12"><span class='ocrx_word' id='word_1_104' title='bbox 220 971 416 1020; x_wconf 81' lang='lat' dir='ltr'>alterum,</span> <span class='ocrx_word' id='word_1_105' title='bbox 448 970 485 1011; x_wconf 90' lang='lat' dir='ltr'>si</span> <span class='ocrx_word' id='word_1_106' title='bbox 514 970 733 1011; x_wconf 85' lang='lat' dir='ltr'>tabellarii</span> <span class='ocrx_word' id='word_1_107' title='bbox 757 984 845 1010; x_wconf 89' lang='lat' dir='ltr'>non</span> <span class='ocrx_word' id='word_1_108' title='bbox 870 969 1092 1023; x_wconf 86' lang='lat' dir='ltr'>cessarint,</span> <span class='ocrx_word' id='word_1_109' title='bbox 1122 983 1295 1010; x_wconf 89' lang='lat' dir='ltr'>necesse</span> <span class='ocrx_word' id='word_1_110' title='bbox 1323 972 1387 1010; x_wconf 89' lang='lat' dir='ltr'>est</span> <span class='ocrx_word' id='word_1_111' title='bbox 1412 969 1560 1023; x_wconf 89' lang='lat' dir='ltr'>paucis</span> 
     </span>
     <span class='ocr_line' id='line_1_16' title="bbox 220 1027 1612 1083; baseline 0.001 -13"><span class='ocrx_word' id='word_1_112' title='bbox 220 1028 369 1070; x_wconf 86' lang='lat' dir='ltr'>diebus</span> <span class='ocrx_word' id='word_1_113' title='bbox 395 1029 616 1083; x_wconf 86' lang='lat' dir='ltr'>paeniteat</span> <span class='ocrx_word' id='word_1_114' title='bbox 643 1029 807 1069; x_wconf 87' lang='lat' dir='ltr'>audere.</span> <span class='ocrx_word' id='word_1_115' title='bbox 862 1027 993 1070; x_wconf 80' lang='lat' dir='ltr'>Cuius</span> <span class='ocrx_word' id='word_1_116' title='bbox 1021 1027 1147 1068; x_wconf 89' lang='lat' dir='ltr'>amici</span> <span class='ocrx_word' id='word_1_117' title='bbox 1179 1028 1216 1069; x_wconf 90' lang='lat' dir='ltr'>si</span> <span class='ocrx_word' id='word_1_118' title='bbox 1243 1027 1316 1081; x_wconf 92' lang='lat' dir='ltr'>qui</span> <span class='ocrx_word' id='word_1_119' title='bbox 1342 1031 1453 1081; x_wconf 89' lang='lat' dir='ltr'>sunt,</span> <span class='ocrx_word' id='word_1_120' title='bbox 1486 1031 1561 1069; x_wconf 85' lang='lat' dir='ltr'>aut</span> <span class='ocrx_word' id='word_1_121' title='bbox 1581 1044 1612 1071; x_wconf 74' lang='lat'>15</span> 
     </span>
     <span class='ocr_line' id='line_1_17' title="bbox 220 1084 1561 1140; baseline 0 -12"><span class='ocrx_word' id='word_1_122' title='bbox 220 1088 257 1128; x_wconf 85' lang='lat' dir='ltr'>si</span> <span class='ocrx_word' id='word_1_123' title='bbox 283 1088 434 1128; x_wconf 89' lang='lat' dir='ltr'>beluae</span> <span class='ocrx_word' id='word_1_124' title='bbox 460 1090 551 1128; x_wconf 89' lang='lat' dir='ltr'>tam</span> <span class='ocrx_word' id='word_1_125' title='bbox 576 1087 755 1128; x_wconf 89' lang='lat' dir='ltr'>immani</span> <span class='ocrx_word' id='word_1_126' title='bbox 781 1084 955 1140; x_wconf 82' lang='lat' dir='ltr'>tamque</span> <span class='ocrx_word' id='word_1_127' title='bbox 983 1089 1146 1127; x_wconf 87' lang='lat' dir='ltr'>taetrae</span> <span class='ocrx_word' id='word_1_128' title='bbox 1169 1089 1352 1140; x_wconf 90' lang='lat' dir='ltr'>possunt</span> <span class='ocrx_word' id='word_1_129' title='bbox 1371 1086 1449 1127; x_wconf 90' lang='lat' dir='ltr'>ulli</span> <span class='ocrx_word' id='word_1_130' title='bbox 1469 1101 1561 1128; x_wconf 86' lang='lat' dir='ltr'>esse</span> 
     </span>
     <span class='ocr_line' id='line_1_18' title="bbox 220 1144 1562 1199; baseline 0 -13"><span class='ocrx_word' id='word_1_131' title='bbox 220 1146 358 1199; x_wconf 87' lang='lat' dir='ltr'>amici,</span> <span class='ocrx_word' id='word_1_132' title='bbox 377 1146 457 1187; x_wconf 90' lang='lat' dir='ltr'>hac</span> <span class='ocrx_word' id='word_1_133' title='bbox 476 1146 770 1187; x_wconf 89' lang='lat' dir='ltr'>consolatione</span> <span class='ocrx_word' id='word_1_134' title='bbox 784 1148 978 1199; x_wconf 85' lang='lat' dir='ltr'>utuntur,</span> <span class='ocrx_word' id='word_1_135' title='bbox 999 1145 1130 1186; x_wconf 85' lang='lat' dir='ltr'>etiam</span> <span class='ocrx_word' id='word_1_136' title='bbox 1143 1144 1189 1185; x_wconf 90' lang='lat' dir='ltr'>T.</span> <span class='ocrx_word' id='word_1_137' title='bbox 1204 1145 1388 1186; x_wconf 88' lang='lat' dir='ltr'>Albucio</span> <span class='ocrx_word' id='word_1_138' title='bbox 1405 1145 1562 1199; x_wconf 89' lang='lat' dir='ltr'>suppli-</span> 
     </span>
     <span class='ocr_line' id='line_1_19' title="bbox 220 1203 1563 1258; baseline -0.001 -12"><span class='ocrx_word' id='word_1_139' title='bbox 220 1205 436 1246; x_wconf 86' lang='lat' dir='ltr'>cationem</span> <span class='ocrx_word' id='word_1_140' title='bbox 466 1204 580 1245; x_wconf 92' lang='lat' dir='ltr'>hunc</span> <span class='ocrx_word' id='word_1_141' title='bbox 613 1204 806 1245; x_wconf 85' lang='lat' dir='ltr'>ordinem</span> <span class='ocrx_word' id='word_1_142' title='bbox 838 1204 1080 1258; x_wconf 82' lang='lat' dir='ltr'>denegasse.</span> <span class='ocrx_word' id='word_1_143' title='bbox 1133 1203 1255 1252; x_wconf 86' lang='lat' dir='ltr'>Quod</span> <span class='ocrx_word' id='word_1_144' title='bbox 1284 1208 1350 1245; x_wconf 89' lang='lat' dir='ltr'>est</span> <span class='ocrx_word' id='word_1_145' title='bbox 1374 1204 1563 1258; x_wconf 91' lang='lat' dir='ltr'>primum</span> 
     </span>
     <span class='ocr_line' id='line_1_20' title="bbox 220 1261 1560 1316; baseline -0.001 -12"><span class='ocrx_word' id='word_1_146' title='bbox 220 1263 440 1316; x_wconf 72' lang='lat' dir='ltr'>dissimile,</span> <span class='ocrx_word' id='word_1_147' title='bbox 471 1277 538 1303; x_wconf 87' lang='lat' dir='ltr'>res</span> <span class='ocrx_word' id='word_1_148' title='bbox 571 1263 616 1303; x_wconf 87' lang='lat' dir='ltr'>in</span> <span class='ocrx_word' id='word_1_149' title='bbox 643 1261 841 1303; x_wconf 80' lang='lat' dir='ltr'>Sardinia</span> <span class='ocrx_word' id='word_1_150' title='bbox 873 1276 969 1303; x_wconf 91' lang='lat' dir='ltr'>cum</span> <span class='ocrx_word' id='word_1_151' title='bbox 1001 1262 1277 1303; x_wconf 89' lang='lat' dir='ltr'>mastrucatis</span> <span class='ocrx_word' id='word_1_152' title='bbox 1306 1262 1560 1303; x_wconf 87' lang='lat' dir='ltr'>latrunculis</span> 
     </span>
     <span class='ocr_line' id='line_1_21' title="bbox 220 1320 1615 1375; baseline 0.001 -13"><span class='ocrx_word' id='word_1_153' title='bbox 220 1337 245 1362; x_wconf 91' lang='lat' dir='ltr'>a</span> <span class='ocrx_word' id='word_1_154' title='bbox 276 1324 556 1375; x_wconf 85' lang='lat' dir='ltr'>propraetore</span> <span class='ocrx_word' id='word_1_155' title='bbox 587 1335 672 1362; x_wconf 89' lang='lat' dir='ltr'>una</span> <span class='ocrx_word' id='word_1_156' title='bbox 705 1321 880 1362; x_wconf 86' lang='lat' dir='ltr'>cohorte</span> <span class='ocrx_word' id='word_1_157' title='bbox 914 1320 1138 1361; x_wconf 80' lang='lat' dir='ltr'>auxiliaria</span> <span class='ocrx_word' id='word_1_158' title='bbox 1169 1323 1293 1375; x_wconf 90' lang='lat' dir='ltr'>gesta</span> <span class='ocrx_word' id='word_1_159' title='bbox 1325 1324 1368 1361; x_wconf 89' lang='lat' dir='ltr'>et</span> <span class='ocrx_word' id='word_1_160' title='bbox 1399 1320 1561 1361; x_wconf 91' lang='lat' dir='ltr'>bellum</span> <span class='ocrx_word' id='word_1_161' title='bbox 1581 1338 1615 1363; x_wconf 83' lang='lat'>20</span> 
     </span>
     <span class='ocr_line' id='line_1_22' title="bbox 221 1378 1562 1433; baseline 0 -13"><span class='ocrx_word' id='word_1_162' title='bbox 221 1395 318 1421; x_wconf 93' lang='lat' dir='ltr'>cum</span> <span class='ocrx_word' id='word_1_163' title='bbox 360 1379 559 1420; x_wconf 82' lang='lat' dir='ltr'>maximis</span> <span class='ocrx_word' id='word_1_164' title='bbox 599 1378 747 1433; x_wconf 75' lang='lat' dir='ltr'>Syriae</span> <span class='ocrx_word' id='word_1_165' title='bbox 791 1379 993 1433; x_wconf 87' lang='lat' dir='ltr'>gentibus</span> <span class='ocrx_word' id='word_1_166' title='bbox 1037 1382 1073 1419; x_wconf 71' lang='lat' dir='ltr'>et</span> <span class='ocrx_word' id='word_1_167' title='bbox 1112 1379 1306 1432; x_wconf 82' lang='lat' dir='ltr'>tyrannis</span> <span class='ocrx_word' id='word_1_168' title='bbox 1347 1379 1562 1420; x_wconf 82' lang='lat' dir='ltr'>consulari</span> 
     </span>
     <span class='ocr_line' id='line_1_23' title="bbox 221 1436 1563 1492; baseline 0 -13"><span class='ocrx_word' id='word_1_169' title='bbox 221 1438 410 1479; x_wconf 81' lang='lat' dir='ltr'>exercitu</span> <span class='ocrx_word' id='word_1_170' title='bbox 435 1437 701 1492; x_wconf 90' lang='lat' dir='ltr'>imperioque</span> <span class='ocrx_word' id='word_1_171' title='bbox 725 1437 979 1478; x_wconf 84' lang='lat' dir='ltr'>confectum.</span> <span class='ocrx_word' id='word_1_172' title='bbox 1022 1436 1186 1478; x_wconf 90' lang='lat' dir='ltr'>Deinde</span> <span class='ocrx_word' id='word_1_173' title='bbox 1208 1437 1427 1489; x_wconf 84' lang='lat' dir='ltr'>Albucius,</span> <span class='ocrx_word' id='word_1_174' title='bbox 1449 1438 1563 1491; x_wconf 89' lang='lat' dir='ltr'>quod</span> 
     </span>
     <span class='ocr_line' id='line_1_24' title="bbox 221 1494 1562 1550; baseline 0 -13"><span class='ocrx_word' id='word_1_175' title='bbox 221 1511 246 1538; x_wconf 88' lang='lat' dir='ltr'>a</span> <span class='ocrx_word' id='word_1_176' title='bbox 272 1499 425 1537; x_wconf 89' lang='lat' dir='ltr'>senatu</span> <span class='ocrx_word' id='word_1_177' title='bbox 449 1497 638 1550; x_wconf 89' lang='lat' dir='ltr'>petebat,</span> <span class='ocrx_word' id='word_1_178' title='bbox 664 1496 756 1549; x_wconf 86' lang='lat' dir='ltr'>ipse</span> <span class='ocrx_word' id='word_1_179' title='bbox 784 1496 867 1536; x_wconf 89' lang='lat' dir='ltr'>sibi</span> <span class='ocrx_word' id='word_1_180' title='bbox 892 1496 937 1536; x_wconf 91' lang='lat' dir='ltr'>in</span> <span class='ocrx_word' id='word_1_181' title='bbox 957 1494 1153 1536; x_wconf 85' lang='lat' dir='ltr'>Sardinia</span> <span class='ocrx_word' id='word_1_182' title='bbox 1179 1498 1278 1536; x_wconf 87' lang='lat' dir='ltr'>ante</span> <span class='ocrx_word' id='word_1_183' title='bbox 1305 1496 1562 1537; x_wconf 87' lang='lat' dir='ltr'>decreverat.</span> 
     </span>
     <span class='ocr_line' id='line_1_25' title="bbox 222 1553 1563 1609; baseline 0 -13"><span class='ocrx_word' id='word_1_184' title='bbox 222 1554 462 1597; x_wconf 82' lang='lat' dir='ltr'>Constabat</span> <span class='ocrx_word' id='word_1_185' title='bbox 501 1555 614 1595; x_wconf 88' lang='lat' dir='ltr'>enim</span> <span class='ocrx_word' id='word_1_186' title='bbox 648 1553 858 1595; x_wconf 87' lang='lat' dir='ltr'>Graecum</span> <span class='ocrx_word' id='word_1_187' title='bbox 892 1554 1112 1595; x_wconf 83' lang='lat' dir='ltr'>hominem</span> <span class='ocrx_word' id='word_1_188' title='bbox 1144 1569 1192 1595; x_wconf 90' lang='lat' dir='ltr'>ac</span> <span class='ocrx_word' id='word_1_189' title='bbox 1223 1554 1360 1595; x_wconf 85' lang='lat' dir='ltr'>levem</span> <span class='ocrx_word' id='word_1_190' title='bbox 1392 1554 1438 1595; x_wconf 91' lang='lat' dir='ltr'>in</span> <span class='ocrx_word' id='word_1_191' title='bbox 1468 1554 1563 1609; x_wconf 88' lang='lat' dir='ltr'>ipsa</span> 
     </span>
     <span class='ocr_line' id='line_1_26' title="bbox 220 1613 1615 1667; baseline 0.001 -13"><span class='ocrx_word' id='word_1_192' title='bbox 220 1613 443 1667; x_wconf 84' lang='lat' dir='ltr'>provincia</span> <span class='ocrx_word' id='word_1_193' title='bbox 476 1613 598 1667; x_wconf 87' lang='lat' dir='ltr'>quasi</span> <span class='ocrx_word' id='word_1_194' title='bbox 629 1613 932 1666; x_wconf 88' lang='lat' dir='ltr'>triumphasse,</span> <span class='ocrx_word' id='word_1_195' title='bbox 963 1613 1108 1666; x_wconf 87' lang='lat' dir='ltr'>itaque</span> <span class='ocrx_word' id='word_1_196' title='bbox 1139 1613 1250 1654; x_wconf 88' lang='lat' dir='ltr'>hanc</span> <span class='ocrx_word' id='word_1_197' title='bbox 1277 1613 1367 1654; x_wconf 91' lang='lat' dir='ltr'>eius</span> <span class='ocrx_word' id='word_1_198' title='bbox 1393 1614 1563 1654; x_wconf 89' lang='lat' dir='ltr'>temeri·</span> <span class='ocrx_word' id='word_1_199' title='bbox 1582 1631 1615 1656; x_wconf 81' lang='lat'>25</span> 
     </span>
    </p>

    <p class='ocr_par' dir='ltr' id='par_1_6' title="bbox 163 1670 1617 2077">
     <span class='ocr_line' id='line_1_27' title="bbox 163 1670 1563 1726; baseline 0.001 -14"><span class='ocrx_word' id='word_1_200' title='bbox 163 1677 206 1707; x_wconf 87' lang='grc'>16</span> <span class='ocrx_word' id='word_1_201' title='bbox 222 1675 357 1713; x_wconf 87' lang='lat' dir='ltr'>tatem</span> <span class='ocrx_word' id='word_1_202' title='bbox 401 1675 576 1713; x_wconf 88' lang='lat' dir='ltr'>senatus</span> <span class='ocrx_word' id='word_1_203' title='bbox 621 1671 933 1725; x_wconf 84' lang='lat' dir='ltr'>supplicatione</span> <span class='ocrx_word' id='word_1_204' title='bbox 978 1671 1189 1726; x_wconf 85' lang='lat' dir='ltr'>denegata</span> <span class='ocrx_word' id='word_1_205' title='bbox 1230 1672 1411 1712; x_wconf 86' lang='lat' dir='ltr'>notavit.</span> <span class='ocrx_word' id='word_1_206' title='bbox 1480 1670 1563 1713; x_wconf 86' lang='lat' dir='ltr'>Sed</span> 
     </span>
     <span class='ocr_line' id='line_1_28' title="bbox 220 1730 1563 1786; baseline 0 -15"><span class='ocrx_word' id='word_1_207' title='bbox 220 1730 389 1771; x_wconf 85' lang='lat' dir='ltr'>fruatur</span> <span class='ocrx_word' id='word_1_208' title='bbox 429 1744 528 1771; x_wconf 88' lang='lat' dir='ltr'>sane</span> <span class='ocrx_word' id='word_1_209' title='bbox 566 1730 648 1771; x_wconf 92' lang='lat' dir='ltr'>hoc</span> <span class='ocrx_word' id='word_1_210' title='bbox 687 1730 845 1771; x_wconf 86' lang='lat' dir='ltr'>solacio</span> <span class='ocrx_word' id='word_1_211' title='bbox 885 1732 1014 1783; x_wconf 87' lang='lat' dir='ltr'>atque</span> <span class='ocrx_word' id='word_1_212' title='bbox 1052 1730 1162 1771; x_wconf 87' lang='lat' dir='ltr'>hanc</span> <span class='ocrx_word' id='word_1_213' title='bbox 1198 1730 1414 1784; x_wconf 84' lang='lat' dir='ltr'>insignem</span> <span class='ocrx_word' id='word_1_214' title='bbox 1444 1730 1563 1786; x_wconf 88' lang='lat' dir='ltr'>igno-</span> 
     </span>
     <span class='ocr_line' id='line_1_29' title="bbox 221 1788 1562 1843; baseline 0.001 -14"><span class='ocrx_word' id='word_1_215' title='bbox 221 1789 410 1842; x_wconf 86' lang='lat' dir='ltr'>miniam,</span> <span class='ocrx_word' id='word_1_216' title='bbox 444 1788 648 1842; x_wconf 86' lang='lat' dir='ltr'>quoniam</span> <span class='ocrx_word' id='word_1_217' title='bbox 680 1788 753 1828; x_wconf 88' lang='lat' dir='ltr'>uni</span> <span class='ocrx_word' id='word_1_218' title='bbox 781 1791 952 1843; x_wconf 87' lang='lat' dir='ltr'>praeter</span> <span class='ocrx_word' id='word_1_219' title='bbox 978 1802 1022 1829; x_wconf 89' lang='lat' dir='ltr'>se</span> <span class='ocrx_word' id='word_1_220' title='bbox 1048 1788 1194 1829; x_wconf 88' lang='lat' dir='ltr'>inusta</span> <span class='ocrx_word' id='word_1_221' title='bbox 1219 1789 1288 1842; x_wconf 91' lang='lat' dir='ltr'>sit,</span> <span class='ocrx_word' id='word_1_222' title='bbox 1319 1791 1445 1842; x_wconf 91' lang='lat' dir='ltr'>putet</span> <span class='ocrx_word' id='word_1_223' title='bbox 1470 1803 1562 1830; x_wconf 87' lang='lat' dir='ltr'>esse</span> 
     </span>
     <span class='ocr_line' id='line_1_30' title="bbox 220 1847 1562 1901; baseline 0 -13"><span class='ocrx_word' id='word_1_224' title='bbox 220 1847 443 1900; x_wconf 85' lang='lat' dir='ltr'>leviorem,</span> <span class='ocrx_word' id='word_1_225' title='bbox 487 1847 588 1888; x_wconf 88' lang='lat' dir='ltr'>dum</span> <span class='ocrx_word' id='word_1_226' title='bbox 631 1847 776 1901; x_wconf 92' lang='lat' dir='ltr'>modo,</span> <span class='ocrx_word' id='word_1_227' title='bbox 821 1847 940 1888; x_wconf 91' lang='lat' dir='ltr'>cuius</span> <span class='ocrx_word' id='word_1_228' title='bbox 985 1847 1180 1901; x_wconf 76' lang='lat' dir='ltr'>exemplo</span> <span class='ocrx_word' id='word_1_229' title='bbox 1220 1861 1264 1888; x_wconf 89' lang='lat' dir='ltr'>se</span> <span class='ocrx_word' id='word_1_230' title='bbox 1303 1847 1562 1901; x_wconf 88' lang='lat' dir='ltr'>consolatur,</span> 
     </span>
     <span class='ocr_line' id='line_1_31' title="bbox 221 1905 1617 1960; baseline 0.001 -14"><span class='ocrx_word' id='word_1_231' title='bbox 221 1906 311 1946; x_wconf 89' lang='lat' dir='ltr'>eius</span> <span class='ocrx_word' id='word_1_232' title='bbox 345 1906 508 1947; x_wconf 73' lang='lat' dir='ltr'>exitum</span> <span class='ocrx_word' id='word_1_233' title='bbox 541 1908 748 1960; x_wconf 80' lang='lat' dir='ltr'>expectet,</span> <span class='ocrx_word' id='word_1_234' title='bbox 779 1906 1034 1959; x_wconf 87' lang='lat' dir='ltr'>praesertim</span> <span class='ocrx_word' id='word_1_235' title='bbox 1067 1920 1163 1946; x_wconf 92' lang='lat' dir='ltr'>cum</span> <span class='ocrx_word' id='word_1_236' title='bbox 1193 1905 1238 1946; x_wconf 92' lang='lat' dir='ltr'>in</span> <span class='ocrx_word' id='word_1_237' title='bbox 1270 1905 1453 1947; x_wconf 91' lang='lat' dir='ltr'>Albucio</span> <span class='ocrx_word' id='word_1_238' title='bbox 1484 1920 1563 1947; x_wconf 90' lang='lat' dir='ltr'>nec</span> <span class='ocrx_word' id='word_1_239' title='bbox 1582 1922 1617 1948; x_wconf 81' lang='lat'>30</span> 
     </span>
     <span class='ocr_line' id='line_1_32' title="bbox 220 1962 1564 2005; baseline 0.001 -1"><span class='ocrx_word' id='word_1_240' title='bbox 220 1964 390 2005; x_wconf 89' lang='lat' dir='ltr'>Pisonis</span> <span class='ocrx_word' id='word_1_241' title='bbox 428 1964 629 2004; x_wconf 87' lang='lat' dir='ltr'>libidines</span> <span class='ocrx_word' id='word_1_242' title='bbox 666 1979 745 2005; x_wconf 88' lang='lat' dir='ltr'>nec</span> <span class='ocrx_word' id='word_1_243' title='bbox 778 1964 955 2005; x_wconf 87' lang='lat' dir='ltr'>audacia</span> <span class='ocrx_word' id='word_1_244' title='bbox 988 1962 1145 2005; x_wconf 85' lang='lat' dir='ltr'>Gabini</span> <span class='ocrx_word' id='word_1_245' title='bbox 1175 1963 1306 2004; x_wconf 87' lang='lat' dir='ltr'>fuerit</span> <span class='ocrx_word' id='word_1_246' title='bbox 1339 1978 1386 2004; x_wconf 90' lang='lat' dir='ltr'>ac</span> <span class='ocrx_word' id='word_1_247' title='bbox 1418 1967 1564 2005; x_wconf 88' lang='lat' dir='ltr'>tamen</span> 
     </span>
     <span class='ocr_line' id='line_1_33' title="bbox 220 2021 1345 2077; baseline -0.001 -14"><span class='ocrx_word' id='word_1_248' title='bbox 220 2023 300 2063; x_wconf 89' lang='lat' dir='ltr'>hac</span> <span class='ocrx_word' id='word_1_249' title='bbox 332 2037 417 2063; x_wconf 91' lang='lat' dir='ltr'>una</span> <span class='ocrx_word' id='word_1_250' title='bbox 447 2023 577 2077; x_wconf 89' lang='lat' dir='ltr'>plaga</span> <span class='ocrx_word' id='word_1_251' title='bbox 609 2023 859 2076; x_wconf 88' lang='lat' dir='ltr'>conciderit,</span> <span class='ocrx_word' id='word_1_252' title='bbox 890 2021 1130 2077; x_wconf 85' lang='lat' dir='ltr'>ignominia</span> <span class='ocrx_word' id='word_1_253' title='bbox 1161 2025 1345 2062; x_wconf 90' lang='lat' dir='ltr'>senatus.</span> 
     </span>
    </p>

    <p class='ocr_par' dir='ltr' id='par_1_7' title="bbox 165 2079 1617 2369">
     <span class='ocr_line' id='line_1_34' title="bbox 165 2079 1564 2134; baseline -0.001 -13"><span class='ocrx_word' id='word_1_254' title='bbox 165 2087 206 2117; x_wconf 82' lang='lat'>17</span> <span class='ocrx_word' id='word_1_255' title='bbox 310 2081 446 2134; x_wconf 86' lang='lat' dir='ltr'>Atqui</span> <span class='ocrx_word' id='word_1_256' title='bbox 473 2081 577 2122; x_wconf 89' lang='lat' dir='ltr'>duas</span> <span class='ocrx_word' id='word_1_257' title='bbox 605 2079 768 2121; x_wconf 89' lang='lat' dir='ltr'>Gallias</span> <span class='ocrx_word' id='word_1_258' title='bbox 797 2081 869 2134; x_wconf 90' lang='lat' dir='ltr'>qui</span> <span class='ocrx_word' id='word_1_259' title='bbox 895 2081 1085 2122; x_wconf 85' lang='lat' dir='ltr'>decernit</span> <span class='ocrx_word' id='word_1_260' title='bbox 1111 2080 1359 2122; x_wconf 88' lang='lat' dir='ltr'>consulibus</span> <span class='ocrx_word' id='word_1_261' title='bbox 1386 2080 1564 2132; x_wconf 90' lang='lat' dir='ltr'>duobus,</span> 
     </span>
     <span class='ocr_line' id='line_1_35' title="bbox 220 2137 1564 2193; baseline -0.001 -14"><span class='ocrx_word' id='word_1_262' title='bbox 220 2139 300 2180; x_wconf 90' lang='lat' dir='ltr'>hos</span> <span class='ocrx_word' id='word_1_263' title='bbox 333 2139 493 2181; x_wconf 84' lang='lat' dir='ltr'>retinet</span> <span class='ocrx_word' id='word_1_264' title='bbox 525 2139 672 2193; x_wconf 70' lang='lat' dir='ltr'>ambo,</span> <span class='ocrx_word' id='word_1_265' title='bbox 705 2139 778 2193; x_wconf 90' lang='lat' dir='ltr'>qui</span> <span class='ocrx_word' id='word_1_266' title='bbox 810 2142 955 2180; x_wconf 90' lang='lat' dir='ltr'>autem</span> <span class='ocrx_word' id='word_1_267' title='bbox 988 2139 1168 2180; x_wconf 85' lang='lat' dir='ltr'>alteram</span> <span class='ocrx_word' id='word_1_268' title='bbox 1195 2137 1382 2179; x_wconf 85' lang='lat' dir='ltr'>Galliam</span> <span class='ocrx_word' id='word_1_269' title='bbox 1414 2141 1457 2178; x_wconf 91' lang='lat' dir='ltr'>et</span> <span class='ocrx_word' id='word_1_270' title='bbox 1489 2141 1564 2179; x_wconf 89' lang='lat' dir='ltr'>aut</span> 
     </span>
     <span class='ocr_line' id='line_1_36' title="bbox 223 2196 1617 2250; baseline 0.001 -13"><span class='ocrx_word' id='word_1_271' title='bbox 223 2196 392 2250; x_wconf 80' lang='lat' dir='ltr'>Syriam</span> <span class='ocrx_word' id='word_1_272' title='bbox 425 2200 499 2238; x_wconf 91' lang='lat' dir='ltr'>aut</span> <span class='ocrx_word' id='word_1_273' title='bbox 531 2197 839 2250; x_wconf 88' lang='lat' dir='ltr'>Macedoniam,</span> <span class='ocrx_word' id='word_1_274' title='bbox 871 2200 1017 2238; x_wconf 89' lang='lat' dir='ltr'>tamen</span> <span class='ocrx_word' id='word_1_275' title='bbox 1049 2198 1233 2238; x_wconf 87' lang='lat' dir='ltr'>alterum</span> <span class='ocrx_word' id='word_1_276' title='bbox 1264 2196 1422 2237; x_wconf 86' lang='lat' dir='ltr'>retinet</span> <span class='ocrx_word' id='word_1_277' title='bbox 1452 2200 1490 2237; x_wconf 68' lang='lat' dir='ltr'>et</span> <span class='ocrx_word' id='word_1_278' title='bbox 1518 2197 1564 2237; x_wconf 89' lang='lat' dir='ltr'>in</span> <span class='ocrx_word' id='word_1_279' title='bbox 1583 2213 1617 2239; x_wconf 82' lang='lat'>35</span> 
     </span>
     <span class='ocr_line' id='line_1_37' title="bbox 221 2254 1563 2309; baseline 0.001 -14"><span class='ocrx_word' id='word_1_280' title='bbox 221 2255 444 2308; x_wconf 88' lang='lat' dir='ltr'>utriusque</span> <span class='ocrx_word' id='word_1_281' title='bbox 493 2256 588 2309; x_wconf 87' lang='lat' dir='ltr'>pari</span> <span class='ocrx_word' id='word_1_282' title='bbox 637 2256 794 2296; x_wconf 89' lang='lat' dir='ltr'>scelere</span> <span class='ocrx_word' id='word_1_283' title='bbox 845 2255 1058 2309; x_wconf 86' lang='lat' dir='ltr'>disparem</span> <span class='ocrx_word' id='word_1_284' title='bbox 1110 2254 1402 2296; x_wconf 89' lang='lat' dir='ltr'>condicionem</span> <span class='ocrx_word' id='word_1_285' title='bbox 1445 2254 1563 2296; x_wconf 84' lang='lat' dir='ltr'>facit.</span> 
     </span>
     <span class='ocr_line' id='line_1_38' title="bbox 222 2312 1563 2369; baseline 0.001 -16"><span class='ocrx_word' id='word_1_286' title='bbox 222 2312 440 2367; x_wconf 68' lang='lat' dir='ltr'>‘Faciam’,</span> <span class='ocrx_word' id='word_1_287' title='bbox 466 2313 618 2367; x_wconf 90' lang='lat' dir='ltr'>inquit,</span> <span class='ocrx_word' id='word_1_288' title='bbox 647 2313 758 2355; x_wconf 71' lang='lat' dir='ltr'>‘illas</span> <span class='ocrx_word' id='word_1_289' title='bbox 784 2314 1036 2369; x_wconf 87' lang='lat' dir='ltr'>praetorias,</span> <span class='ocrx_word' id='word_1_290' title='bbox 1062 2316 1112 2354; x_wconf 92' lang='lat' dir='ltr'>ut</span> <span class='ocrx_word' id='word_1_291' title='bbox 1138 2312 1286 2354; x_wconf 88' lang='lat' dir='ltr'>Pisoni</span> <span class='ocrx_word' id='word_1_292' title='bbox 1314 2315 1356 2353; x_wconf 90' lang='lat' dir='ltr'>et</span> <span class='ocrx_word' id='word_1_293' title='bbox 1377 2312 1563 2355; x_wconf 89' lang='lat' dir='ltr'>Gabinio</span> 
     </span>
    </p>
   </div>
  </div>
 </body>
</html>
