1671 2543
207 67 296 108 200
594 66 647 100 IN
671 66 710 100 L.
738 65 954 100 PISONEM
980 65 1170 101 ORATIO.

206 189 366 228 mores,
404 174 559 215 faciem
596 173 777 228 denique
815 187 865 214 ac
899 188 1057 214 nomen
1094 188 1119 214 a
1155 188 1200 214 re
1237 173 1412 228 publica
1444 174 1557 216 dete·

207 235 388 274 stantur.
437 232 593 288 Legati
621 232 693 286 qui
718 247 804 272 una
827 231 1012 286 fuerunt,
1044 232 1232 285 alienati,
1257 232 1422 273 tribuni
1446 233 1556 274 mili-

206 296 322 334 tares
347 292 528 345 inimici,
562 290 849 344 centuriones,
881 292 924 331 et
955 291 991 332 si
1024 291 1097 345 qui
1130 306 1181 332 ex
1211 293 1333 333 tanto
1366 292 1554 333 exercitu

207 351 361 405 reliqui
388 351 548 391 milites
575 351 746 390 exstant
769 364 857 390 non
881 349 1049 390 dimissi
1074 350 1151 391 abs
1170 352 1225 403 te,
1252 350 1325 391 sed
1345 350 1555 404 dissipati,

205 412 249 450 te
270 410 463 463 oderunt,
482 408 565 449 tibi
584 410 751 462 pestem
770 410 985 462 exoptant,
1003 410 1046 449 te
1067 411 1352 450 exsecrantur.
1390 408 1556 450 Achaia
1591 426 1609 452 5

206 468 425 520 exhausta,
457 467 681 508 Thessalia
712 469 875 520 vexata,
916 467 1125 508 laceratae
1157 467 1365 521 Athenae,
1398 466 1556 522 Dyrra-

207 527 351 568 chium
384 529 426 567 et
458 525 692 580 Apollonia
723 526 950 578 exinanita,
982 525 1216 567 Ambracia
1244 527 1423 580 direpta,
1455 526 1555 567 Par-

205 586 318 626 thini
349 587 392 626 et
416 585 669 626 Bulidenses
695 584 824 638 illusi,
855 584 1015 638 Epirus
1041 585 1194 637 excisa,
1226 584 1366 638 Locri,
1391 584 1554 632 Phocii,

205 643 377 686 Boeotii
433 644 589 697 exusti,
644 643 905 695 Acarnania,
956 643 1277 697 Amphilochia,
1326 643 1556 685 Perraebia

205 703 585 756 Athamanumque
633 715 737 757 gens
781 702 971 756 vendita,
1019 701 1272 743 Macedonia
1315 703 1554 744 condonata
1575 719 1610 744 ιο

205 762 415 814 barbaris,
447 761 620 802 Aetolia
653 761 822 814 amissa,
853 760 1043 815 Dolopes
1074 761 1331 815 finitimique
1360 762 1555 802 montani

206 821 374 875 oppidis
408 822 535 875 atque
568 820 684 874 agris
712 819 1000 873 exterminati3
1033 820 1144 861 cives
1177 820 1374 874 Romani,
1406 820 1479 874 qui
1510 820 1556 861 in

204 880 258 920 iis
285 879 392 920 locis
417 878 708 934 negotiantur,
733 881 775 919 te
802 893 935 919 unum
958 892 1083 919 suum
1109 879 1407 933 sociorumque
1434 878 1555 932 depe-

207 937 454 991 culatorem,
485 939 743 991 vexatorem,
774 938 1044 991 praedonem,
1078 937 1248 986 hostem
1272 937 1438 978 venisse
1465 951 1556 978 sen-

147 1010 190 1040 97
206 998 365 1038 serunt.
433 996 501 1037 Ad
543 996 699 1037 horum
743 996 934 1037 omnium
970 996 1128 1037 iudicia
1163 998 1231 1037 tot
1268 998 1395 1050 atque
1432 997 1555 1037 tanta
1574 1013 1609 1038 15

206 1055 490 1096 domesticum
520 1055 728 1096 iudicium
757 1055 937 1095 accessit
969 1055 1222 1106 [sententiae
1267 1054 1555 1096 damnationis

205 1115 342 1167 tuae],
387 1114 579 1155 occultus
624 1114 847 1165 adventus,
891 1113 1100 1155 furtivum
1137 1114 1220 1155 iter
1256 1128 1332 1167 per
1369 1113 1555 1167 Italiam,

205 1173 410 1214 introitus
442 1172 487 1213 in
518 1172 670 1212 urbem
698 1172 890 1213 desertus
918 1173 971 1212 ab
998 1172 1159 1226 amicis,
1189 1172 1332 1213 nullae
1359 1172 1412 1214 ad
1438 1186 1556 1214 sena-

204 1234 299 1273 tum
331 1246 352 1272 e
378 1230 600 1285 provincia
625 1231 807 1284 litterae,
837 1231 956 1271 nulla
983 1245 1033 1272 ex
1058 1231 1184 1272 trinis
1211 1230 1386 1272 aestivis
1411 1233 1555 1285 gratu-

204 1290 324 1343 latio,
354 1289 474 1330 nulla
505 1289 717 1342 triumphi
748 1289 926 1337 mentio:
957 1303 1045 1329 non
1076 1289 1202 1330 modo
1230 1290 1332 1343 quid
1358 1290 1554 1344 gesseris,
1575 1307 1609 1332 ρο

205 1348 279 1390 sed
320 1362 374 1389 ne
416 1347 571 1402 quibus
608 1347 654 1388 in
691 1347 797 1388 locis
836 1348 1007 1401 quidem
1043 1347 1193 1402 fueris,
1237 1348 1375 1388 dicere
1414 1348 1555 1389 audes.

204 1407 272 1448 Ex
315 1406 391 1447 illo
436 1405 555 1446 fonte
597 1408 640 1446 et
677 1406 906 1446 seminario
944 1406 1264 1460 triumphorum
1302 1421 1398 1448 cum
1436 1407 1556 1447 arida

203 1465 309 1506 folia
352 1465 522 1505 laureae
567 1464 825 1518 rettulisses,
870 1479 967 1505 cum
1004 1479 1054 1505 ea
1090 1465 1258 1506 abiecta
1296 1465 1348 1505 ad
1383 1468 1556 1518 portam

205 1523 438 1578 reliquisti,
481 1526 575 1564 tum
615 1525 663 1563 tu
700 1523 791 1576 ipse
830 1523 879 1563 de
918 1525 961 1563 te
1000 1522 1201 1565 ‘FECISSE
1240 1522 1416 1564 vaRi'
1459 1538 1556 1578 pro-

203 1582 470 1623 nuntiavisti.
522 1581 605 1630 Qui
638 1582 674 1622 si
703 1581 812 1622 nihil
845 1595 1039 1635 gesseras
1072 1582 1249 1636 dignum
1274 1582 1448 1636 honore,
1479 1583 1555 1623 ubi
1575 1597 1608 1622 25

205 1641 429 1694 exercitus,
454 1640 530 1681 ubi
553 1642 763 1693 sumptus,
788 1640 863 1681 ubi
882 1640 1122 1695 imperium,
1148 1641 1224 1682 ubi
1243 1641 1320 1682 illa
1337 1641 1555 1682 uberrima

205 1699 595 1754 supplicationibus
631 1698 948 1753 triumphisque
986 1699 1237 1753 provincia?
1300 1698 1376 1741 Sin
1410 1702 1555 1740 autem

206 1758 366 1813 aliquid
400 1771 572 1812 sperare
604 1757 721 1799 visus
748 1771 853 1810 eras,
884 1759 921 1798 si
959 1758 1174 1812 cogitaras
1200 1758 1254 1812 id,
1288 1758 1400 1812 quod
1424 1758 1556 1812 impe-

205 1817 363 1858 ratoris
394 1831 562 1869 nomen,
595 1816 708 1871 quod
740 1816 921 1857 laureati
952 1816 1102 1871 fasces,
1134 1817 1246 1871 quod
1271 1816 1347 1857 illa
1378 1819 1555 1871 tropaea

203 1875 331 1929 plena
356 1875 574 1917 dedecoris
602 1876 645 1916 et
663 1875 775 1915 risus
791 1877 837 1917 te
859 1877 1195 1916 commentatum
1215 1889 1305 1917 esse
1326 1875 1554 1929 declarant,
1573 1892 1608 1918 30

204 1934 301 1988 quis
327 1936 368 1975 te
395 1934 604 1987 miserior,
638 1933 733 1987 quis
758 1935 800 1974 te
827 1934 1081 1987 damnatior,
1108 1934 1180 1987 qui
1205 1948 1340 1988 neque
1368 1934 1554 1975 scribere

204 1992 258 2032 ad
283 1995 482 2034 senatum
507 2007 532 2033 a
556 1994 599 2034 te
626 1991 732 2032 bene
759 2006 850 2033 rem
874 1993 1093 2046 publicam
1119 2006 1210 2033 esse
1231 1994 1398 2047 gestam
1416 2007 1553 2046 neque

133 2039 186 2078 41
204 2065 406 2104 praesens
444 2051 584 2092 dicere
623 2064 752 2091 ausus
790 2051 865 2092 es‘?
927 2050 998 2091 An
1033 2053 1082 2091 tu
1119 2051 1244 2105 mihi,
1283 2051 1350 2091 cui
1387 2064 1554 2103 semper

147 2098 189 2129 98
205 2109 267 2149 ita
298 2123 551 2163 persuasum
583 2109 726 2163 fuerit,
759 2123 847 2150 non
879 2109 1055 2163 eventis,
1087 2110 1160 2150 sed
1191 2109 1316 2150 factis
1349 2109 1553 2162 cuiusque

204 2166 423 2209 fortunam
459 2167 688 2222 ponderari
728 2182 863 2221 neque
902 2168 948 2208 in
978 2168 1151 2208 tabellis
1182 2181 1417 2221 paucorum
1448 2167 1553 2208 iudi·
1573 2184 1606 2210 35

205 2239 313 2275 611111,
345 2226 419 2266 sed
451 2227 497 2266 in
522 2226 748 2267 sententiis
776 2226 968 2266 omnium
994 2226 1152 2267 civium
1176 2225 1336 2266 famam
1359 2228 1554 2266 nostram

203 2282 506 2338 fortunamque
543 2285 745 2339 pendere,
791 2285 868 2336 [te]
908 2285 1201 2325 indemnatum
1238 2283 1373 2324 videri
1412 2287 1553 2338 putaS,
