1671 2543
191 94 278 136 324
533 91 626 127 PRO
653 91 701 126 M.
727 88 984 125 MARCELLO
1011 88 1203 124 ORATIO.

191 202 348 257 quibus
374 203 423 242 tu
449 200 581 241 etiam
607 197 791 240 mortuis
811 197 868 238 M.
888 196 1094 238 Marcello
1122 198 1374 238 conservato
1401 195 1538 252 digni-

190 263 327 302 tatem
365 274 488 301 suam
522 256 746 299 reddidisti
776 256 1177 310 nobilissimamque
1208 254 1419 296 familiam
1449 255 1537 296 iam

135 327 175 357 11
192 319 245 361 ad
270 333 429 373 paucos
456 317 676 359 redactam
694 329 828 370 paene
849 315 901 356 ab
922 314 1102 355 interitu
1120 313 1361 355 vindicasti.
1410 312 1538 356 Hunc

191 382 239 419 tu
275 377 411 432 igitur
448 376 561 417 diem
598 374 684 416 tuis
719 373 918 415 maximis
951 375 994 414 et
1024 372 1411 414 innumerabilibus
1443 385 1538 427 gra-

191 436 477 477 tulationibus
509 434 601 475 iure
633 435 879 487 antepones.
933 431 1052 473 Haec
1084 431 1198 472 enim
1224 445 1292 472 res
1317 431 1444 472 unius
1471 433 1538 472 est
1574 439 1591 465 ⁵

191 494 367 549 propria
405 492 450 535 C.
489 491 704 546 Caesaris3
743 493 907 532 ceterae
946 490 1050 532 duce
1088 493 1131 531 te
1170 492 1317 545 gestae
1355 502 1538 544 magnae

190 554 290 594 illae
331 551 519 606 quidem,
564 550 636 592 sed
674 553 821 591 tamen
858 549 995 590 multo
1035 562 1278 603 magnoque
1318 548 1538 589 comitatu.

191 611 332 653 Huius
371 613 517 652 autem
554 609 616 650 rei
653 611 701 650 tu
738 608 852 650 idem
887 622 931 649 es
964 610 1008 648 et
1039 607 1123 648 dux
1156 609 1200 648 et
1231 621 1392 661 comes3
1430 619 1538 660 quae

193 670 365 724 quidem
397 671 520 710 tanta
552 670 630 722 est,
664 670 715 708 ut
746 666 935 721 tropaeis
969 668 1012 707 et
1043 665 1319 707 monimentis
1351 664 1438 706 tuis
1471 664 1539 706 ad-

192 730 334 769 latura
371 728 501 769 finem
533 727 591 768 sit
623 729 741 767 aetas
774 723 900 780 (nihil
933 727 999 766 est
1030 724 1144 765 enim
1177 738 1303 779 opere
1335 726 1379 765 et
1410 737 1540 764 manu
1561 733 1594 759 1⁰

192 787 374 841 factum,
419 786 534 840 quod
575 799 663 826 non
707 783 937 838 aliquando
982 783 1183 825 conficiat
1226 785 1270 823 et
1314 784 1541 824 consumat

137 852 178 881 12
195 842 428 900 vetustas)3
458 847 504 885 at
527 844 635 885 haec
661 846 737 884 tua
762 842 930 884 iustitia
956 844 999 883 et
1023 841 1178 883 lenitas
1200 841 1331 882 animi
1351 840 1542 882 florescit

193 904 350 946 cotidie
374 903 526 958 inagis,
551 903 613 943 ita
632 905 694 955 ut,
720 904 930 955 quantum
950 900 1037 941 tuis
1058 900 1260 954 operibus
1281 899 1541 941 diuturnitas

126 962 413 1016 umdetrahet,
438 964 609 1002 tantum
635 959 802 1001 adferat
826 959 1037 1000 laudibus.
1092 958 1152 1000 Et
1177 961 1342 1000 ceteros
1369 957 1542 1012 quidem

194 1035 341 1063 omnes
379 1020 565 1062 victores
602 1019 817 1061 bellorum
849 1018 1040 1060 civilium
1074 1017 1160 1058 iam
1192 1019 1290 1058 ante
1323 1016 1541 1070 aequitate
1562 1024 1595 1051 15

194 1083 237 1121 et
275 1078 572 1120 misericordia
608 1078 792 1131 viceras3
828 1076 1036 1125 hodierno
1074 1090 1175 1117 vero
1214 1075 1281 1117 die
1318 1077 1362 1116 te
1399 1075 1543 1129 ipsum

193 1138 348 1179 vicisti.
404 1136 581 1191 Vereor,
611 1138 661 1177 ut
691 1136 785 1189 hoc,
818 1135 931 1190 quod
963 1134 1114 1189 dicam,
1145 1133 1321 1188 perinde
1348 1133 1543 1188 intellegi

194 1197 334 1251 possit
360 1196 567 1249 auditum,
600 1197 729 1248 atque
756 1194 847 1248 ipse
873 1193 1071 1248 cogitans
1099 1192 1256 1234 sentio:
1289 1191 1435 1246 Ipsam
1460 1190 1544 1232 vic-

194 1254 353 1295 toriam
384 1254 538 1295 vicisse
569 1253 739 1306 videris,
772 1267 869 1294 cum
902 1266 962 1306 ea,
998 1266 1106 1305 quae
1138 1251 1217 1291 illa
1248 1253 1342 1291 erat
1375 1249 1543 1303 adepta,

194 1312 321 1353 victis
353 1311 572 1352 remisisti.
628 1310 743 1351 Nam
775 1325 872 1351 cum
897 1309 1033 1363 ipsius
1059 1309 1266 1350 victoriae
1292 1307 1540 1349 condicione
1561 1317 1596 1342 2⁰

196 1384 344 1411 omnes
376 1369 481 1410 victi
509 1368 824 1421 occidissemus,
857 1367 1108 1409 clementiae
1134 1369 1234 1408 tuae
1261 1366 1419 1407 iudicio
1447 1380 1543 1407 con-

196 1428 356 1469 servati
389 1442 548 1468 sumus.
604 1426 738 1468 Recte
770 1426 906 1481 igitur
931 1440 1040 1467 unus
1066 1425 1251 1466 invictus
1280 1425 1375 1477 [es]‚
1407 1439 1432 1465 a
1458 1438 1543 1478 quo

197 1486 328 1527 etiam
360 1486 495 1539 ipsius
528 1485 735 1527 victoriae
769 1484 961 1526 condicio
994 1484 1144 1538 visque
1177 1483 1345 1524 devicta
1376 1485 1453 1524 est.

285 1544 430 1598 Atque
461 1544 544 1585 hoc
570 1542 615 1585 C.
643 1542 838 1585 Caesaris
871 1542 1088 1596 iudicium,
1118 1544 1264 1596 patres
1297 1540 1544 1595 conscripti,

197 1617 326 1656 quam
352 1603 439 1643 late
465 1604 626 1656 pateat,
660 1602 887 1643 adtendite.
945 1600 1104 1642 Omnes
1132 1601 1257 1653 enim,
1290 1600 1363 1654 qui
1390 1599 1443 1641 ad
1468 1599 1545 1640 illa
1564 1608 1598 1635 2⁵

197 1675 316 1702 arma
369 1660 459 1702 fato
512 1674 660 1701 sumus
710 1660 854 1701 nescio
907 1674 990 1713 quo
1035 1659 1097 1700 rei
1140 1658 1338 1712 publicae
1386 1658 1544 1699 misero

195 1719 452 1773 funestoque
486 1719 694 1773 conpulsi,
726 1719 809 1759 etsi
840 1718 984 1772 aliqua
1013 1717 1139 1771 culpa
1164 1720 1362 1758 tenemur
1387 1716 1545 1758 erroris

195 1778 390 1831 humani,
423 1778 583 1819 scelere
616 1779 730 1819 certe
762 1776 936 1818 liberati
969 1790 1132 1818 sumus.
1193 1774 1325 1829 Nam,
1357 1789 1455 1816 cum
1487 1773 1550 1815 M:

197 1835 451 1878 Marcellum
483 1835 812 1889 deprecantibus
845 1834 968 1876 vobis
1000 1834 1062 1876 rei
1093 1834 1291 1888 publicae
1324 1847 1546 1875 conserva-

197 1895 272 1947 vit,
304 1909 371 1935 me
398 1897 443 1935 et
469 1894 575 1935 mihi
602 1897 646 1935 et
677 1894 783 1935 item
808 1893 871 1935 rei
902 1893 1099 1947 publicae
1130 1892 1248 1933 nullo
1275 1891 1544 1946 deprecante,
1564 1900 1599 1926 8⁰

198 1952 387 2006 reliquos
433 1952 725 2006 amplissimos
769 1952 885 1993 viros
928 1954 973 1993 et
1017 1950 1101 1992 sibi
1143 1951 1261 2005 ipsos
1300 1952 1344 1991 et
1379 1949 1546 2004 patriae
1601 1953 1607 1958 “

197 2011 400 2065 reddidit,
445 2025 627 2065 quorum
672 2013 716 2051 et
755 2009 1043 2064 frequentiam
1087 2011 1132 2050 et
1168 2008 1427 2064 dignitatem
1463 2007 1547 2048 hoc

198 2069 292 2122 ipso
330 2069 375 2109 in
414 2083 618 2110 consessu
654 2068 829 2110 videtis:
873 2082 961 2110 non
998 2067 1071 2108 ille
1108 2067 1258 2108 hostes
1295 2065 1464 2107 induxit
1501 2064 1546 2106 in

199 2127 381 2180 curiam,
419 2127 492 2168 secl
529 2126 736 2168 iudicavit
774 2141 799 2168 a
835 2126 1051 2180 plerisque
1087 2125 1360 2180 ignoratione
1398 2123 1545 2177 potius

199 2187 242 2224 et
280 2185 390 2226 falso
429 2188 558 2239 atque
595 2185 713 2226 inani
752 2187 871 2226 metu
910 2198 1039 2239 quam
1078 2183 1314 2238 cupiditate
1346 2184 1422 2222 aut
1455 2195 1546 2223 cru-
1565 2190 1600 2217 ⁸⁵

144 2248 185 2277 14
201 2242 377 2284 delitate
409 2243 573 2284 bellum
605 2257 697 2285 esse
730 2245 990 2297 susceptum.
1041 2241 1136 2291 Quo
1162 2240 1334 2294 quidem
1359 2240 1405 2280 in
1430 2239 1546 2281 bello

200 2313 368 2353 semper
412 2301 462 2342 de
506 2316 610 2355 pace
656 2301 915 2343 audiendum
950 2299 1101 2356 putavi
1139 2312 1390 2351 semperque
1428 2297 1547 2339 dolm'

154 1520 181 1560 5

140 1580 181 1609 13
