1671 2543
226 112 309 154 158
470 111 563 147 PRO
589 112 627 147 L.
656 111 895 148 CORNELIO
920 113 1077 150 BALBO
1106 114 1298 151 ORATIO.

222 219 478 261 dissensioni
502 234 620 261 meae
645 220 853 274 pristinae
872 221 1021 275 putavi
1039 221 1184 276 potius
1204 222 1411 263 adsentiri
1431 237 1559 277 quam

222 278 521 332 praesentibus
565 278 627 319 rei
669 278 1177 334 publicae‘temporibus
1221 282 1265 322 et
1308 281 1558 323 concordiae

223 336 459 378 convenire.
516 336 617 377 Non
647 336 761 378 idem
792 337 887 378 aliis
919 338 1098 379 videtur.
1158 337 1268 380 Sunt
1298 339 1483 381 fortasse
1513 340 1559 381 in

223 395 437 436 sententia
461 395 685 436 firmiores.
734 395 958 450 Reprendo
983 397 1210 451 neminem,
1241 398 1316 439 sed
1341 398 1559 440 adsentior

221 467 308 495 non
340 454 538 494 omnibus
568 468 706 507 neque
738 467 829 495 esse
861 454 1145 497 inconstantis
1170 458 1274 510 puto
1301 456 1558 498 sententiam

223 514 444 565 tamquam
485 512 659 565 aliquod
694 512 916 567 navigium
947 516 1075 568 atque
1108 528 1280 556 cursum
1311 529 1362 556 ex
1392 515 1454 556 rei
1484 530 1558 570 pu-

165 574 207 604 62
223 570 359 611 blicae
392 572 647 624 tempestate
680 571 901 613 moderari.
966 571 1048 613 Sed
1080 572 1117 613 si
1149 573 1222 627 qui
1254 575 1370 627 sunt,
1403 573 1556 628 quibus

222 628 439 669 infinitum
485 629 543 670 sit
587 629 749 683 odium,
796 629 842 670 in
874 644 980 684 quos
1024 631 1155 672 semel
1199 634 1446 686 susceptum
1489 632 1558 686 sit,

223 701 330 741 quos
366 687 487 728 video
527 701 618 728 esse
653 702 741 729 non
770 688 929 742 nullos,
967 704 1064 730 cum
1101 689 1279 731 ducibus
1309 690 1434 745 ipsis,
1470 705 1558 732 non

223 759 318 786 cum
375 746 581 787 comitatu
631 746 1055 802 adsectatoribusque
1105 748 1350 803 confligant.
1430 748 1557 790 Illam

222 804 335 844 enim
370 803 561 845 'fortasse
604 804 886 859 pertinaciam
927 820 1015 847 non
1056 806 1188 860 nulli,
1237 807 1441 849 virtutem
1484 808 1558 848 alii

221 863 454 915 putabunt,
498 863 607 904 hanc
645 877 744 904 vero
782 863 1056 918 iniquitatem
1095 879 1242 906 omnes
1281 880 1377 907 cum
1414 865 1559 920 aliqua

223 921 474 962 crudelitate
525 921 809 963 coniunctam.
872 921 953 964 Sed
998 923 1035 964 si
1079 925 1292 965 certorum
1334 923 1558 966 hominum

221 982 385 1020 mentes
406 980 525 1021 nulla
543 980 721 1035 ratione,
751 981 922 1034 iudices,
942 981 1110 1035 placare
1130 996 1371 1036 possumuS,
1390 985 1556 1025 vestros

222 1038 393 1091 quidem
425 1038 589 1080 animos
623 1041 736 1080 certe
770 1040 1022 1088 confidimus
1052 1054 1139 1081 non
1172 1041 1363 1083 oratione
1394 1044 1556 1095 nostra,

222 1096 295 1137 sed
326 1096 595 1138 humanitate
627 1100 771 1139 vestra
803 1112 894 1139 esse
925 1099 1132 1153 placatos.

154 1154 205 1195 28
311 1154 422 1203 Quid
449 1155 563 1196 enim
589 1158 667 1210 est,
693 1170 768 1197 cur
791 1171 877 1197 non
901 1157 1047 1211 potius
1073 1157 1126 1198 ad
1152 1172 1363 1199 summam
1388 1158 1556 1199 laudem

163 1214 206 1244 63
220 1212 320 1254 huic
353 1227 482 1267 quam
513 1214 566 1254 ad
595 1214 818 1255 minimam
843 1214 1036 1256 fraudem
1063 1215 1257 1257 Caesaris
1283 1215 1556 1257 familiaritas

221 1272 360 1312 valere
401 1272 583 1313 debeat?
635 1271 848 1327 Cognovit
885 1273 1150 1328 adulescens,
1192 1274 1356 1328 placuit
1392 1275 1555 1316 homini

1594 467 1611 493 5

1578 761 1611 786 10

1578 1053 1610 1078 15

220 1330 574 1384 prudentissim03
610 1330 655 1371 in
687 1345 853 1372 summa
884 1331 1118 1373 amicorum
1150 1333 1271 1386 copia
1304 1347 1401 1374 cum
1430 1333 1552 1374 fami·
1571 1346 1606 1370 20

219 1388 462 1429 liarissimis
496 1389 586 1430 eius
620 1391 686 1430 est
717 1390 991 1444 adaequatus.
1052 1390 1103 1432 In
1133 1394 1353 1445 praetura,
1384 1391 1430 1432 in
1460 1406 1556 1433 con-

220 1446 364 1487 sulatu
399 1446 665 1500 praefectum
704 1447 874 1489 fabrum
906 1449 1078 1503 detulit3
1111 1449 1337 1491 consilium
1367 1450 1554 1491 hominis

218 1504 430 1559 probavit,
461 1505 589 1547 fidem
620 1508 685 1547 est
711 1507 952 1561 conplexus,
985 1507 1127 1548 officia
1152 1507 1554 1563 observantiamque

219 1563 379 1604 dilexit.
441 1563 544 1605 Fuit
580 1564 650 1605 hic
694 1565 929 1606 multorum
965 1565 1030 1606 illi
1067 1566 1265 1607 laborum
1303 1566 1443 1608 socius
1482 1567 1555 1608 ali-

220 1621 404 1675 quand03
456 1625 522 1663 est
566 1622 750 1664 fortasse
792 1638 904 1665 nunc
946 1638 1034 1665 non
1078 1625 1295 1666 nullorum
1338 1625 1553 1680 particeps
1574 1637 1606 1663 25

219 1681 550 1722 commodorum.
614 1680 730 1730 Quae
770 1682 941 1735 quidem
979 1683 1015 1724 si
1052 1683 1152 1724 huic
1191 1683 1408 1725 obfuerint
1443 1685 1554 1737 apud

217 1753 306 1787 vos,
330 1753 417 1780 non
442 1739 661 1795 intellego,
688 1741 801 1794 quod
826 1741 987 1782 bonum
1013 1741 1211 1795 cuiquam
1237 1741 1295 1783 sit
1320 1743 1432 1796 apud
1452 1743 1552 1784 talis

162 1804 203 1835 (54
218 1797 332 1837 viros
352 1797 637 1851 profuturum.
683 1797 777 1854 Sed,
797 1799 999 1853 quoniam
1020 1799 1063 1842 O.
1080 1799 1237 1842 Caesar
1256 1801 1378 1843 abest
1396 1801 1553 1856 longis-

217 1855 322 1896 sime
355 1858 483 1910 atque
514 1856 559 1898 in
590 1857 643 1898 iis
675 1860 741 1898 est
770 1872 883 1899 nunc
914 1858 1032 1912 locis,
1065 1872 1171 1912 quae
1203 1859 1377 1914 regione
1404 1860 1551 1901 orbem

216 1917 440 1969 terrarum,
471 1915 598 1956 rebus
630 1915 746 1957 illius
779 1916 913 1970 gestis
940 1917 1167 1971 imperium
1191 1917 1340 1972 populi
1366 1917 1549 1960 Romani
1569 1931 1603 1956 30

216 1972 440 2027 definiunt,
477 1973 630 2029 nolite,
667 1989 743 2028 per
779 1975 879 2016 deos
911 1976 1180 2017 inmortales!
1220 1976 1399 2030 iudices,
1436 1976 1549 2018 hunc

213 2031 279 2072 illi
311 2031 511 2073 acerbum
540 2032 741 2074 nuntium
771 2033 878 2074 velle
909 2034 1100 2089 perferri,
1130 2037 1179 2075 ut
1211 2048 1334 2075 suum
1364 2034 1548 2088 praefec-

218 2094 308 2131 tum
344 2089 532 2144 fabrum,
575 2093 625 2132 ut
667 2091 885 2132 hominem
923 2092 1007 2133 sibi
1044 2092 1310 2134 carissimum
1348 2095 1391 2133 et
1427 2092 1547 2133 fami-

215 2148 494 2189 liarissimum
530 2164 617 2191 non
655 2150 708 2191 ob
745 2150 881 2204 ipsius
919 2151 1092 2205 aliquod
1129 2151 1348 2203 delictum,
1385 2151 1458 2191 sed
1490 2151 1545 2192 ob

216 2220 336 2247 suam
356 2206 696 2249 familiaritatem
714 2208 870 2249 vestris
886 2223 1136 2263 oppressum
1150 2208 1372 2250 sententiis
1388 2209 1545 2251 audiat.
1564 2220 1598 2246 35

214 2263 479 2306 Miseremini
528 2266 635 2321 eius,
686 2266 760 2320 qui
801 2281 888 2308 non
930 2268 980 2308 de
1024 2281 1100 2309 suo
1142 2269 1335 2322 peccato,
1384 2267 1458 2308 sed
1500 2269 1547 2310 de

213 2321 341 2363 huius
379 2324 534 2364 summi
572 2327 615 2365 et
654 2324 880 2366 clarissimi
918 2326 999 2367 viri
1029 2325 1162 2380 facto,
1199 2340 1285 2367 non
1319 2325 1368 2366 de
1401 2326 1544 2381 aliquo
