1671 2543
529 102 629 139 CAP.
657 107 796 138 29—31
824 107 843 145 ς
870 107 1019 139 69—75.
1371 104 1451 144 111

108 212 228 255 cuius
267 212 410 267 prima
448 214 567 253 aetas
607 211 750 252 dedita
785 211 1035 265 disciplinae
1067 210 1151 251 fuit
1182 211 1320 265 iisque
1353 211 1453 252 arti-

106 272 206 325 bus,
246 271 402 325 quibus
438 269 711 312 instituimur
743 270 795 310 ad
827 270 940 311 hunc
971 284 1098 310 usum
1128 269 1362 323 forensem,
1400 270 1453 310 ad

108 330 413 384 capessendam
460 343 552 370 rem
594 328 832 383 publicam,
882 328 935 369 ad
977 328 1205 383 honorem,
1256 328 1452 383 gloriam,

108 388 386 443 dignitatem,
430 388 484 429 iis
530 390 674 428 autem
718 387 803 428 fuit
844 387 1045 428 amicitiis
1085 387 1297 428 maiorum
1334 389 1452 440 natu,

72 469 89 495 5
109 461 292 501 quorum
329 460 419 488 eum
449 446 612 487 imitari
643 446 906 486 industriam
939 445 1333 499 continentiamque
1366 459 1452 486 ma-

107 506 220 546 xime
254 505 418 559 velitis,
455 505 508 546 iis
542 504 787 559 aequalium
823 504 995 558 studiis,
1031 506 1081 545 ut
1113 504 1294 545 eundem
1326 518 1449 557 quem

109 563 264 618 optimi
301 578 349 605 ac
378 563 640 604 nobilissimi
671 566 816 617 petere
850 577 1022 604 cursum
1052 563 1190 604 laudis
1223 563 1452 604 videretur.

109 621 217 664 Cum
250 624 394 663 autem
424 622 602 676 paulum
632 622 719 662 iam
751 622 920 663 roboris
949 621 1202 663 accessisset
1229 621 1375 676 aetati,
1407 621 1510 662 in73

107 680 302 722 Africam
344 680 563 735 profectus
602 683 668 722 est
701 680 749 729 Q.
781 680 988 734 Pompeio
1026 694 1104 734 pro
1143 680 1317 722 consule
1357 694 1452 721 con-

59 749 90 774 10
109 739 361 793 tubernalis,
393 739 639 781 castissimo
670 738 836 780 homini
870 742 998 793 atque
1033 739 1171 780 omnis
1202 738 1334 780 officii
1360 738 1452 779 dili-

110 798 385 853 gentissimo,
422 798 468 839 in
506 813 590 853 qua
626 798 847 852 provincia
885 812 981 839 cum
1019 812 1087 838 res
1126 800 1249 839 erant
1282 800 1327 838 et
1357 811 1452 851 pos-

110 856 322 897 sessiones
349 859 565 910 paternae,
591 859 685 897 tum
706 856 838 897 etiam
857 871 960 896 usus
982 856 1156 909 quidam
1175 855 1451 910 provincialis

108 929 196 956 non
228 915 318 956 sine
351 929 479 956 causa
510 930 535 956 a
561 915 796 956 maioribus
822 914 923 956 huic
950 915 1082 955 aetati
1108 915 1310 956 tributus.
1371 913 1453 955 De-

111 973 242 1015 cessit
278 973 397 1015 illinc
429 973 609 1028 Pompei
646 973 804 1014 iudicio
842 973 1193 1027 probatissimus,
1230 976 1281 1014 ut
1313 972 1452 1027 ipsius

57 1039 91 1064 1⁵
111 1032 362 1073 testimonio
393 1032 675 1086 cognoscetis.
725 1031 877 1073 Voluit
903 1034 1046 1073 vetere
1071 1032 1276 1073 instituto
1304 1045 1453 1072 eorum

111 1090 449 1132 adulescentium
491 1091 703 1145 exemplo,
749 1090 821 1144 qui
858 1092 959 1144 post
997 1090 1042 1131 in
1080 1090 1256 1132 civitate
1295 1089 1453 1131 summi

109 1149 191 1190 viri
224 1152 267 1190 et
299 1149 528 1190 clarissimi
561 1149 673 1190 cives
706 1149 954 1203 extiterunt,
985 1148 1244 1190 industriam
1277 1163 1400 1189 suam
1429 1162 1453 1188 a

110 1207 271 1262 populo
291 1207 487 1249 Romano
514 1222 565 1248 ex
585 1207 730 1261 aliqua
748 1207 923 1248 inlustri
943 1208 1216 1249 accusatione
1237 1207 1449 1262 cognosci.

110 1266 279 1307 Vellem
300 1266 384 1308 alio
403 1266 549 1320 potius
571 1281 668 1307 eum
689 1266 900 1320 cupiditas
922 1266 1085 1321 gloriae
1106 1266 1352 1320 detulisset,
1379 1265 1452 1306 sed

58 1334 92 1358 20
112 1324 221 1366 abiit
245 1324 372 1366 huius
399 1327 570 1380 tempus
598 1324 823 1379 querellae.
879 1324 1111 1366 Accusavit
1137 1324 1181 1367 C.
1202 1324 1453 1377 Antonium,

113 1383 324 1438 collegam
352 1397 508 1437 meum,
535 1383 603 1425 cui
629 1383 785 1424 misero
812 1383 1022 1437 praeclari
1048 1383 1093 1424 in
1118 1398 1209 1424 rem
1234 1382 1454 1437 publicam

111 1442 309 1483 beneficii
335 1442 542 1483 memoria
566 1442 675 1483 nihil
700 1441 877 1496 profuit,
904 1442 1054 1483 nocuit
1080 1442 1225 1496 opinio
1253 1440 1455 1482 maleficii

113 1500 306 1555 cogitati.
355 1500 515 1542 Postea
542 1500 704 1542 nemini
728 1515 935 1554 umquam
961 1501 1173 1542 concessit
1199 1500 1455 1554 aequalium,

113 1558 210 1612 plus
236 1561 286 1599 ut
310 1559 356 1600 in
379 1558 487 1613 foro,
506 1560 603 1613 plus
623 1562 672 1600 ut
691 1559 736 1600 in
755 1559 943 1614 negotiis
964 1562 1207 1600 versaretur
1228 1558 1453 1612 causisque

62 1628 95 1654 25
116 1617 369 1671 amicorum,
405 1617 502 1671 plus
540 1620 589 1658 ut
626 1617 788 1659 valeret
824 1618 938 1658 inter
977 1632 1076 1658 suos
1117 1617 1270 1673 gratia.
1336 1616 1453 1665 Quae

113 1676 198 1716 nisi
229 1675 460 1730 vigilantes
491 1675 700 1729 homines,
730 1675 815 1716 nisi
845 1675 990 1729 sobrii,
1021 1675 1105 1716 nisi
1130 1675 1333 1716 industrii
1360 1689 1455 1716 con-

116 1733 238 1788 sequi
279 1748 367 1775 non
409 1737 609 1788 possunt,
655 1734 799 1775 onmia
841 1734 988 1774 labore
1032 1736 1075 1774 et
1118 1734 1344 1788 diligentia
1388 1735 1454 1773 est

118 1794 382 1834 consecutus.
450 1791 502 1832 In
542 1792 625 1833 hoc
667 1792 779 1833 flexu
818 1793 939 1846 quasi
978 1792 1132 1833 aetatis
1173 1792 1300 1846 (nihil
1340 1791 1453 1831 enim
1470 1798 1514 1830 75

118 1851 343 1892 occultabo
376 1850 512 1891 fretus
544 1850 812 1891 humanitate
839 1865 887 1892 ac
915 1850 1126 1904 sapientia
1150 1847 1313 1904 vestra)
1340 1849 1455 1889 fama

65 1921 99 1946 30
119 1909 404 1950 adulescentis
453 1908 629 1962 paulum
676 1909 818 1949 haesit
868 1908 920 1949 ad
964 1911 1099 1949 metas
1143 1908 1302 1950 notitia
1345 1921 1456 1948 nova

118 1967 310 2008 mulieris
343 1970 386 2008 et
411 1967 573 2008 infelici
598 1967 819 2007 vicinitate
846 1969 889 2007 et
914 1966 1145 2007 insolentia
1170 1966 1456 2020 voluptatum,

119 2040 227 2079 quae
261 2040 357 2067 cum
382 2026 571 2066 inclusae
599 2025 758 2065 diutius
786 2028 828 2065 et
854 2025 992 2078 prima
1019 2028 1158 2065 aetate
1186 2038 1454 2078 compressae

119 2087 162 2125 et
199 2085 458 2126 constrictae
496 2084 686 2137 fuerunt,
724 2083 867 2124 subito
904 2097 947 2124 se
979 2098 1066 2124 non
1096 2097 1332 2137 numquam
1361 2096 1456 2136 pro-

118 2142 303 2184 fundunt
347 2146 475 2198 atque
520 2142 680 2183 eiciunt
722 2142 955 2182 universae.
1025 2141 1119 2190 Qua
1163 2156 1212 2182 ex
1256 2141 1345 2182 vita
1388 2141 1456 2181 vel

67 2213 101 2239 35
121 2201 260 2243 dicam
292 2217 375 2256 quo
403 2216 453 2243 ex
480 2214 674 2242 sermone
702 2198 985 2254 (nequaquam
1017 2200 1130 2241 enim
1156 2198 1326 2241 tantum
1352 2202 1456 2252 erat,

121 2263 329 2314 quantum
346 2260 542 2302 homines
563 2256 866 2313 loquebantur)
880 2273 1093 2300 —verum
1108 2273 1159 2299 ex
1173 2273 1234 2312 eo,
1256 2257 1456 2312 quicquid

121 2321 226 2371 erat,
252 2319 427 2360 emersit
452 2321 677 2373 totumque
704 2331 747 2358 se
775 2317 899 2358 eiecit
925 2319 1052 2373 atque
1079 2317 1243 2370 extulit,
1270 2320 1456 2357 tantum-

1467 1242 1516 1283 31

1468 1302 1512 1332 74
