1671 2543
231 75 289 116 46
619 73 711 108 PRO
738 73 776 108 P.
804 73 966 109 SESTIO
993 73 1180 110 ORATIO.

232 197 379 224 versae
406 182 469 223 rei
494 182 691 237 publicae
718 181 857 236 gloria
882 181 1129 223 delectatur.
1191 181 1343 236 Itaque
1367 181 1562 224 homines

233 241 428 283 seditiosi
454 256 503 282 ac
528 240 780 293 turbulenti,
813 240 912 294 quia
934 241 1055 282 nulla
1078 241 1165 281 iam
1184 240 1414 296 largitione
1432 255 1564 295 popu-

233 301 322 341 lum
359 300 602 341 Romanum
646 298 860 340 concitare
896 302 1095 353 possunt,
1140 299 1253 353 quod
1288 299 1435 353 plebes
1471 313 1563 353 per-

233 359 382 400 functa
406 358 674 413 gravissimis
700 357 982 399 seditionibus
1008 372 1057 399 ac
1077 357 1301 399 discordiis
1321 357 1459 399 otium
1478 372 1563 398 am-

232 417 441 472 plexatur,
474 417 704 458 conductas
736 415 897 456 habent
928 417 1149 457 contiones
1179 430 1316 470 neque
1348 416 1391 457 id
1417 419 1563 471 agunt,
1599 431 1615 456 5

232 478 282 517 ut
320 490 370 517 ea
406 476 550 517 dicant
588 477 663 516 aut
693 473 851 528 ferant,
890 489 996 529 quae
1027 475 1092 515 illi
1124 475 1257 516 velint
1289 475 1451 528 audire,
1491 475 1564 529 qui

233 535 278 575 in
309 534 507 576 contione
535 537 647 587 sunt,
679 533 753 574 sed
778 533 916 586 pretio
945 548 992 575 ac
1019 534 1208 575 mercede
1235 533 1472 587 perficiunt,
1503 536 1564 586 ut,

156 604 219 634 105
235 593 436 647 quicquid
469 593 628 645 dicant,
665 592 710 632 id
740 591 805 632 illi
835 592 942 633 velle
975 592 1120 633 audire
1150 592 1387 634 videantur.
1446 591 1564 634 Num

232 666 308 693 vos
347 650 604 692 existimatis
639 649 854 691 Gracchos
893 653 967 691 aut
1000 649 1278 692 Saturninum
1316 653 1390 692 aut
1422 665 1564 705 quem-

234 724 363 764 quam
382 710 555 751 illorum
574 711 778 762 veterum,
799 709 870 762 qui
885 709 1112 763 populares
1126 709 1409 762 habebantur,
1427 709 1563 751 ullum
1584 725 1616 749 10

232 783 438 822 umquam
452 769 496 809 in
511 768 709 809 contione
722 767 925 808 habuisse
942 768 1227 809 conductum?
1249 767 1389 809 Nemo
1399 767 1564 809 habuit.

233 826 334 881 Ipsa
360 827 473 868 enim
498 826 674 881 largitio
702 828 745 867 et
765 841 862 880 spes
883 826 1095 867 commodi
1114 826 1327 880 propositi
1348 826 1438 867 sine
1459 840 1564 867 mer-

234 886 332 926 cede
358 886 447 926 ulla
472 885 793 926 multitudinem
820 885 1074 926 concitabat.
1124 884 1276 938 Itaque
1297 885 1563 939 temporibus

232 944 317 985 illis
351 945 423 998 qui
448 944 677 998 populares
705 946 837 995 erant,
870 943 1143 984 offendebant
1167 943 1232 984 illi
1259 943 1430 998 quidem
1453 943 1564 997 apud

233 1002 376 1058 gravis
409 1005 452 1044 et
482 1002 688 1044 honestos
719 1002 927 1055 homines,
960 1002 1032 1043 sed
1063 1002 1211 1068 populi
1239 1002 1407 1044 iudiciis
1435 1005 1563 1056 atque
1584 1017 1617 1043 15

234 1062 349 1102 omni
381 1061 697 1116 significatione
727 1061 951 1102 florebant.
1012 1060 1093 1101 His
1124 1061 1170 1102 in
1197 1060 1369 1102 theatro
1395 1061 1564 1116 plaude-

233 1121 371 1173 batur,
395 1119 442 1161 hi
462 1119 690 1174 suffragiis,
712 1119 824 1173 quod
845 1119 1162 1173 contenderant,
1183 1120 1564 1173 consequebantur,

232 1179 387 1219 horum
416 1178 613 1219 homines
644 1192 818 1231 nomen,
854 1178 1110 1231 orationem,
1141 1178 1320 1232 vultum,
1351 1178 1564 1220 incessum

234 1237 447 1278 amabant.
511 1236 594 1285 Qui
625 1239 769 1276 autem
798 1236 1134 1277 adversabantur
1159 1236 1198 1277 ei
1223 1237 1380 1291 generi,
1412 1250 1563 1291 graves

234 1298 276 1336 et
307 1295 453 1349 magni
477 1295 672 1335 homines
698 1294 985 1348 habebantur,
1018 1295 1089 1335 sed
1116 1294 1353 1335 valebant
1341 1310 1386 1335 111
1412 1297 1563 1336 senatu
1583 1311 1617 1336 20

234 1353 435 1407 multum,
467 1353 578 1407 apud
609 1353 745 1394 bonos
777 1353 891 1393 viros
923 1352 1173 1407 plurimum,
1206 1353 1473 1394 multitudini
1504 1353 1564 1394 iu-

234 1412 360 1453 cundi
390 1426 477 1453 non
509 1414 648 1464 erant,
687 1411 902 1466 suffragiis
935 1411 1228 1452 offendebatur
1259 1426 1384 1466 saepe
1416 1426 1564 1453 eorum

235 1470 452 1524 voluntas,
477 1470 677 1523 plausum
702 1484 801 1511 vero
829 1470 959 1510 etiam
986 1470 1022 1510 si
1048 1470 1142 1523 quis
1169 1485 1314 1511 eorum
1335 1470 1563 1524 aliquando

235 1531 467 1582 acceperat,
488 1543 541 1569 ne
563 1528 663 1582 quid
682 1531 914 1582 peccasset,
938 1528 1280 1583 pertimescebat.
1324 1530 1388 1570 Ac
1408 1532 1564 1583 tamen,

236 1587 272 1628 si
299 1601 406 1640 quae
432 1601 498 1628 res
526 1589 617 1627 erat
643 1587 790 1641 maior,
815 1586 928 1627 idem
952 1587 1024 1628 ille
1043 1587 1228 1642 populus
1247 1587 1402 1629 horum
1422 1590 1563 1630 aucto·
1582 1604 1616 1630 25

235 1646 365 1686 ritate
397 1645 580 1686 maxime
613 1645 972 1687 commovebatur.

161 1691 215 1732 50
323 1703 459 1757 Nunc,
478 1704 562 1745 nisi
583 1718 649 1744 me
669 1703 794 1758 fallit,
813 1704 858 1744 in
877 1719 926 1745 eo
942 1707 1059 1745 statu
1074 1704 1225 1746 civitas
1241 1707 1318 1760 est,
1337 1707 1397 1759 ut,
1417 1705 1453 1746 si
1468 1719 1563 1759 ope-

160 1751 220 1782 106
236 1776 305 1804 ras
332 1763 640 1804 conductorum
665 1763 908 1816 removeris,
934 1777 1080 1804 omnes
1106 1764 1219 1804 idem
1245 1764 1295 1804 de
1321 1778 1366 1804 re
1390 1763 1563 1817 publica

236 1821 402 1862 sensuri
430 1835 521 1862 esse
546 1821 780 1862 videantur.
830 1821 1006 1863 Etenim
1031 1822 1171 1863 tribus
1197 1822 1303 1864 locis
1330 1822 1563 1876 significari

235 1880 419 1920 maxime
445 1880 495 1921 de
514 1880 735 1933 republica
753 1880 901 1934 populi
921 1879 1105 1921 Romani
1126 1880 1330 1922 iudicium
1350 1894 1398 1921 ac
1417 1880 1563 1922 volun·
1581 1898 1616 1923 30

236 1941 303 1979 tas
328 1941 485 1993 potest,
512 1938 722 1992 contione,
748 1938 948 1992 comitiis,
973 1939 1171 1980 ludorum
1191 1938 1563 1994 gladiatorumque

237 2011 448 2038 consessu.
512 1996 628 2046 Quae
661 1997 805 2038 contio
837 1996 921 2038 fuit
952 2012 1028 2052 per
1058 1997 1137 2038 hos
1165 2011 1309 2051 annos,
1341 2011 1448 2050 quae
1475 1997 1563 2050 qui-

237 2054 332 2095 dem
365 2058 478 2096 esset
507 2069 595 2096 non
626 2055 846 2108 conducta,
879 2055 952 2097 sed
983 2070 1093 2110 vera,
1124 2056 1168 2097 in
1200 2070 1283 2110 qua
1306 2055 1455 2109 populi
1479 2055 1562 2097 Ro-

237 2113 353 2153 mani
391 2127 620 2154 consensus
657 2113 842 2168 perspici
878 2128 960 2155 non
996 2114 1173 2168 posset?
1238 2112 1424 2154 Habitae
1463 2117 1562 2155 sunt

238 2171 396 2211 multae
441 2172 491 2212 de
534 2186 602 2213 me
639 2185 665 2213 a
701 2171 939 2227 gladiatore
977 2171 1324 2225 sceleratissimo,
1367 2171 1420 2213 ad
1458 2186 1561 2225 quas
1581 2190 1615 2216 35

236 2243 360 2270 nemo
399 2230 545 2271 adibat
582 2230 873 2284 incorruptus,
908 2245 1033 2272 nemo
1064 2231 1249 2285 integer;
1283 2244 1409 2271 nemo
1440 2230 1562 2271 illum

236 2286 408 2328 foedum
440 2288 605 2329 vultum
638 2289 838 2343 aspicere,
868 2303 993 2330 nemo
1024 2288 1221 2330 furialem
1252 2302 1398 2330 vocem
1425 2288 1561 2332 bonus
