1671 2543
194 102 282 145 382
376 101 430 137 IN
455 101 502 136 M.
530 99 789 137 ANTONIUM
815 99 994 136 ORATIO
1020 99 1292 135 PHILIPPICA
1317 99 1362 134 11.

195 212 368 253 secutus
406 224 451 251 es
488 208 798 264 negotiumque
837 207 1144 263 transegisses,
1180 207 1266 249 m’si
1304 221 1348 249 se
1386 207 1460 249 ille
1497 207 1542 249 in

194 268 333 311 scalas
378 268 582 310 tabernae
626 266 828 308 librariae
867 266 1122 308 coniecisset
1159 266 1297 321 iisque
1335 266 1542 321 oppilatis

194 327 405 381 impetum
456 329 578 367 tuum
630 324 986 390 compressisset?
1063 324 1186 374 Quod
1237 324 1410 380 quidem
1460 338 1541 380 ego

195 385 353 428 favisse
391 399 458 426 me
496 384 579 425 tibi
616 383 773 438 fateor,
811 383 998 425 suasisse
1035 398 1088 425 ne
1127 386 1175 425 tu
1213 383 1386 438 quidem
1423 383 1541 426 dicis.

195 444 257 487 At
288 443 442 485 Miloni
479 457 532 485 ne
570 442 712 484 favere
752 442 923 497 quidem
960 442 1102 497 potui,
1139 442 1259 497 prius
1297 442 1412 484 enim
1449 456 1540 484 rem
1578 457 1596 484 ⁵

194 503 427 558 transegit,
465 516 594 556 quam
632 500 858 556 quisquam
897 514 994 542 eum
1032 501 1248 542 facturum
1279 500 1323 542 id
1355 501 1542 556 suspica-

194 565 325 603 retur.
381 561 442 602 At
473 574 554 616 ego
588 560 716 602 suasi.
774 558 949 601 Scilicet
975 560 1010 600 is
1038 560 1208 601 animus
1234 562 1328 602 erat
1353 559 1542 614 Milonis,

194 623 244 662 ut
275 620 477 674 prodesse
510 619 572 660 rei
603 618 807 673 publicae«
833 618 924 660 sine
959 632 1134 660 suasore
1160 633 1248 660 non
1272 621 1431 673 posset.
1482 618 1543 660 At

194 679 382 721 laetatus
421 692 527 720 sum.
592 677 704 726 Quid
742 677 875 732 ergo?
914 677 959 718 in
996 680 1120 718 tanta
1158 677 1327 719 laetitia
1362 679 1541 719 cunctae

137 750 180 781 22
197 738 387 780 civitatis
433 751 500 778 me
543 751 677 778 unum
718 736 889 777 tristem
927 750 1019 777 esse
1058 736 1318 790 oportebat?
1387 735 1540 785 Quam·
1562 749 1598 774 ιο

196 811 325 851 quam
351 796 401 838 de
428 798 567 837 morte
588 793 711 837 Clodi
737 794 822 836 fuit
849 794 1042 860 quaestio
1068 809 1156 836 non
1181 795 1289 836 satis
1309 795 1542 850 prudenter

194 855 271 896 illa
303 855 475 921 quidem
508 853 747 896 constituta
781 851 902 910 (quid
929 853 1043 895 enim
1069 853 1285 894 attinebat
1309 868 1422 895 nova
1446 854 1542 909 lege

196 914 345 968 quaeri
378 914 427 954 de
461 927 523 967 eo,
556 913 629 967 qui
660 912 879 954 hominem
906 912 1144 966 occidisset,
1177 927 1273 954 cum
1299 915 1415 954 esset
1439 912 1542 968 legi-

193 973 274 1014 bus
302 972 499 1026 quaestio
526 969 826 1026 constituta?),
853 971 1095 1036 quaesitum
1120 974 1187 1013 est
1212 974 1367 1012 tamen.
1419 970 1541 1020 Quod

193 1031 348 1087 igitur,
387 1045 483 1072 cum
520 1044 589 1071 res
628 1030 857 1085 agebatur,
893 1044 1020 1071 nemo
1059 1030 1104 1070 in
1136 1044 1202 1071 me
1235 1029 1362 1084 dixit,
1398 1029 1442 1071 id
1473 1032 1541 1071 tot
1561 1047 1596 1073 15

195 1090 318 1131 annis
350 1092 450 1144 post
482 1092 530 1130 tu
563 1103 607 1130 es
640 1089 839 1137 inventus
872 1088 944 1143 qui
977 1088 1168 1130 diceres?

137 1156 180 1186 23
285 1148 408 1197 Quod
446 1161 546 1189 vero
584 1147 722 1189 dicere
761 1161 890 1188 ausus
929 1161 989 1199 es,
1032 1147 1159 1200 idque
1198 1146 1347 1188 multis
1385 1146 1541 1201 verbis,

196 1222 326 1262 opera
358 1221 453 1248 mea
478 1205 734 1260 Pompeium
766 1220 791 1247 a
818 1205 1012 1248 Caesaris
1046 1205 1237 1247 amicitia
1264 1219 1356 1246 esse
1382 1205 1540 1247 diiunc-

196 1269 290 1307 tum
323 1265 377 1306 ob
410 1279 589 1318 eamque
623 1278 795 1305 causam
828 1264 954 1318 culpa
986 1279 1081 1305 mea
1106 1264 1269 1305 bellum
1295 1263 1418 1305 civile
1445 1277 1539 1305 esse

195 1327 367 1377 natum,
405 1323 450 1363 in
487 1337 536 1364 eo
568 1337 655 1363 non
686 1325 734 1363 tu
767 1322 940 1376 quidem
972 1325 1066 1363 tota
1097 1336 1154 1375 re,
1186 1322 1276 1375 sed,
1309 1321 1421 1376 quod
1453 1336 1539 1363 ma·
1560 1341 1595 1366 20

129 1383 182 1424 10
196 1383 359 1423 ximum
386 1384 464 1434 est,
497 1380 765 1434 temporibus
793 1381 958 1421 errasti.
1015 1380 1111 1435 Ego
1138 1379 1194 1421 M.
1220 1379 1390 1434 Bibulo,
1422 1395 1540 1434 prae-

196 1439 466 1481 stantissimo
505 1439 613 1492 cive,
651 1438 824 1480 consule
862 1439 971 1479 nihil
1003 1438 1291 1492 praetermisi,
1330 1442 1540 1493 quantum

196 1499 334 1540 facere
387 1498 576 1552 enitique
626 1497 766 1551 potui,
817 1497 921 1551 quin
964 1496 1218 1551 Pompeium
1269 1512 1293 1538 a
1343 1496 1539 1540 Caesaris

196 1556 496 1599 coniunctione
534 1570 768 1597 avocareni.
830 1555 880 1596 In
919 1570 1001 1610 quo
1042 1555 1199 1598 Caesar
1238 1555 1406 1598 felicior
1443 1556 1538 1598 fuit.

195 1615 293 1670 Ipse
344 1615 458 1656 enim
496 1614 750 1668 Pompeium
795 1629 819 1655 a
862 1629 957 1656 mea
1000 1614 1297 1656 familiaritate
1342 1614 1593 1659 diiunxit.2⁵

195 1674 353 1716 Postea
378 1688 478 1715 vero
507 1687 635 1728 quam
662 1687 707 1714 se
735 1676 877 1715 totum
900 1672 1130 1728 Pompeius
1151 1672 1323 1716 Caesari
1349 1673 1538 1727 tradidit,

195 1733 297 1788 quid
348 1747 426 1788 ego
473 1732 597 1773 illum
642 1732 695 1773 ab
741 1746 790 1773 eo
839 1731 1077 1773 distrahere
1122 1731 1328 1774 conarer?
1403 1730 1538 1773 Stulti

136 1800 181 1830 ‘24
196 1795 288 1833 erat
314 1805 497 1846 sperare,
524 1790 700 1831 suadere
727 1790 1000 1844 impudentis.
1045 1789 1142 1832 Duo
1170 1793 1316 1831 tamen
1341 1792 1539 1845 tempora

194 1851 455 1904 inciderunt,
493 1849 648 1903 quibus
688 1849 848 1902 aliquid
887 1851 1038 1891 contra
1070 1847 1296 1891 Caesarem
1329 1847 1536 1904 Pompeio

195 1909 414 1951 suaserim.
476 1908 541 1949 Ea
573 1908 701 1949 velim
734 1907 1037 1961 reprehendas,
1069 1907 1104 1948 si
1137 1910 1274 1961 potes,
1305 1921 1450 1961 unum,
1481 1921 1534 1950 ne
1555 1925 1591 1950 so

195 1967 473 2022 quinquennii
500 1966 730 2020 imperium
756 1965 928 2008 Caesari
954 1968 1221 2021 prorogaret,
1255 1965 1452 2019 alterum,
1482 1980 1536 2007 ne

192 2028 414 2080 pateretur
469 2025 589 2079 ferri,
644 2028 693 2065 ut
749 2024 940 2065 absentis
990 2024 1081 2065 eius
1132 2024 1243 2065 ratio
1292 2023 1535 2065 haberetur.

194 2084 387 2133 Quorum
435 2084 471 2125 si
514 2083 727 2125 utrumvis
765 2083 1094 2137 persuasissem,
1139 2083 1183 2124 in
1223 2082 1301 2124 has
1340 2081 1535 2123 miserias

191 2157 426 2196 numquam
465 2142 774 2184 incidissemus.
842 2140 987 2195 Atque
1024 2141 1137 2182 idem
1178 2154 1276 2196 ego,
1314 2154 1410 2181 cum
1447 2139 1534 2181 iam

193 2215 295 2255 opes
334 2200 473 2242 omnis
512 2203 555 2241 et
594 2214 693 2241 suas
730 2202 774 2240 et
812 2199 961 2254 populi
998 2198 1183 2240 Romani
1214 2197 1444 2251 Pompeius
1482 2199 1533 2239 ad
1553 2215 1589 2242 3⁶

193 2257 421 2300 Caesarem
453 2258 680 2300 detulisset
706 2272 885 2312 seroque
912 2272 962 2299 ea
987 2258 1145 2299 sentire
1172 2256 1394 2310 coepisset,
1427 2270 1534 2310 quae

192 2329 271 2370 ego
306 2317 443 2357 multo
477 2320 576 2358 ante
607 2316 891 2371 provideram,
922 2315 1153 2370 inferrique
1180 2313 1347 2367 patriae
1373 2314 1534 2356 bellum
