1671 2543
551 86 654 122 CAP.
680 89 771 120 4-7
798 89 818 128 ξ
846 89 993 120 10-15.
1355 84 1440 126 527

100 193 284 236 Martiae
316 193 520 235 Brundisi
556 193 758 248 profusus
794 193 969 248 sanguis
1002 193 1187 246 eluatur,
1224 207 1327 234 num
1359 193 1444 234 elui

100 253 364 308 praedicatio
394 252 661 295 crudelitatis
687 252 863 306 potest?
913 251 975 294 Ut
1000 251 1140 293 media
1165 254 1444 306 praeteream,

102 326 209 366 quae
247 314 440 353 vetustas
479 311 605 353 tollet
643 325 820 365 operum
859 310 1020 352 circum
1051 310 1265 352 Mutinam
1303 312 1444 352 taetra

101 370 378 424 monimenta,
399 370 571 412 sceleris
591 369 750 411 indicia
769 369 1070 423 latrociniique
1090 369 1304 424 vestigia?
1329 368 1443 410 Huic
1461 376 1502 406 13

65 429 237 484 sigitur
275 429 509 483 inportuno
547 431 675 483 atque
712 428 867 482 inpuro
905 428 1141 482 parricidae
1180 427 1281 481 quid
1317 427 1445 469 habe-

101 502 215 541 mus,
257 502 335 542 per
377 488 478 529 deos
521 486 807 529 immortales!
854 487 966 541 quod
1005 486 1307 528 remittamus?
1375 486 1445 528 An

101 545 290 588 Galliam
327 546 526 587 ultimam
563 548 607 587 et
645 546 908 587 exercitum?
972 545 1082 594 Quid
1115 548 1180 587 est
1212 545 1328 586 aliud
1357 559 1445 586 non

98 620 249 660 pacem
274 604 426 660 facere,
452 604 526 647 sed
551 604 720 646 differre
746 604 919 658 bellum,
944 619 1021 646 nec
1044 604 1184 646 solum
1203 617 1445 659 propagare

99 664 274 718 bellum,
306 664 380 706 sed
413 663 641 706 concedere
673 663 803 705 etiam
835 663 1092 704 victoriam?
1153 662 1223 704 An
1254 663 1326 703 1110
1357 676 1446 704 11011

48 733 82 758 10
100 723 265 777 vicerit,
299 723 336 765 si
368 736 634 777 quacumque
667 722 915 764 condicione
948 722 992 763 in
1022 722 1134 763 hanc
1164 721 1316 763 urbem
1348 735 1445 762 cum

100 781 189 823 suis
218 781 412 823 venerit?
461 780 608 823 Armis
633 796 746 822 1111110
774 781 917 822 omnia
944 783 1152 834 tenemus,
1184 779 1446 822 auctoritate

100 840 290 882 valemus
321 839 573 894 plurimum,
609 840 767 881 absunt
799 842 867 881 tot
898 839 1055 893 perditi
1087 839 1200 880 cives
1232 838 1446 880 nefarium

101 899 238 940 secuti
270 899 439 954 ducem3
476 901 622 940 tamen
654 913 802 940 eorum
835 913 910 940 ora
942 912 1263 952 sermonesque,
1296 896 1369 951 qui
1401 896 1447 937 in

100 958 206 1000 urbe
244 972 294 999 ex
326 972 375 999 00
406 972 585 999 1111111010
617 957 758 999 relicti
791 960 908 1011 sunt,
945 956 1055 998 ferre
1086 971 1174 998 non
1204 969 1445 1010 possumus.

49 1023 82 1048 15
104 1016 215 1066 Quid
254 1016 457 1082 censetis,
495 1031 592 1058 cum
629 1018 697 1057 tot
728 1030 813 1057 uno
846 991 1039 1069 teinpore
1071 1015 1329 1069 inruperint,
1366 1028 1445 1055 nos

101 1089 222 1116 arma
263 1074 552 1130 posuerimus,
600 1074 667 1115 illi
708 1089 796 1116 non
840 1073 1134 1128 deposuerint,
1182 1088 1323 1115 nonne
1366 1087 1445 1114 nos

100 1133 263 1175 nostris
308 1133 498 1175 consiliis
542 1133 679 1175 victos
723 1133 769 1174 in
808 1136 1063 1187 perpetuum
1101 1131 1224 1174 fore?
1291 1131 1503 1173 Ρο1111014Ι

102 1195 200 1234 ante
222 1192 369 1234 oculos
388 1191 445 1233 M.
465 1191 704 1233 Antonium
725 1192 1012 1245 consularem,
1031 1194 1277 1246 sperantem
1298 1204 1447 1232 consu-

101 1251 238 1293 latum
258 1250 439 1293 Lucium
464 1251 703 1306 adiungite3
729 1251 926 1304 supplete
947 1253 1124 1303 ceteros,
1149 1263 1287 1303 neque
1306 1248 1447 1290 nostri

49 1310 264 1352 mordim‘s
303 1310 461 1363 solum,
497 1309 683 1351 honores
719 1312 762 1350 et
794 1309 975 1363 imperia
1006 1308 1275 1362 meditantis,
1310 1307 1446 1348 nolite

102 1383 154 1410 ne
181 1367 359 1410 Tirones
387 1368 570 1423 quidem,
601 1367 836 1422 Numisios,
862 1367 1084 1421 Mustelas,
1112 1366 1233 1408 Seios
1261 1368 1447 1408 contem-

101 1441 214 1469 nere.
283 1426 392 1469 Cum
434 1427 488 1468 iis
526 1427 642 1469 facta
678 1442 762 1481 pax
798 1441 887 1468 non
925 1426 1007 1467 erit
1044 1441 1147 1480 pax,
1190 1425 1263 1466 sed
1300 1425 1447 1479 pactio

104 1485 338 1527 servitutis.
399 1484 446 1527 L.
476 1485 666 1540 Pisonis,
698 1485 955 1540 amplissimi
986 1484 1079 1538 viri,
1113 1484 1334 1538 praeclara
1364 1497 1447 1524 vox

105 1559 130 1585 a
167 1547 210 1585 te
246 1558 335 1585 non
372 1544 511 1586 solum
545 1544 590 1585 in
619 1544 703 1586 1100
734 1544 900 1596 ordine,
936 1543 1096 1596 Pansa,
1134 1542 1208 1583 sed
1240 1542 1371 1583 etiam
1401 1541 1448 1582 in

52 1611 85 1637 25
106 1602 306 1645 contione
344 1602 435 1643 iure
472 1602 647 1643 laudata
684 1605 761 1643 est.
822 1601 1111 1643 Excessurum
1149 1615 1194 1641 se
1232 1615 1284 1641 ex
1317 1599 1448 1640 Italia

105 1661 227 1715 dixit,
253 1661 354 1702 deos
379 1661 548 1715 penatis
576 1663 619 1701 et
645 1661 765 1701 sedes
785 1660 948 1714 patrias
968 1660 1230 1712 relicturum,
1262 1658 1310 1712 si,
1335 1659 1448 1712 quod

109 1720 150 1776 di
189 1735 313 1762 omen
352 1723 613 1773 averterent,
656 1734 746 1760 rem
784 1718 1001 1772 publicam
1039 1692 1325 1771 oppressisset
1361 1716 1446 1757 An-

106 1778 262 1820 tonius.
311 1775 478 1825 Quaero
510 1776 646 1831 igitur
677 1790 702 1816 a
728 1778 783 1828 te,
815 1774 861 1816 L.
887 1774 1000 1828 Piso,
1029 1788 1171 1815 nonne
1198 1786 1447 1827 oppressam

107 1851 197 1878 rem
234 1836 452 1890 publicam
486 1837 629 1888 putes,
667 1834 704 1875 si
735 1836 803 1875 tot
833 1836 924 1874 tam
955 1833 1096 1887 impii,
1133 1835 1224 1873 tam
1257 1831 1448 1883 audaces,

54 1904 88 1930 80
108 1898 199 1936 tam
224 1894 453 1935 facinerosi
478 1892 641 1946 recepti
667 1893 765 1933 sint.
802 1892 919 1940 Quos
944 1891 1135 1933 nondum
1160 1890 1295 1932 tantis
1316 1889 1449 1944 parri-

109 1953 231 1995 cidiis
276 1952 592 1994 contaminatos
636 1951 707 1992 vix
748 1950 1011 2003 ferebamus,
1053 1950 1132 1991 hos
1175 1963 1288 1990 nunc
1333 1947 1450 1989 omni

109 2012 267 2053 scelere
299 2013 524 2064 coopertos
551 2009 797 2051 tolerabiles
824 2023 970 2051 censes
997 2008 1164 2050 civitati
1188 2006 1310 2048 fore?
1359 2006 1451 2047 Aut

109 2070 194 2111 isto
227 2072 321 2123 tuo,
357 2068 465 2110 1111111
497 2069 636 2122 010(10,
669 2067 848 2110 consilio
882 2068 964 2109 erit
995 2067 1219 2119 utendum,
1250 2067 1299 2106 ut
1332 2064 1451 2106 ceda-

109 2143 223 2182 mus,
255 2128 469 2181 abeamus,
500 2102 636 2168 vitam,
666 2127 839 2180 inopem
870 2128 914 2167 et
944 2139 1100 2180 vagam
1130 2137 1450 2179 persequamur,

56 2196 91 2222 ³⁵
111 2190 186 2228 aut
217 2186 401 2228 cervices
432 2186 674 2227 latronibus
706 2185 867 2225 dandae
900 2187 1027 2238 atque
1058 2184 1104 2224 in
1133 2182 1276 2237 patria
1304 2181 1450 2223 caden-

111 2246 213 2287 dum
244 2248 321 2286 est.
371 2243 458 2286 Ubi
490 2246 602 2298 sunt,
634 2242 678 2286 C.
704 2243 858 2295 Pansa,
888 2242 986 2283 illae
1017 2240 1334 2284 cohortationes
1360 2239 1450 2293 pul-

111 2303 346 2345 cherrimae
366 2306 478 2357 tuae,
499 2277 652 2357 quilius
673 2316 698 2344 a
717 2304 759 2342 te
781 2301 992 2342 excitatus
1014 2302 1198 2350 senatus,
1217 2299 1450 2340 inflamma·

1464 1755 1487 1794 7
