1671 2543
573 106 674 142 CAP.
702 111 791 142 1—2
819 111 839 148 ,ε
868 112 969 143 1-3.
1359 109 1445 150 259

100 210 233 246 Claudi
259 210 429 246 Caesaris
455 210 608 255 quidam
634 211 881 256 colleger;unt
909 224 942 248 v.
971 213 1071 248 Suet
1098 213 1228 249 Claud.
1257 217 1313 255 16)
1340 224 1444 249 accu-

100 260 213 293 satus
221 260 279 294 est
298 269 330 294 a.
352 271 387 294 u.
409 262 489 294 700.
519 258 613 293 Eum
632 258 680 294 M.
703 259 841 298 Cicero,
863 271 1015 304 qu11am
1034 260 1076 294 A.
1099 259 1321 295 Gabinium'
1311 273 1445 306 ipsum,

100 317 259 349 quocum
292 305 443 341 dicebat
475 316 514 340 se
544 304 584 340 in
615 305 776 351 gratiam
808 307 966 347 redisse
1000 307 1063 343 Cn.
1090 307 1267 360 Pompeio
1293 309 1446 343 auctore

100 352 334 396 defenderat,
372 353 443 387 hac
480 353 578 397 ipsa,
617 364 711 398 quae
749 353 846 388 infra
883 354 1038 399 legitur,
1077 354 1246 390 oratione
1285 367 1445 401 purgare

98 399 253 444 studuit,
282 382 503 444 videturque
527 410 612 435 reus
639 400 831 436 absolutus
859 412 950 437 esse.

188 565 233 608 Si
260 567 355 621 quis
383 569 460 616 est,
485 566 658 621 iudices,
685 567 757 622 qui
778 566 823 610 O.
843 567 1082 621 Rabirium,
1108 569 1222 622 quod
1245 551 1480 640 fortunas}

99 639 215 680 suas,
258 625 459 667 fundatas
502 627 760 680 praesertim
805 630 933 681 atque
981 626 1141 681 optime
1183 627 1442 668 constitutas

99 685 252 739 [opes],
270 684 479 739 potestati
496 684 639 740 regiae
653 685 907 739 libidinique
923 685 1200 739 commiserit,
1219 686 1443 740 reprehen-

98 743 281 785 dendum
312 745 447 798 putet,
479 743 697 785 adscribat
731 744 782 784 ad
813 744 1018 785 iudicium
1051 758 1176 785 suum
1202 758 1290 785 non
1314 745 1441 786 modo

61 812 77 838 5
98 817 249 856 meam,
269 802 343 843 sed
361 802 488 843 huius
510 802 641 843 etiam
658 802 806 856 ipsius,
827 803 898 857 qui
914 803 1143 855 commisit,
1164 803 1442 858 sententiam,

95 875 175 902 nec
212 860 325 901 enim
364 860 563 915 cuiquam
602 861 691 902 eius
725 861 952 902 consilium
983 861 1279 902 vehementius
1313 875 1441 915 quam

96 919 181 974 ipsi
212 919 423 974 displicet.
474 918 743 973 Quamquam
774 920 857 961 hoc
887 920 1140 974 plerumque
1165 919 1361 974 facimus,
1391 923 1441 961 ut

97 978 278 1020 consilia
321 977 484 1019 eventis
525 978 809 1032 ponderemus
851 981 911 1032 et,
956 979 1023 1019 cui
1060 979 1169 1019 bene
1207 978 1309 1032 quid
1345 993 1440 1032 pro-

97 1037 284 1091 cesserit,
316 1036 501 1078 multum
526 1037 649 1077 illum
673 1037 924 1091 providisse,
957 1037 1023 1078 cui
1050 1051 1185 1090 schS,
1215 1037 1323 1077 niln'l
1350 1051 1441 1078 sen-

48 1106 78 1131 10
97 1096 203 1137 sisse
233 1095 435 1137 dicamus.
486 1093 532 1136 Si
558 1095 774 1136 extitisset
799 1096 844 1136 in
869 1109 969 1150 rege
995 1095 1112 1149 fides,
1142 1095 1251 1136 nihil
1278 1096 1440 1149 sapien-

95 1154 183 1195 tius
220 1153 447 1208 Postumo,
492 1154 592 1207 quia
634 1153 789 1195 fefellit
827 1168 918 1208 rex,
961 1154 1070 1195 nihil
1107 1154 1189 1195 hoc
1227 1154 1439 1195 amentius

96 1212 263 1267 dicitur,
282 1215 331 1254 ut
350 1212 437 1253 iam
455 1212 563 1253 nihil
584 1226 676 1254 esse
696 1212 892 1254 videatur
909 1212 994 1253 nisi
1014 1212 1203 1253 divinare
1219 1212 1438 1266 sapientis.

96 1270 180 1313 Sed
204 1274 360 1325 tamen,
393 1271 430 1312 si
455 1271 550 1324 quis
576 1274 653 1325 est,
681 1271 853 1325 iudices,
881 1271 953 1325 qui
979 1271 1098 1311 illam
1125 1270 1322 1312 Postumi
1349 1272 1436 1312 sive
1452 1276 1470 1305 2

93 1330 265 1371 inanem
296 1344 417 1384 spem
448 1330 536 1371 sive
567 1329 856 1372 inconsultam
887 1329 1101 1371 rationem
1132 1330 1232 1383 sive,
1263 1332 1313 1371 ut
1344 1343 1437 1385 gra-

45 1398 75 1424 15
94 1389 270 1440 vissimo
292 1389 438 1430 'verbo
474 1391 589 1443 utar,
626 1389 918 1430 temeritatem
949 1388 1276 1442 vituperandam
1303 1391 1439 1443 putet,

0 1451 1 1454 ’
95 1460 175 1502 ego
208 1447 297 1488 eius
330 1447 522 1501 opinioni
551 1461 639 1490 non
670 1461 878 1503 repugno3
911 1447 1018 1487 illud
1050 1449 1193 1487 tamen
1221 1447 1437 1501 deprecor,

93 1508 160 1559 ut,
204 1520 323 1558 cum,
344 1505 396 1546 ab
434 1503 529 1560 ipsa
565 1505 760 1547 Fortuna
788 1505 1090 1547 'crudelissime
1128 1505 1272 1546 videat
1308 1505 1435 1547 huius

95 1563 274 1605 consilia
310 1578 410 1605 esse·
434 1564 635 1618 multata,
670 1579 723 1605 ne
757 1564 858 1618 quid
890 1564 942 1604 ad
975 1578 1044 1605 eas
1077 1564 1241 1617 ruinas,
1279 1564 1434 1618 quibus

93 1622 164 1663 hic
196 1635 425 1675 oppressus
457 1625 534 1676 est,
569 1623 805 1663 addendum
839 1622 1088 1663 acerbitatis
1110 1624 1256 1686 putet.
1320 1621 1434 1664 Satis

41 1691 76 1716 20
94 1683 161 1722 est
197 1679 392 1721 homines
429 1680 717 1733 imprudentia
754 1682 897 1734 lapsos
934 1694 1022 1721 non
1059 1680 1239 1734 erigere,
1281 1694 1434 1735 urgere

93 1753 194 1780 vero
238 1738 416 1779 iacentis
445 1741 535 1779 aut
577 1738 902 1792 praecipitantis
946 1738 1165 1790 impelleie
1209 1741 1325 1779 certe
1368 1741 1435 1779 est

93 1797 393 1850 inhumanum,
429 1797 701 1850 praesertim,
738 1796 919 1849 iudiceS,
957 1810 1053 1836 cum
1085 1796 1143 1836 sit
1173 1795 1255 1836 hoc
1288 1797 1434 1850 generi

92 1855 317 1897 hominum
354 1868 487 1908 prope
518 1857 673 1895 natura
704 1854 870 1906 datum,
906 1856 972 1906 ut,
1009 1855 1047 1894 si
1078 1867 1163 1907 qua
1192 1853 1238 1894 in
1268 1853 1434 1895 familia

93 1915 187 1955 laus
225 1913 368 1967 aliqua
406 1912 518 1953 forte
555 1912 766 1965 floruerit,
802 1912 912 1953 hanc
949 1911 1054 1965 fere,
1093 1911 1166 1965 qui
1205 1914 1306 1952 sunt
1342 1912 1433 1954 eius

42 1984 75 2009 25
96 1972 261 2026 stirpis,
311 1971 424 2025 quod
467 1985 606 2012 sermo
649 1971 874 2012 hominum
917 1984 966 2011 ac
1008 1969 1216 2011 memoria
1258 1972 1433 2023 patrum

92 2031 298 2072 virtutem
330 2029 528 2083 celebret,
560 2029 833 2083 cupidissime
858 2031 1188 2082 persequantur,
1220 2028 1432 2081 siquidem

90 2104 179 2130 non
215 2088 341 2130 modo
379 2088 424 2129 in
462 2087 601 2142 gloria
637 2087 699 2128 rei
730 2087 932 2128 militaris
964 2086 1146 2127 Paulum
1180 2084 1323 2140 Scipio
1357 2090 1432 2128 aut

91 2147 122 2201 †
146 2146 385 2188 Maximum
414 2146 564 2200 filium,
596 2146 669 2187 sed
700 2146 830 2186 etiam
856 2145 900 2186 in
926 2145 1151 2186 devotione
1178 2144 1291 2185 vitae
1318 2147 1361 2185 et
1386 2145 1432 2186 in

91 2205 186 2259 ipso
213 2219 367 2260 genere
393 2204 546 2246 mortis
571 2204 767 2245 imitatus
794 2206 859 2245 est
885 2203 929 2244 P.
949 2202 1131 2244 Decium
1155 2202 1282 2243 filius.
1333 2201 1430 2244 Sint

39 2275 73 2300 3ο
91 2263 227 2319 igitur
254 2264 423 2317 similia,
447 2263 620 2316 iudices,
645 2277 775 2316 parva
801 2261 980 2317 magnis.
1018 2260 1121 2303 Fuit
1148 2261 1261 2302 enim
1285 2262 1429 2315 pueris

90 2322 216 2363 nobis
234 2322 361 2363 huius
380 2324 515 2376 pater,
535 2320 579 2363 C
600 2320 786 2375 Curtius,
804 2321 1002 2375 princeps
1024 2318 1184 2361 ordinis
1205 2321 1429 2376 equestris,

1145 2387 1215 2423 17*

1443 2240 1471 2280 2

1441 2300 1461 2330 3
