1671 2543
145 505 186 537 15

148 968 187 999 16

202 88 290 131 336
578 86 671 121 PRO
699 86 739 128 Q.
765 84 960 121 LIGARIO
981 84 1173 120 ORATIO.

200 195 260 240 Ὃ.
288 195 459 250 Caesar,
492 209 592 236 cave
625 194 840 249 ignoscas,
872 207 972 234 cave
1004 195 1047 234 te
1079 192 1265 233 fratrum
1296 205 1375 246 pro
1404 191 1554 233 fratris

200 255 339 297 salute
367 252 690 295 obsecrantium
716 251 966 306 misereatl’,
997 265 1138 292 nonne
1165 265 1336 292 omnem
1361 250 1555 292 humani-

200 316 336 355 tatem
375 311 594 354 exuisses?
647 311 819 360 Quanto
857 310 940 352 hoc
975 309 1140 360 durius,
1180 309 1294 363 quod
1325 323 1404 350 nos
1437 308 1555 350 domi

200 372 404 426 petimus,
442 371 486 411 id
523 372 566 411 te
603 369 650 410 in
686 368 781 411 foro
821 382 1070 424 oppugnare
1108 370 1152 409 et
1190 368 1235 408 in
1271 367 1350 409 tali
1382 367 1556 409 miseria

201 431 438 472 multorum
488 428 734 484 perfugium
786 426 1105 468 misericordiae
1155 426 1326 467 tollere!
1402 425 1554 467 Dicam
1592 439 1608 466 5

202 490 345 544 plane,
391 487 566 541 Caesar,
618 487 732 540 quod
782 485 932 527 sentio.
1002 484 1049 526 Si
1095 484 1141 525 in
1182 485 1264 526 hac
1314 487 1439 526 tanta
1480 487 1556 525 tua

201 548 377 589 fortuna
408 546 565 587 lenitas
598 548 723 586 tanta
753 558 841 586 non
871 546 1003 598 esset,
1041 557 1169 597 quam
1200 546 1250 584 tu
1281 557 1356 597 per
1388 545 1448 593 te,
1478 557 1556 597 per

202 609 257 656 te,
283 606 472 659 inquam,
499 604 670 658 optines
691 602 930 659 (intellegO,
951 602 1053 656 quid
1072 599 1257 656 loquar),
1278 601 1555 643 acerbissimo

201 665 320 706 luctu
347 663 605 704 redundaret
624 662 711 704 ista
729 662 920 704 victoria.
972 660 1112 710 Quam
1132 660 1259 701 multi
1279 660 1393 701 enim
1413 662 1557 701 essent

201 724 252 765 de
281 722 532 771 victoribus,
565 720 638 775 qui
664 724 707 762 te
735 720 949 762 crudelem
975 733 1067 761 esse
1093 719 1264 769 vellent,
1297 733 1394 760 cum
1420 718 1551 760 etiam
1572 733 1606 758 ιο

202 782 252 823 de
278 781 406 822 victis
432 780 720 834 reperiantur!
749 793 877 833 quam
903 778 1042 831 multi,
1069 777 1142 832 qui
1163 792 1261 819 cum
1281 792 1306 818 a
1325 779 1368 818 te
1389 776 1557 832 ignosci

200 839 363 881 nemini
382 839 554 888 vellent,
580 838 839 892 impedirent
859 836 1131 878 clementiam
1151 839 1284 889 tuam,
1308 849 1405 877 cum
1425 835 1557 876 etiam

200 898 259 951 hi,
286 898 442 952 quibus
470 897 576 951 ipsis
603 896 823 952 ignovisti,
848 895 990 937 nolint
1015 898 1058 936 te
1086 908 1178 936 esse
1200 895 1246 935 in
1266 894 1374 935 alios
1394 893 1557 935 miseri-

206 957 395 999 cordem!
457 955 620 1004 Quodsi
651 955 835 1009 probare
868 953 1043 996 Caesari
1074 967 1298 1008 possemus
1331 952 1377 994 in
1408 951 1558 993 Africa

202 1015 428 1071 Ligarium
455 1014 629 1056 omnino
655 1028 743 1055 non
767 1013 912 1063 fuisse,
946 1013 982 1054 si
1008 1013 1192 1054 honesto
1220 1014 1263 1053 et
1289 1010 1556 1053 misericordi
1578 1024 1610 1050 15

203 1073 424 1115 mendacio
458 1072 589 1114 saluti
622 1072 705 1114 civi
737 1071 991 1114 calamitoso
1024 1085 1117 1112 esse
1150 1070 1375 1120 vellemus,
1413 1071 1558 1110 tamen

202 1132 390 1174 hominis
416 1146 504 1173 non
530 1133 644 1172 esset
669 1131 714 1172 in
740 1133 864 1172 tanto
891 1130 1138 1171 discrimine
1165 1131 1208 1170 et
1233 1128 1425 1183 periculo
1452 1127 1558 1170 civis

203 1191 397 1232 refellere
424 1193 467 1231 et
494 1189 750 1244 redarguere
776 1191 975 1230 nostrum
999 1187 1279 1241 mendacium,
1306 1189 1360 1240 et,
1387 1186 1424 1228 si
1444 1188 1559 1227 esset

205 1249 405 1302 alicuius,
437 1249 528 1289 eius
561 1251 676 1289 certe
708 1262 795 1289 non
827 1249 960 1300 esset,
993 1246 1065 1300 qui
1097 1246 1143 1287 in
1175 1246 1321 1286 eadem
1354 1258 1483 1286 causa
1514 1246 1559 1285 et

203 1307 381 1348 fortuna
412 1305 578 1347 fuisset.
637 1305 720 1346 Sed
752 1308 897 1346 tamen
927 1305 1042 1345 aliud
1069 1307 1135 1345 est
1160 1318 1301 1345 errare
1329 1302 1556 1345 Caesarem
1577 1317 1612 1343 20

202 1365 331 1417 nolle,
364 1364 480 1405 aliud
513 1366 579 1405 est
609 1364 723 1405 nolle
756 1363 961 1404 misereri.
1014 1362 1124 1403 Tum
1156 1362 1335 1403 diceres:
1371 1360 1557 1411 ‘Cassan

206 1437 306 1464 cave
328 1423 491 1474 eredas3
518 1421 602 1462 fuit
623 1422 667 1462 in
688 1421 847 1471 Africa,
874 1421 977 1462 tulit
1005 1435 1124 1462 arma
1144 1423 1295 1462 contra
1314 1419 1392 1461 te?
1431 1419 1558 1461 Nunc

207 1481 308 1535 quid
348 1480 484 1521 dicis?
541 1479 669 1522 ‘Cave
706 1479 940 1535 ignoscas?
1003 1478 1122 1520 Haec
1152 1493 1231 1520 nec
1261 1478 1449 1519 hominis
1480 1492 1559 1520 nec

206 1539 257 1580 ad
297 1538 516 1580 hominem
553 1553 636 1580 vox
674 1541 751 1580 est.
815 1538 908 1587 Qua
947 1538 1020 1591 qui
1058 1537 1170 1591 apud
1208 1540 1269 1591 te,
1308 1535 1353 1579 C.
1389 1535 1559 1590 Caesar,

206 1598 362 1651 utitur,
402 1612 524 1638 suam
557 1597 685 1638 citius
719 1597 878 1638 abiciet
909 1596 1225 1637 humanitatem
1259 1609 1387 1649 quam
1419 1598 1558 1636 extor-
1578 1608 1612 1636 25

166 1682 191 1723 6
208 1657 358 1710 quebit
391 1659 522 1696 tuam.

150 1742 189 1773 17

296 1714 361 1756 Ac
391 1714 557 1768 primus
591 1713 733 1755 aditus
761 1716 805 1754 et
830 1713 1068 1767 postulatio
1095 1712 1336 1754 Tuberonis
1368 1711 1484 1764 haec,
1509 1715 1560 1752 ut

208 1773 373 1828 opinor,
405 1772 501 1827 fuit,
530 1772 638 1814 velle
666 1786 710 1813 se
737 1772 787 1812 de
816 1771 863 1820 Q.
890 1771 1038 1826 Ligari
1066 1771 1224 1813 scelere
1251 1770 1402 1812 dicere.
1458 1768 1561 1811 Non

208 1832 377 1885 dubito,
423 1831 526 1885 quin
570 1830 806 1872 admiratus
848 1830 925 1883 sis,
968 1830 1035 1871 vel
1074 1829 1189 1883 qu'od
1226 1829 1276 1870 de
1314 1827 1434 1870 nullo
1473 1828 1558 1870 alio

211 1891 475 1944 [quisquam]
486 1923 496 1943 ,
533 1889 600 1930 vel
634 1889 747 1943 quod
780 1888 834 1942 is,
870 1888 944 1942 qui
976 1888 1021 1929 in
1053 1888 1201 1929 eadem
1233 1901 1362 1928 causa
1392 1886 1558 1939 fuisset,
1579 1901 1612 1928 so

208 1949 274 1990 vel
308 1948 512 2003 quidnam
543 1947 644 1989 novi
676 1947 885 1999 [sceleris]
915 1946 1111 1988 adferret.
1168 1944 1349 1987 ‘Scelus'
1377 1947 1425 1986 tu
1451 1944 1558 1986 illud

208 2021 355 2060 vocas,
398 2006 599 2047 Tubero?
644 2005 748 2047 cur?
798 2005 884 2046 isto
930 2005 1044 2046 enim
1087 2004 1259 2046 nomine
1302 2004 1378 2044 illa
1421 2003 1559 2044 adhuc

210 2079 339 2106 causa
384 2064 534 2106 caruit.
596 2064 688 2105 Alii
727 2078 916 2105 errorem
953 2063 1191 2118 appellant,
1234 2062 1309 2104 alii
1346 2061 1578 2115 timorem,

211 2124 284 2177 qui
323 2123 488 2176 durius,
533 2137 671 2177 spem,
716 2122 1014 2176 cupiditatem,
1059 2121 1221 2175 odium,
1264 2119 1559 2174 pertinaciam,

211 2181 284 2234 qui
317 2181 591 2236 gravissime,
629 2181 938 2234 temeritatem3
971 2180 1110 2221 scelus
1141 2181 1312 2234 praeter
1344 2180 1386 2218 te
1419 2177 1556 2219 adhuc
1574 2191 1610 2219 55

209 2253 348 2280 nemo.
407 2239 471 2280 Ac
503 2239 609 2281 mihi
637 2239 819 2293 quidem,
846 2239 882 2279 si
909 2238 1132 2292 proprium
1158 2240 1202 2278 et
1227 2249 1374 2277 verum
1401 2250 1559 2277 nomen

210 2298 350 2338 nostri
388 2297 492 2337 mali
531 2297 769 2349 quaeritur,
806 2296 952 2338 fatalis
992 2295 1199 2349 quaeda-m
1237 2294 1460 2335 calamitas
1497 2294 1559 2335 in·
