1671 2543
210 95 295 136 516
388 94 439 129 IN
465 93 513 129 M.
541 93 802 129 ANTONIUM
827 92 1005 128 ORATIO
1032 93 1303 129 PHILIPPICA
1328 93 1389 129 XI.

209 206 254 245 et
284 205 455 258 parato,
486 205 632 257 patres
665 202 917 256 conscripti,
957 216 1064 257 opus
1097 204 1163 243 est
1195 204 1239 243 et
1269 216 1337 256 eo,
1375 202 1450 256 qui
1480 202 1551 244 im—

209 263 377 317 perium
408 262 653 317 legitimum
684 261 854 315 habeat,
887 260 958 315 qui
990 263 1214 315 praeterea
1240 261 1556 315 auctoritatem,

208 335 383 375 nomen,
419 321 671 374 exercitum,
702 322 976 375 perspectum
1008 320 1199 361 animum
1229 319 1276 363 in
1305 333 1350 360 re
1383 319 1557 374 publica

209 380 441 422 liberanda.

142 440 191 480 11
300 439 404 488 Quis
438 438 573 494 igitur
597 438 635 479 is
663 438 758 479 est‘?
814 438 905 479 Aut
930 437 986 478 M.
1013 436 1175 478 Brutus
1208 440 1283 478 aut
1309 435 1354 480 C.
1380 435 1556 480 Cassius
1592 453 1609 480 s

209 500 284 539 aut
329 501 519 552 uterque.
593 496 878 539 Decernerem
922 497 1046 551 plane
1104 496 1216 537 sicut
1259 496 1396 538 multa
1445 495 1557 538 ‘con-

209 557 342 610 sules,
393 557 503 598 alter
551 555 773 610 ambove',
815 556 860 596 ni
904 555 1089 596 Brutum
1139 555 1464 610 colligassemus
1511 555 1556 596 in

210 614 392 657 Graecia
423 618 467 657 et
499 615 590 657 eius
623 614 832 656 auxilium
864 614 915 655 ad
941 613 1115 655 Italiam
1145 627 1321 669 vergere
1348 628 1478 668 quam
1503 614 1556 656 ad

208 674 360 715 Asiam
386 670 701 728 maluissemus,
725 689 812 715 non
837 676 886 714 ut
905 673 935 728 †
955 687 1005 714 ex
1031 687 1081 714 ea
1106 673 1195 714 acie
1222 675 1466 727 respectum
1484 672 1557 714 ha-

208 734 426 787 beremus,
464 733 538 775 sed
576 735 626 774 ut
661 733 757 787 ipsa
795 732 907 774 acies
940 732 1180 773 subsidium
1211 731 1393 773 haberet
1425 732 1556 773 etiam
1578 749 1612 774 ιο

209 792 559 833 transmarinum.
622 791 868 845 Praeterea,
900 794 1045 845 patres
1079 790 1332 845 conscripti,
1363 789 1420 831 M.
1452 790 1557 832 Bru-

210 854 305 892 tum
337 851 496 893 retinet
528 851 660 892 etiam
691 865 804 892 nunc
837 849 882 892 C.
914 849 1144 904 Antonius,
1177 849 1250 904 qui
1282 851 1402 891 tenet
1427 848 1558 904 Apol-

209 910 389 965 loniam,
441 924 644 965 magnam
684 910 836 951 urbem
881 912 925 950 et
968 922 1161 963 gravem,
1207 911 1345 962 tenet,
1393 909 1558 963 opinor,

209 968 438 1023 Byllidem,
465 972 585 1010 tenet
605 968 870 1022 Amantiam,
895 968 1031 1009 instat
1050 967 1198 1022 Epiro,
1223 969 1350 1023 urget
1370 966 1558 1022 Oricum,

209 1028 343 1070 habet
387 1028 555 1082 aliquot
599 1028 818 1081 cohortes,
862 1027 996 1068 habet
1039 1026 1292 1081 equitatum.
1361 1025 1477 1068 Hinc
1521 1026 1612 1068 si15

209 1086 374 1128 Brutus
401 1087 484 1128 erit
510 1087 734 1128 traductus
761 1086 815 1127 ad
841 1086 958 1127 aliud
982 1086 1158 1139 bellum,
1190 1084 1417 1127 Graeciam
1443 1087 1558 1126 certe

209 1146 493 1188 amiserimus.
569 1146 652 1187 Est
697 1148 841 1187 autem
885 1144 1017 1186 etiam
1059 1144 1110 1185 de
1153 1143 1384 1185 Brundisio
1429 1146 1558 1198 atque

210 1205 287 1246 illa
319 1219 395 1246 ora
426 1204 579 1246 Italiae
611 1204 934 1259 providendum.
998 1203 1270 1257 Quamquam
1302 1203 1436 1244 miror
1467 1205 1558 1244 tam

210 1263 284 1305 diu
315 1264 476 1305 morari
503 1263 760 1317 Antonium,
793 1263 904 1304 solet
935 1263 1050 1303 enim
1080 1262 1172 1316 ipse
1205 1261 1396 1316 accipere
1426 1261 1558 1302 mani-

211 1336 283 1364 cas
314 1336 393 1363 nec
425 1322 586 1363 diutius
620 1322 857 1363 obsidionis
891 1323 1054 1362 metum
1085 1320 1310 1361 sustinere.
1367 1319 1490 1369 Quod
1520 1319 1557 1360 si
1578 1336 1614 1361 20

213 1380 447 1423 confecerit
478 1380 641 1422 Brutus
679 1383 723 1421 et
759 1379 1022 1421 intellexerit
1059 1378 1157 1433 plus
1190 1393 1234 1420 se
1266 1393 1328 1420 rei
1359 1378 1558 1432 publicae

209 1439 505 1494 profuturum,
548 1439 585 1480 si
622 1438 896 1480 Dolabellam
932 1440 1234 1492 persequatur,
1275 1451 1404 1491 quam
1441 1437 1478 1478 si
1514 1437 1559 1478 in

213 1497 394 1540 Graecia
425 1501 609 1552 maneat,
641 1500 742 1552 aget
773 1497 865 1551 ipse
897 1511 973 1551 per
1005 1510 1110 1550 sese,
1141 1498 1190 1537 ut
1223 1496 1361 1537 adhuc
1389 1510 1558 1550 quoque

211 1557 328 1611 fecit,
358 1571 497 1611 neque
529 1557 574 1598 in
605 1559 674 1598 tot
699 1555 919 1609 incendiis,
952 1555 1107 1609 quibus
1135 1554 1364 1596 confestim
1391 1569 1559 1596 succur-

153 1629 196 1659 27
214 1617 392 1658 rendum
430 1618 514 1669 est,
552 1615 798 1670 expectabit
830 1617 1038 1656 senatum.
1100 1612 1215 1655 Nam
1246 1615 1290 1655 et
1320 1612 1482 1655 Brutus
1514 1616 1559 1656 et
1579 1630 1613 1656 25

213 1674 389 1717 Cassius
434 1674 584 1716 multis
627 1674 714 1715 iam
752 1673 797 1715 in
834 1674 961 1714 rebus
1000 1673 1090 1727 ipse
1129 1672 1212 1714 sibi
1252 1675 1426 1714 senatus
1463 1671 1559 1714 fuit.

212 1733 399 1776 Necesse
427 1736 494 1775 est
520 1733 633 1775 enim
659 1733 704 1774 in
729 1735 852 1774 tanta
876 1732 1154 1774 conversione
1179 1734 1216 1773 et
1233 1731 1559 1786 perturbatione

214 1793 407 1835 omnium
438 1807 582 1834 rerum
613 1791 881 1846 temporibus
912 1790 1058 1845 potius
1089 1804 1239 1844 parere
1272 1804 1400 1844 quam
1433 1790 1559 1832 mori-

211 1852 305 1893 bus.
362 1850 453 1893 Nec
485 1851 599 1892 enim
630 1865 743 1892 nunc
774 1850 962 1905 primum
991 1852 1066 1890 aut
1090 1848 1253 1890 Brutus
1280 1851 1355 1890 aut
1380 1847 1556 1890 Cassius

214 1911 399 1952 salutem
429 1910 762 1963 libertatemque
794 1908 960 1963 patriae
993 1908 1133 1963 legem
1166 1907 1487 1949 sanctissimam
1511 1910 1556 1949 et
1576 1925 1610 1950 so

214 1984 378 2011 morem
421 1969 634 2023 optimum
678 1967 894 2009 iudicavit.
957 1966 1126 2020 Itaque,
1171 1966 1207 2007 si
1242 1966 1295 2007 ad
1331 1980 1410 2008 nos
1447 1966 1556 2007 nihil

214 2028 447 2070 referretur
487 2027 537 2069 de
569 2027 798 2068 Dolabella
833 2025 1143 2080 persequendo,
1182 2027 1328 2066 tamen
1366 2038 1445 2080 ego
1477 2039 1556 2079 pro

215 2088 386 2128 decreto
418 2089 629 2141 putarem,
661 2100 758 2127 cum
785 2087 929 2126 essent
953 2084 1062 2125 tales
1088 2084 1260 2136 virtute,
1285 2083 1556 2137 auctoritate,

213 2146 445 2187 nobilitate
483 2145 513 2200 †
551 2145 707 2186 summi
746 2143 845 2197 viri,
883 2157 1066 2198 quorum
1104 2142 1281 2184 alterius
1311 2142 1399 2183 iam
1430 2141 1555 2182 nobis

149 2203 201 2244 12
215 2208 344 2246 notus
383 2206 496 2245 esset
533 2204 764 2257 exercitus,
802 2202 979 2243 alterius
1017 2201 1200 2243 auditus.
1267 2199 1383 2242 Num
1419 2199 1609 2254 igitur-³5

216 2262 378 2304 Brutus
411 2262 676 2317 exspectavit
701 2262 872 2303 decreta
896 2263 1056 2314 nostra,
1088 2274 1185 2302 cum
1211 2258 1353 2301 studia
1377 2258 1554 2300 nosset?

217 2319 367 2372 Neque
395 2322 509 2362 enim
535 2324 602 2362 est
626 2321 672 2362 in
695 2319 962 2375 provinciam
987 2333 1109 2361 suam
1127 2317 1301 2361 Cretam
1324 2315 1557 2371 profectus,
