1671 2543
541 90 641 126 CAP.
670 95 759 126 7—-9
787 94 806 133 ξ
834 94 982 128 18—24.
1349 92 1436 133 445

94 201 277 250 hostem,
309 199 383 254 qui
413 214 491 254 pro
524 199 625 241 aede
651 198 845 242 Castoris
875 199 1024 241 sedens
1051 199 1249 241 audiente
1274 200 1434 254 populo

94 258 290 300 Romano
340 258 495 300 dixerit
541 258 627 300 nisi
675 258 885 300 victorem
933 258 1149 300 victurum
1191 258 1435 299 neminem?

94 316 212 359 Num
242 317 424 372 putatis,
458 319 600 372 patres
633 317 878 372 conscripti,
909 317 1065 359 dixisse
1097 331 1195 358 eum
1225 317 1435 358 minacius

96 391 225 430 quam
254 375 470 418 facturum
501 376 663 418 fuisse?
720 375 832 425 Quid
862 376 994 418 vero?
1027 376 1140 430 quod
1164 376 1210 417 in
1235 376 1435 418 contione

59 451 75 476 5
95 435 234 476 dicere
261 449 388 476 ausus
415 438 481 476 est
511 450 567 486 se,
594 449 690 476 cum
715 435 976 490 magistratu
1002 435 1177 489 abisset,
1208 434 1261 476 ad
1285 435 1436 476 urbem

93 493 288 535 futurum
326 509 422 535 cum
460 494 666 544 exercitu,
709 494 1007 547 introiturum,
1053 494 1436 548 quotienscumque

94 552 236 607 vellet,
269 553 371 607 quid
403 556 495 594 erat
527 552 642 594 aliud
665 552 751 594 nisi
776 553 1026 594 denuntiare
1052 553 1212 607 populo
1239 552 1435 594 Romano

95 611 376 653 servitutem?
438 611 561 661 Quod
592 613 737 653 autem
769 612 859 653 eius
890 611 974 652 iter
1004 610 1296 665 Brundisium,
1328 625 1435 665 quae
1449 620 1494 649 22

94 670 328 725 festinatio,
361 685 468 725 quae
501 684 611 725 spes,
640 670 725 712 nisi
757 671 810 711 ad
840 671 992 711 urbem
1022 670 1089 711 vel
1118 670 1164 711 in
1188 671 1340 711 urbem
1364 684 1436 724 po-

0 767 5 775 ,
43 744 77 769 10
95 729 182 771 tius
237 729 473 771 exercitum
527 729 761 770 maximum
816 729 1074 771 adduceret?
1154 728 1237 777 Qui
1293 731 1438 770 autem

95 787 277 829 dilectus
304 788 614 854 centurionum,
640 803 748 842 quae
774 788 996 830 effrenatio
1022 787 1261 842 inpotentis
1285 787 1434 828 animi!

95 846 205 889 Cum
237 847 326 889 eius
357 847 581 902 promissis
612 847 804 902 legiones
830 846 1091 888 fortissimae
1118 847 1436 899 reclamassent,

95 906 270 947 domum
313 906 366 947 ad
411 920 455 948 se
499 906 642 948 venire
655 882 813 947 Diussit
851 905 1139 972 centuriones,
1184 920 1290 959 quos
1329 906 1435 946 bene

97 965 256 1006 sentire
295 965 345 1006 de
382 979 428 1006 re
464 965 638 1019 publica
670 951 950 1020 cognoveiat,
989 979 1145 1030 eosque
1178 967 1277 1005 ante
1308 964 1436 1018 pedes

44 1037 76 1064 15
97 1038 197 1065 suos
240 1023 470 1077 uxorisque
509 1038 628 1077 suae,
672 1038 801 1078 quam
838 1038 983 1065 36611111
1020 1023 1164 1078 gravis
1201 1023 1437 1088 imperator

97 1082 150 1123 ad
195 1082 428 1123 exercitum
472 1082 670 1136 duxerat,
713 1082 900 1137 iugulari
938 1082 1092 1137 coegit.
1161 1081 1254 1131 Quo
1294 1082 1435 1123 animo

94 1141 209 1182 1111116
233 1140 428 1182 futurum
451 1140 585 1182 fuisse
612 1141 795 1182 censetis
820 1141 866 1182 in
892 1155 984 1194 nos,
1016 1155 1122 1195 quos
1150 1140 1309 1194 oderat,
1341 1155 1437 1182 cum

96 1199 142 1240 in
179 1214 269 1254 eos,
308 1214 415 1254 quos
445 1214 680 1254 numquam
711 1200 894 1250 viderat,
934 1202 1025 1240 tam
1057 1199 1240 1240 crudelis
1271 1199 1436 1252 fuisset,

96 1261 140 1299 et
166 1272 295 1312 quam
320 1258 491 1299 avidum
513 1259 559 1299 in
577 1258 769 1312 pecuniis
789 1258 1081 1312 locupletium,
1108 1257 1181 1312 qui
1200 1272 1437 1312 pauperum

44 1337 79 1363 20
98 1318 351 1372 sanguinem
372 1317 671 1371 concupisset?
698 1332 880 1371 quorum
898 1318 1091 1371 ipsorum
1109 1317 1235 1371 bona,
1261 1319 1437 1371 quauta-

98 1391 277 1430 cumque
303 1378 438 1430 erant,
469 1376 618 1417 statim
649 1376 737 1417 suis
771 1376 1001 1418 comitibus
1028 1376 1436 1430 compotoribusque

97 1435 326 1489 discripsit.
381 1434 525 1489 Atque
557 1435 630 1476 ille
656 1435 800 1476 furens
826 1434 984 1476 infesta
1009 1435 1096 1476 iam
1120 1435 1285 1488 patriae
1312 1435 1436 1489 signa
1450 1449 1494 1479 23

98 1508 123 1534 a
146 1492 378 1534 Brundisio
410 1493 635 1547 inferebat,
667 1509 764 1536 cum
796 1493 840 1536 C.
868 1493 1025 1536 Caesar
1056 1494 1234 1534 deorum
1263 1493 1436 1534 immor-

98 1551 251 1593 talium
281 1552 501 1606 beneficio,
532 1552 675 1593 divina
700 1553 843 1606 animi,
873 1552 1048 1607 ingenii,
1081 1551 1249 1593 consilii
1274 1552 1436 1607 magni-

46 1630 80 1656 25
99 1610 265 1664 tudine,
320 1624 580 1664 quamquam
634 1625 711 1652 sua
766 1613 919 1665 sponte
974 1610 1214 1664 eximiaque
1263 1611 1436 1664 virtute,

97 1672 244 1710 tamen
275 1669 584 1723 adprobatione
613 1669 886 1711 auctoritatis
911 1684 1029 1710 meae
1057 1669 1245 1710 colonias
1270 1669 1434 1722 patrias

98 1728 218 1782 adiit,
248 1730 473 1769 veteranos
499 1727 660 1768 milites
687 1727 949 1781 convocavit,
973 1727 1120 1781 paucis
1148 1727 1295 1768 diebus
1323 1742 1436 1768 exer-

99 1786 233 1828 citum
281 1786 402 1841 fecit,
450 1786 653 1827 incitatos
702 1786 919 1826 latronum
960 1785 1146 1840 impetus
1189 1785 1435 1826 retardavit.

98 1845 258 1886 Postea
292 1859 393 1886 vero
433 1859 561 1899 quam
597 1844 710 1899 legio
743 1844 902 1884 Martia
939 1844 1088 1886 ducem
1118 1844 1436 1898 praestantissi-

47 1921 81 1947 30
100 1918 218 1944 mum
253 1904 379 1957 vidit,
414 1903 524 1944 1111111
562 1903 651 1958 egit
686 1903 818 1953 aliud,
855 1902 940 1943 nisi
969 1905 1018 1944 ut
1049 1903 1277 1957 aliquando
1309 1902 1435 1943 liberi

101 1976 308 2016 essemu83
352 1976 481 2015 quam
524 1965 590 2002 est
633 1961 804 2002 imitata
845 1963 1000 2015 quarta
1035 1961 1162 2016 legio.
1231 1960 1324 2010 Quo
1361 1961 1474 2009 ille9

99 2021 252 2062 nuntio
297 2020 442 2061 audito
484 2035 581 2061 cum
619 2023 815 2061 senatum
851 2022 1047 2061 vocasset
1084 2019 1434 2074 adhibuissetque
1469 2070 1475 2075 ,

101 2079 385 2132 consularem,
430 2078 503 2132 qui
546 2092 623 2120 sua
666 2078 878 2120 sententia
915 2077 959 2120 C.
999 2077 1224 2120 Caesarem
1263 2078 1435 2120 hostem

100 2137 326 2187 iudicaret,
364 2139 538 2191 repente
570 2136 766 2178 concidit.
826 2137 934 2179 Post
965 2139 1110 2178 autem
1139 2151 1276 2190 neque
1309 2137 1433 2178 sacri·
1448 2146 1491 2176 24

48 2212 81 2238 35
100 2196 210 2237 ficiis
253 2196 533 2237 sollemnibus
568 2195 697 2237 factis
732 2210 870 2250 neque
906 2195 1019 2236 votis
1054 2195 1312 2249 nuncupatis
1347 2210 1435 2237 non

100 2254 320 2309 profectus
357 2257 441 2307 est,
479 2254 552 2295 sed
588 2254 781 2310 profugit
814 2253 1055 2308 paludatus.
1115 2253 1176 2295 At
1208 2254 1322 2308 quo?
1382 2254 1435 2296 In

100 2313 366 2367 provinciam
413 2313 758 2354 firmissimorum
801 2315 845 2354 et
887 2312 1223 2354 fortissimorum
1266 2313 1434 2366 civium,
