1671 2543
227 105 312 146 506
406 105 455 140 IN
482 106 530 140 M.
557 105 813 141 ANTONIUM
839 105 1016 141 ORATIO
1043 105 1312 141 PHILIPPICA
1338 106 1398 141 XI.

227 213 414 268 patriam
452 214 659 255 scelerata
698 228 816 254 arma
853 218 1073 268 ceperunt,
1110 214 1270 255 inesset
1307 214 1564 256 immanitas.

227 271 343 314 Nam
380 272 462 314 duo
501 273 604 314 haec
643 271 783 326 capita
817 275 920 313 nata
951 275 1052 314 sunt
1083 275 1183 326 post
1213 272 1408 315 homines
1438 275 1564 315 natos

227 331 477 373 taeterrima
533 333 576 372 et
625 331 918 385 spurcissima,
972 330 1198 372 Dolabella
1247 334 1290 373 et
1338 331 1567 387 Antonius,

229 404 411 444 quorum
443 390 552 431 alter
584 389 741 444 effecit,
774 390 886 444 quod
919 392 1100 444 optarat,
1133 389 1182 431 de
1215 390 1349 432 altero
1381 389 1566 445 patefac-

228 451 322 490 tum
355 452 431 501 est,
465 448 566 502 quid
598 449 820 504 cogitaret.
871 447 916 489 L.
943 448 1079 491 Cinna
1105 448 1299 503 crudelis,
1331 447 1376 492 C.
1403 448 1566 491 Marius
1602 459 1618 485 ⁵

228 507 273 548 in
310 507 531 548 iracundia
567 521 861 562 perseverans,
905 506 950 548 L.
991 506 1108 549 Sulla
1149 507 1393 562 vehemens;
1430 521 1566 562 neque

228 566 357 607 ullius
398 565 554 608 horum
591 566 636 607 in
672 566 914 608 ulciscendo
953 566 1163 608 acerbitas
1195 580 1423 632 progressa
1453 567 1568 608 ultra

230 627 413 666 mortem
445 627 544 679 est,
556 639 662 679 quae
695 628 839 667 tamen
867 639 1004 679 poena
1029 625 1073 666 in
1099 625 1203 667 civis
1228 625 1356 666 nimis
1384 625 1566 668 crudelis

194 684 474 736 2iutabatur.
533 683 645 725 Ecce
677 684 758 725 tibi
791 684 1006 739 geminum
1039 684 1082 725 in
1114 684 1272 725 scelere
1304 698 1392 738 par,
1423 684 1566 726 invisi·

230 746 387 797 tatum,
418 742 672 797 inauditum,
703 742 854 797 ferum,
884 743 1127 784 barbarum.
1189 742 1353 796 Itaque,
1386 757 1567 797 quorum
1588 754 1620 778 ¹0

230 816 444 843 summum
483 801 697 856 quondam
734 801 846 843 inter
882 801 999 856 ipsos
1033 801 1176 843 odium
1209 801 1453 856 bellumque
1484 815 1568 843 me-

229 860 436 914 ministis,
480 859 651 902 eosdem
691 863 843 914 postea
881 860 1089 915 singulari
1125 860 1238 901 inter
1276 874 1320 902 se
1359 874 1568 902 consensu

229 922 272 961 et
313 933 456 960 amore
495 918 684 960 devinxit
715 919 1058 974 improbissimae
1089 922 1267 960 naturae
1299 921 1343 960 et
1374 919 1568 973 turpissi-

228 992 323 1020 mae
355 978 468 1019 vitae
501 977 750 1019 similitudo.
810 977 928 1033 Ergo
961 978 1021 1031 id,
1054 978 1165 1033 quod
1198 977 1299 1019 fecit
1330 976 1568 1030 Dolabella,

227 1037 274 1078 in
314 1051 397 1091 quo
435 1036 597 1091 potuit,
635 1036 782 1078 multis
823 1037 935 1078 idem
975 1037 1163 1078 minatur
1196 1036 1422 1078 Antonius.
1486 1034 1568 1078 Sed
1589 1046 1622 1072 15

229 1096 300 1136 ille
351 1110 447 1137 eum
496 1095 646 1149 procul
696 1098 809 1137 esset
861 1110 886 1136 a
936 1096 1182 1137 consulibus
1226 1095 1568 1150 exercitibusque

227 1154 389 1196 nostris
426 1154 666 1209 nequedum
698 1157 894 1196 senatum
927 1169 1022 1196 cum
1053 1155 1212 1208 populo
1245 1153 1440 1195 Romano
1473 1167 1569 1196 con-

229 1214 414 1267 spirasse
447 1213 665 1266 sensisset,
695 1212 832 1254 fretus
860 1213 1021 1254 Antoni
1054 1213 1188 1267 copiis
1221 1227 1270 1254 ea
1295 1212 1456 1254 scelera
1481 1225 1569 1254 sus-

229 1273 353 1325 cepit,
387 1286 492 1326 quae
524 1271 687 1312 Romae
718 1271 804 1312 iam
837 1275 1035 1326 suscepta
1071 1271 1364 1312 arbitrabatur
1395 1285 1421 1312 a
1451 1270 1568 1312 socio

192 1330 387 1371 3furoris
419 1330 496 1370 sui.
542 1328 652 1378 Quid
685 1344 786 1385 ergo
819 1330 931 1372 hunc
964 1330 1079 1371 aliud
1104 1330 1259 1382 moliri,
1292 1328 1393 1384 quid
1419 1331 1568 1383 optare
1589 1339 1623 1366 20

229 1388 413 1430 censetis
440 1392 515 1429 aut
542 1402 670 1441 quam
697 1388 869 1429 omnino
897 1402 1068 1429 causam
1095 1402 1187 1429 esse
1212 1387 1346 1428 belli?
1398 1386 1570 1440 Omnes,

231 1447 304 1501 qui
341 1447 473 1488 libere
512 1446 562 1487 de
600 1461 644 1487 re
682 1447 855 1500 publica
887 1447 1116 1499 sensimus,
1155 1446 1227 1500 qui
1260 1446 1411 1501 dignas
1442 1446 1568 1488 nobis

231 1505 465 1546 sententias
503 1505 705 1558 diximus,
753 1505 825 1559 qui
862 1505 1069 1559 populum
1106 1504 1349 1546 Romanum
1386 1505 1571 1546 liberum

230 1579 321 1606 esse
360 1564 591 1617 voluimus,
630 1563 786 1604 statuit
817 1563 888 1604 ille
922 1564 1094 1617 quidem
1125 1578 1211 1605 11011
1241 1563 1458 1617 inimicos,
1496 1563 1570 1605 sed

228 1623 386 1677 hostis3
418 1623 582 1663 maiora
613 1626 758 1663 tamen
789 1623 834 1663 in
864 1636 941 1663 nos
976 1637 1103 1676 quam
1134 1622 1179 1663 in
1210 1622 1380 1664 hostem
1411 1621 1571 1677 suppli·
1589 1632 1624 1659 2⁵

231 1682 295 1723 cia
339 1681 590 1735 meditatur,
633 1683 816 1722 mortem
859 1685 1036 1722 naturae
1080 1695 1262 1735 poenam
1302 1683 1429 1735 putat
1465 1694 1570 1735 esse,
1624 1698 1631 1706 ·

230 1740 472 1782 iracundiae
511 1743 728 1781 tormenta
766 1743 893 1794 atque
935 1740 1181 1782 cruciatum.
1250 1738 1396 1788 Qualis
1434 1739 1571 1794 igitur

229 1799 370 1840 hostis
401 1799 622 1840 habendus
655 1802 720 1840 est
752 1799 800 1852 is,
832 1813 857 1840 a
889 1813 971 1853 quo
1003 1799 1165 1840 victore
1197 1798 1233 1839 si
1261 1798 1474 1840 cruciatus
1500 1797 1570 1839 ab·

189 1858 305 1911 2sit,
348 1872 464 1899 mors
508 1857 553 1898 in
595 1857 791 1898 beneficii
833 1859 954 1911 parte
991 1857 1272 1898 numeretur?
1340 1855 1478 1906 Quam
1514 1855 1569 1898 ob

232 1931 332 1968 rem,
357 1918 500 1970 patres
528 1916 770 1970 conscripti,
797 1930 1056 1970 quamquam
1081 1915 1303 1957 hortatore
1326 1929 1413 1956 non
1432 1914 1569 1970 egetis
1589 1925 1624 1951 80

232 1974 334 2030 (ipsi
366 1975 479 2016 enim
511 1977 652 2016 vestra
685 1977 837 2028 sponte
871 1974 1091 2016 exarsistis
1124 1974 1176 2015 ad
1207 1973 1422 2015 libertatis
1455 1987 1571 2015 recu—

231 2033 440 2088 perandae
468 2031 779 2087 cupiditatem),
810 2036 956 2074 tamen
982 2047 1030 2074 eo
1057 2033 1216 2074 maiore
1243 2032 1385 2074 animo
1412 2031 1571 2074 studjo-

232 2106 311 2146 que
343 2092 591 2133 libertatem
623 2091 847 2144 defendite,
880 2106 963 2146 quo
996 2091 1160 2135 maiora
1191 2090 1413 2145 proposita
1444 2089 1570 2131 victis

195 2150 443 2205 4supplicia
475 2150 694 2191 servitutis
726 2150 890 2192 videtis.
952 2149 1004 2191 In
1035 2148 1222 2191 Galliam
1253 2149 1413 2190 invasit
1437 2148 1571 2190 Anto·

231 2210 340 2262 nius,
371 2209 417 2250 in
448 2208 599 2251 Asiam
630 2207 869 2262 Dolabella,
901 2209 945 2250 in
977 2208 1160 2250 alienam
1191 2210 1370 2262 uterque
1401 2206 1571 2260 provin-
1589 2215 1622 2243 ³⁵

233 2267 352 2308 ciam.
418 2267 556 2308 Alteri
595 2281 639 2308 se
670 2266 832 2308 Brutus
872 2267 1030 2308 obiecit
1060 2267 1351 2320 impetumque
1386 2263 1570 2307 furentis

233 2329 358 2378 atque
393 2326 536 2366 omnia
568 2324 764 2366 divexare
797 2339 845 2366 ac
878 2325 1059 2379 diripere
1093 2324 1304 2379 cupientis
1330 2323 1442 2364 vitae
1469 2337 1570 2365 suae
