1671 2543
512 94 611 130 CAP.
639 99 754 130 8—11
781 98 801 138 g
830 98 978 130 14-24.
1338 91 1423 133 251

86 203 219 246 fuisse
242 218 424 245 causam.
463 203 621 259 Finget
640 202 784 244 fuisse.
819 202 901 251 Qui
917 201 1191 243 refellemus?
1231 199 1434 242 Potuisse

86 278 175 304 non
206 263 318 317 dare,
350 263 387 304 si
417 262 638 304 noluisset.
695 261 751 302 Vi
783 264 979 315 ereptum
1011 275 1103 302 esse
1135 261 1262 302 dicet.
1315 258 1433 308 Quae

86 324 234 376 potest
266 321 512 375 eloquentia
543 320 800 375 disputando
834 320 975 375 ignoti
999 319 1187 361 hominis
1213 318 1506 388 impuden-10

88 381 196 421 tiam
226 379 476 421 confutare?
526 378 627 421 Non
652 393 779 434 agam
804 379 940 434 igitur
966 393 1063 419 cum
1087 378 1173 419 ista
1200 376 1434 419 Sardorum
1447 408 1493 438 20

0 461 3 492 μ
50 457 68 482 5
89 439 406 493 conspiratione
445 441 488 480 et
527 453 623 480 cum
664 452 883 492 expresso,
927 439 1075 479 coacto
1114 436 1434 489 sollicitatoque

86 497 275 552 periurio
308 497 527 552 suptiliter
558 511 695 551 neque
722 511 802 538 acu
829 496 1036 551 quaedam
1063 495 1285 537 enucleata
1311 507 1434 548 argu-

87 559 233 598 menta
259 556 522 611 conquiram,
549 556 622 597 sed
649 557 799 597 contra
824 555 1035 609 impetum
1060 554 1246 595 istorum
1268 553 1434 607 impetu

87 629 167 671 ego
198 618 350 657 nostro
380 629 633 656 concurram
659 617 788 668 atque
816 613 1057 668 confligam.
1107 611 1209 654 Non
1234 614 1300 654 est
1323 625 1434 652 unus

87 674 194 715 mihi
227 674 408 728 quisque
441 688 492 714 ex
516 673 692 715 illorum
718 673 807 714 acie
833 671 1149 726 protrahendus
1174 685 1311 725 neque
1338 683 1435 711 cum

34 751 68 776 ιο
88 733 271 788 singulis
297 732 602 774 decertandum
628 735 757 786 atque
783 731 1081 786 pugnandum3
1107 732 1202 770 tota
1228 731 1294 770 est
1321 728 1434 769 acies

85 791 162 832 illa
193 806 277 832 uno
310 791 477 845 impetu
508 790 830 845 prosternenda.

175 850 259 891 Est
285 850 399 892 enim
423 865 556 891 unum
582 849 818 890 maximum
843 848 980 890 totius
1003 846 1224 888 Sardiniae
1250 845 1435 886 frumen·
1449 852 1493 883 21

86 909 248 950 tarium
280 909 453 962 crimen,
485 908 535 949 de
566 922 649 962 quo
676 908 869 948 Triarius
903 906 1043 948 omnis
1072 905 1229 946 Sardos
1256 904 1436 945 interro-

88 968 220 1023 gavit,
253 968 367 1021 quod
398 981 532 1022 genus
565 981 650 1007 uno
682 965 924 1007 testimonii
955 965 1126 1006 foedere
1155 966 1199 1004 et
1225 976 1437 1004 consensu

36 1045 68 1070 15
89 1026 283 1068 omnium
309 1028 375 1067 est
402 1025 714 1067 confirmatum.
761 1024 883 1073 Quod
909 1037 989 1078 ego
1016 1023 1179 1064 crimen
1204 1024 1438 1075 antequam

88 1085 278 1140 attingo,
315 1087 416 1139 peto
456 1099 480 1125 a
517 1083 658 1137 vobis,
696 1083 875 1137 iudices,
913 1085 962 1123 ut
995 1096 1063 1122 me
1095 1080 1230 1122 totius
1261 1082 1437 1121 nostrae

88 1143 348 1185 defensionis
370 1143 493 1197 quasi
515 1142 723 1196 quaedam
742 1141 1022 1182 fundamenta
1039 1140 1176 1181 iacere
1197 1137 1438 1193 patiamini.

90 1202 207 1252 Quae
240 1202 277 1243 si
309 1204 451 1255 erunt,
489 1204 538 1242 ut
569 1215 664 1242 mea
695 1200 806 1242 ratio
839 1202 883 1241 et
914 1198 1122 1254 cogitatio
1155 1197 1258 1251 fert,
1292 1196 1438 1250 posita

88 1263 131 1303 et
157 1261 406 1314 constituta,
436 1260 607 1313 nullam,
628 1258 914 1301 accusationis
934 1260 1102 1312 partem
1121 1255 1436 1311 pertimescam.

34 1337 68 1363 20
87 1319 242 1361 Dicam
291 1320 404 1360 enim
452 1319 641 1373 primum
668 1318 743 1359 “de-
790 1318 884 1372 ipso
935 1330 1089 1372 genere
1134 1313 1432 1367 accusationis,
1451 1325 1496 1355 22

87 1377 320 1434 postea=de
348 1377 505 1432 Sardis,
537 1380 632 1419 tum
663 1377 795 1418 etiam
826 1390 963 1430 pauca
988 1375 1039 1416 de
1067 1373 1247 1427 Scaur03
1280 1372 1437 1426 quibus

88 1437 216 1480 rebus
267 1436 499 1491 explicatis
537 1438 638 1481 tumr
684 1436 864 1489 denique
915 1434 968 1475 ad
1016 1433 1100 1474 hoc
1146 1431 1353 1473 horribile
1394 1433 1438 1471 et

88 1495 419 1549 formidulosum
449 1495 798 1536 frumentarium*
814 1493 977 1535 crimen
1009 1491 1219 1534 accedam.

179 1553 302 1602 Quod
345 1556 417 1595 est·
453 1553 589 1608 igitur
625 1553 708 1594 hoc
743 1551 1047 1605 accusationis,
1090 1548 1248 1602 Triari,
1286 1534 1504 1603 genus,11

37 1630 70 1656 25
90 1612 278 1667 primum
314 1613 363 1652 ut
398 1611 655 1665 inquisitum
685 1625 772 1652 non
802 1610 940 1651 ieris?
973 1623 1081 1663 quae
1113 1607 1197 1648 suit
1226 1607 1314 1648 ista
1344 1608 1435 1646 tam
1449 1594 1494 1625 23

91 1672 224 1720 ferox,
249 1672 340 1710 tam
366 1669 587 1723 explorata
611 1669 738 1710 huius
767 1667 1038 1722 opprimendi
1063 1665 1248 1707 fiducia?
1286 1664 1438 1705 Pueris

89 1729 216 1771 nobis
253 1727 421 1769 audisse
452 1727 598 1770 videor
629 1726 676 1768 L.
708 1727 898 1780 Aelium,
934 1724 1187 1766 libertinum
1216 1722 1438 1764 hominem

90 1788 335 1829 litteratum
355 1800 403 1826 ac
422 1785 624 1839 facetum,
644 1799 741 1826 cum
759 1785 1039 1825 ulcisceretur
1058 1781 1230 1836 patroni
1246 1780 1439 1833 iniurias,

90 1860 250 1887 nomen
289 1844 336 1893 Q.
375 1843 606 1897 Muttonis,
647 1842 836 1884 hominis
875 1840 1179 1893 sordidissimi,
1220 1838 1438 1879 detulisse.

37 1923 72 1948 30
91 1905 131 1946 A
164 1918 247 1958 quo
280 1917 377 1944 cum
410 1904 703 1956 quaereretur,
741 1915 868 1955 quam
903 1898 1170 1954 provinciam
1202 1899 1277 1938 aut
1308 1910 1439 1950 quam

92 1963 205 2004 diem
236 1961 415 2003 testium
446 1960 698 2014 postularet,
728 1958 882 1999 horam
915 1957 998 1998 sibi
1025 1960 1233 2009 octavam,
1266 1955 1367 1996 dum
1392 1954 1440 1995 in

91 2021 186 2063 foro
217 2019 395 2062 bovario
427 2019 675 2073 inquireret,
707 2016 954 2071 postulavit.
1004 2015 1100 2057 Hoc
1130 2017 1180 2055 tu
1210 2013 1324 2054 idem
1355 2012 1438 2053 tibi
1452 2024 1500 2055 24

91 2080 137 2121 in
160 2078 219 2121 M.
244 2078 431 2120 Aemilio
460 2076 619 2121 Scauro
645 2075 812 2130 putasti
838 2089 930 2116 esse
957 2072 1228 2115 faciendum?
1267 2071 1440 2112 ‘Delata

94 2137 239 2191 enim,'
278 2137 437 2191 inquit,
475 2135 619 2177 ‘causa
656 2134 709 2175 ad
740 2148 807 2175 me
838 2133 1023 2174 Romam
1058 2130 1150 2173 est.⁹
1214 2130 1354 2179 Quid?
1386 2130 1440 2170 ad

41 2213 75 2239 35
94 2210 162 2237 me
200 2195 335 2237 Siculi
365 2209 506 2236 nonne
538 2193 723 2235 Romam
755 2206 929 2234 causam
962 2190 1133 2232 Siciliae
1166 2188 1440 2230 detulerunt?

94 2254 155 2295 At
176 2254 249 2307 qui
267 2254 481 2295 homines!
521 2251 757 2293 Prudentes
777 2253 944 2303 natura,
965 2249 1109 2291 callidi
1127 2262 1220 2301 usu,
1243 2247 1441 2288 doctrina

96 2312 264 2353 eruditi.
325 2312 489 2353 Tamen
526 2324 605 2366 ego
645 2309 751 2350 mihi
788 2308 1032 2363 provinciae
1063 2309 1239 2348 causam
1269 2306 1315 2346 in
1344 2320 1441 2360 pro-
