1671 2543
188 73 273 114 456
367 73 417 108 IN
443 74 492 109 M.
518 72 775 109 ANTONIUM
801 73 975 109 ORATIO
1001 73 1271 110 PHILIPPICA
1297 73 1341 110 V.

121 167 170 208 19
275 179 391 230 Quae
425 196 521 223 cum
553 182 615 223 ita
647 182 751 236 sint,
788 181 837 223 de
871 180 1051 224 Caesare
1085 182 1191 223 satis
1222 181 1305 224 hoc
1336 185 1529 237 tempore

128 228 171 259 5²
187 240 349 282 dictum
374 240 556 282 habebo.
606 239 697 282 Nec
722 254 823 282 vero
851 240 901 282 de
924 240 971 282 L.
990 241 1265 296 Egnatuleio,
1290 240 1528 284 fortissimo

186 301 230 340 et
280 299 632 341 constantissimo
683 299 766 341 civi
817 300 1161 354 amicissimoque
1211 300 1273 342 rei
1320 299 1531 355 publicae,

186 358 397 399 silendum
430 358 631 411 arbitror,
663 358 737 399 sed
768 358 1041 400 tribuendum
1072 359 1371 401 testimonium
1397 358 1529 400 virtu-

185 416 242 458 tis
276 417 491 472 egregiae,
525 416 638 471 quod
670 417 706 458 is
739 417 953 473 legionem
986 420 1184 472 quartam
1217 417 1269 459 ad
1301 416 1529 460 Caesarem
1565 432 1584 460 5

186 475 420 530 adduxerit,
447 490 554 530 quae
575 476 790 530 praesidio
812 477 1070 530 consulibus,
1097 476 1265 518 senatui
1284 476 1529 531 populoque

185 533 380 575 Romano
407 534 553 588 reique
580 535 776 589 publicae
803 538 934 589 esset·
961 536 1014 577 ob
1042 550 1136 577 eam
1157 550 1329 577 causam
1349 535 1530 590 placere,

184 593 249 634 uti
288 592 334 633 L.
366 592 628 648 Egnatuleio
667 594 901 635 triennium
938 597 1036 636 ante
1075 594 1321 650 legitimum
1358 596 1528 648 tempus

184 651 467 707 magistratus
511 655 677 706 petere,
721 667 889 707 capere,
933 667 1079 708 gerere
1124 653 1263 695 liceat.
1336 651 1388 694 In
1432 667 1529 707 quo,

183 713 328 765 patres
373 711 625 766 conscripti,
668 725 754 752 non
797 714 967 753 tantum
1012 712 1284 754 commodum
1321 711 1530 753 tribuitur
1550 726 1584 753 ιο

183 768 230 810 L.
262 769 541 824 Egnatuleio,
581 773 768 824 quantus
806 770 962 825 honos,
999 771 1045 812 in
1082 771 1161 812 tali
1199 770 1314 812 enim
1345 784 1390 812 re
1422 770 1530 812 satis

184 831 250 869 est
281 828 507 870 nominari.

125 903 168 934 53
272 885 336 928 De
379 887 568 929 exercitu
609 890 753 929 autem
791 886 835 930 C.
869 887 1065 930 Caesaris
1103 888 1164 930 ita
1202 902 1353 930 censeo
1391 887 1530 930 decer-

181 946 390 988 nundum:
454 946 639 988 ‘senatui
689 947 856 1001 placere
906 947 1118 989 militibus
1168 947 1400 1001 veteranis,
1456 947 1528 1002 qui

183 1004 380 1047 Caesaris
418 1005 638 1060 pontificis
674 1006 955 1048 auctoritatem
985 1007 1109 1048 secuti
1140 1006 1361 1048 libertatem
1384 1006 1530 1059 populi
1550 1018 1583 1046 15

182 1063 364 1105 Romani
420 1065 810 1130 auctoritatemque
866 1065 994 1106 huius
1052 1064 1214 1106 ordinis
1263 1063 1531 1106 defenderint

184 1126 313 1177 atque
345 1122 588 1177 defendant,
618 1124 672 1165 iis
704 1124 937 1177 liberisque
964 1138 1111 1165 eorum
1137 1123 1318 1165 militiae
1343 1123 1529 1166 vacatio-

182 1196 281 1223 nem
314 1195 424 1236 esse,
448 1182 604 1248 ‘utique
637 1181 683 1224 C.
710 1182 856 1226 Pansa
886 1182 937 1224 A.
969 1182 1139 1224 Hirtius
1173 1182 1388 1237 consules,
1419 1182 1530 1224 alter

184 1241 380 1294 ambove,
422 1240 460 1282 si
499 1241 560 1282 eis
598 1241 833 1295 videretur,
872 1244 1197 1296 cognoscerent,
1236 1241 1310 1295 qui
1342 1254 1444 1296 ager
1474 1240 1528 1282 115

184 1299 364 1340 coloniis
398 1302 523 1353 esset,
557 1313 640 1353 quo
667 1300 828 1341 milites
854 1300 1044 1341 veterani
1071 1299 1242 1340 deducti
1267 1302 1422 1352 essent,
1455 1299 1527 1353 qui
1548 1312 1582 1337 2⁰

184 1360 334 1399 contra
359 1357 499 1411 legem
525 1357 682 1399 Iuliam
707 1358 1012 1412 possideretur,
1042 1360 1091 1399 ut
1117 1358 1153 1399 is
1179 1357 1392 1399 militibus
1418 1360 1530 1399 vete-

184 1416 299 1457 ranis
331 1415 611 1470 divideretur3
643 1417 692 1457 de
726 1431 829 1472 agro
857 1415 1076 1471 Campano
1109 1416 1343 1470 separatim
1375 1429 1530 1471 cogno-

184 1476 352 1516 scerent
384 1474 627 1529 inirentque
660 1475 872 1516 rationem
904 1475 954 1516 de
987 1474 1222 1516 commodis
1248 1475 1439 1517 militum
1463 1489 1531 1516 ve-

184 1536 433 1574 teranorum
483 1533 708 1588 augendis,
758 1534 1003 1589 legionique
1048 1533 1230 1575 Martiae
1281 1536 1325 1575 et
1367 1533 1530 1589 legioni

186 1595 363 1645 quartae
403 1595 446 1633 et
483 1592 537 1633 iis
569 1592 801 1645 militibus,
841 1593 913 1646 qui
945 1593 994 1634 de
1027 1592 1196 1648 legione
1229 1592 1424 1647 secunda,
1456 1593 1529 1633 tri·
1549 1604 1583 1631 25

185 1651 344 1692 cesima
394 1651 544 1705 quinta
590 1652 643 1692 ad
688 1650 732 1693 C.
773 1650 959 1692 Pansam
1002 1651 1052 1692 A.
1097 1650 1290 1692 Hirtium
1333 1651 1530 1693 consules

184 1710 403 1751 venissent
434 1724 595 1764 suaque
626 1710 801 1752 nomina
833 1710 1081 1763 edidissent,
1117 1710 1230 1764 quod
1262 1709 1314 1751 iis
1347 1710 1530 1751 auctori·

184 1771 253 1810 tas
291 1771 467 1810 senatus
506 1769 740 1823 populique
772 1768 957 1810 Romani
994 1769 1174 1810 libertas
1214 1768 1435 1810 carissima
1472 1769 1530 1810 sit

183 1830 228 1868 et
264 1826 412 1881 fuerit,
449 1827 717 1869 vacationem
756 1827 936 1868 militiae
974 1827 1080 1882 ipsis
1115 1827 1348 1881 liberisque
1381 1841 1529 1868 eorum

185 1900 276 1927 esse
320 1886 487 1940 placere
531 1889 653 1927 extra
696 1886 931 1927 tumultum
975 1885 1188 1927 Gallicum
1231 1885 1583 1941 Italicumque,3o

185 1959 340 1999 easque
384 1945 577 2000 legiones
621 1945 735 1986 bello
780 1944 974 1986 confecto
1019 1945 1174 1986 missas
1211 1944 1304 1986 fieri
1341 1944 1529 1999 placere,

186 2006 476 2058 quantamque
519 2003 745 2058 pecuniam
788 2003 1000 2045 militibus
1045 2017 1191 2045 earum
1227 2002 1449 2058 legionum
1484 2003 1528 2044 in

186 2062 379 2117 singulos
419 2061 464 2104 C.
497 2061 655 2104 Caesar
692 2062 904 2116 pontifex,
941 2076 1018 2116 pro
1056 2064 1273 2116 praetore,
1310 2061 1528 2116 pollicitus

186 2121 260 2174 sit,
298 2123 467 2162 tantam
499 2121 590 2162 dari
621 2121 808 2175 placere3
845 2121 994 2174 utique
1026 2119 1071 2162 C.
1104 2120 1244 2161 Pansa
1276 2119 1325 2161 A.
1357 2119 1527 2161 Hirtius

187 2179 395 2233 consules,
428 2180 536 2221 alter
563 2180 755 2231 ambove,
787 2179 824 2220 si
850 2179 911 2220 eis
937 2179 1164 2233 videretur,
1196 2179 1409 2220 rationem
1434 2177 1527 2233 agri
1547 2195 1581 2221 ω

185 2236 412 2292 haberent,
457 2238 530 2292 qui
569 2238 658 2279 sine
696 2238 853 2278 iniuria
889 2237 1159 2291 privatorum
1195 2236 1327 2278 dividi
1362 2238 1529 2290 posset,

187 2295 323 2346 iisque
368 2296 600 2350 militibus,
643 2296 806 2351 legioni
843 2295 1026 2337 Martiae
1070 2299 1114 2337 et
1151 2294 1311 2350 legioni
1349 2297 1528 2347 quartae
