1671 2543
212 113 294 155 128
390 113 454 148 DE
481 112 754 148 PROVINCIIS
782 112 1148 148 CONSULARIBUS
1175 112 1365 148 ORATIO.

207 237 286 263 nec
311 224 452 262 totam
479 220 635 262 Gallici
660 220 764 261 belli
789 220 1003 261 rationem
1028 234 1161 275 prope
1186 219 1273 260 iam
1294 220 1550 274 explicatam

209 280 461 334 perturbare
495 283 624 333 atque
656 279 862 332 impedire
894 279 1109 320 debemus.

298 338 414 379 Nam
433 338 532 379 illae
555 337 793 378 sententiae
813 337 1004 378 virorum
1022 337 1361 379 clarissimorum
1375 337 1550 378 minime

210 397 456 451 probandae
507 399 625 450 sunt,
676 410 859 449 quorum
909 396 1018 437 alter
1067 395 1318 436 ulteriorem
1363 394 1552 436 Galliam

211 456 401 496 decernit
428 470 524 496 cum
554 453 690 508 Syria,
722 454 832 496 alter
860 454 1116 496 citeriorem.
1180 453 1263 503 Qui
1288 454 1552 508 ulteriorem,
1589 469 1606 494 5

211 514 354 555 omnia
385 514 478 566 illa,
511 513 561 554 de
595 513 750 566 quibus
784 513 965 554 disserui
996 514 1124 567 paulo
1159 515 1276 567 ante,
1306 513 1552 567 perturbat3

212 573 339 613 simul
372 572 561 613 ostendit
591 586 685 612 eam
712 586 757 612 se
782 574 926 612 tenere
952 572 1105 626 legem,
1139 585 1267 625 quam
1293 586 1385 613 esse
1411 571 1552 626 legem

210 634 356 686 neget,
401 633 460 684 et,
502 645 609 684 quae
648 644 748 684 pars
786 630 1032 684 provinciae
1072 631 1146 683 sit,
1185 630 1252 671 cui
1288 645 1376 671 non
1411 630 1551 684 possit

210 689 435 741 intercedi,
472 689 582 730 113110
620 703 665 730 se
703 689 902 742 avellere,
940 703 1048 742 quae
1083 689 1350 730 defensorem
1380 689 1551 742 habeat,

210 762 297 789 non
322 751 517 802 tangere,
545 747 672 788 simul
700 750 742 788 et
768 747 875 788 illud
899 747 1016 801 facit,
1041 750 1102 801 ut,
1130 747 1243 801 quod
1263 747 1327 787 illi
1348 762 1372 787 a
1391 747 1550 802 populo
1572 762 1606 787 10

212 807 359 847 datum
380 807 448 859 sit,
468 806 511 846 id
531 820 617 847 non
637 806 781 859 violet,
802 806 915 859 quod
936 809 1109 847 senatus
1126 806 1301 859 dederit,
1321 806 1363 846 id
1378 808 1551 847 senator

152 876 195 906 37
210 868 411 918 properet
445 864 623 905 auferre.
685 864 812 905 Alter
842 864 946 905 belli
976 863 1133 906 Gallici
1164 864 1378 905 rationem
1407 864 1552 918 habet,

211 923 407 978 fungitur
433 923 575 964 officio
603 923 706 964 boni
733 923 957 976 senatoriS,
983 923 1124 978 legem
1151 937 1280 976 quam
1304 937 1393 964 non
1413 925 1551 977 putat,

212 997 305 1022 eam
348 996 516 1036 quoque
556 985 718 1035 servat,
760 981 962 1035 praefinit
1000 982 1113 1022 enim
1152 981 1389 1023 successori
1427 981 1550 1022 diem.

213 1040 305 1089 Quo
339 1041 444 1081 mihi
476 1041 585 1081 nihil
617 1041 785 1081 videtur
814 1040 993 1081 alienius
1021 1055 1045 1081 a
1070 1041 1282 1095 dignitate
1309 1040 1551 1094 disciplina·
1571 1054 1604 1080 15

212 1114 292 1152 que
326 1099 549 1152 maiorum,
582 1114 710 1152 quam
738 1101 799 1152 ut,
831 1099 905 1153 qui
932 1099 1080 1140 consul
1106 1099 1312 1140 Kalendis
1338 1098 1550 1140 Ianuariis

210 1158 368 1199 habere
400 1157 667 1211 provinciam
699 1158 843 1210 debet,
881 1158 917 1198 is
949 1160 999 1197 ut
1031 1172 1124 1198 eam
1156 1158 1431 1211 desponsam,
1464 1172 1552 1199 non

146 1217 434 1263 {audeeretam
471 1216 629 1256 habere
668 1216 875 1257 videatur.
936 1215 1087 1257 Fuerit
1119 1219 1213 1257 toto
1249 1217 1294 1256 in
1325 1216 1551 1257 consulatu

212 1275 302 1315 sine
333 1274 572 1328 provincia,
624 1273 692 1315 0111
728 1272 877 1326 fuerit,
918 1273 1149 1324 antequam
1186 1270 1437 1325 designatus
1476 1273 1554 1324 est,

212 1334 382 1374 decreta
417 1332 649 1386 provincia.
714 1331 929 1372 Sortietur
967 1346 1022 1372 an
1057 1331 1175 1372 non?
1237 1331 1351 1372 Nam
1389 1334 1433 1371 et
1462 1345 1550 1372 non
1570 1345 1604 1371 20

213 1391 360 1433 sortiri
387 1391 619 1431 absurdum
645 1393 710 1431 est
737 1393 792 1443 et,
825 1390 937 1443 quod
964 1390 1144 1430 sortitus
1172 1390 1243 1443 sis,
1268 1404 1355 1430 non
1379 1390 1548 1430 habere.

211 1448 516 1490 Proficiscetur
553 1448 813 1502 paludatus?
876 1447 1000 1496 Quo‘?
1063 1448 1156 1497 Quo
1194 1448 1415 1502 pervenire
1451 1451 1549 1489 ante

213 1510 374 1548 certam
404 1507 516 1547 diem
540 1522 628 1548 non
652 1506 812 1547 licebit.
874 1506 1086 1560 Ianuario,
1118 1506 1354 1548 Februario
1381 1507 1550 1560 provin-

214 1567 323 1607 ciam
346 1580 432 1606 non
450 1566 647 1619 habebit,
674 1565 879 1605 Kalendis
900 1565 937 1605 ei
958 1565 1138 1619 denique
1159 1565 1330 1606 Martiis
1349 1568 1551 1606 nascetur

156 1631 200 1662 38
215 1627 390 1678 repente
427 1624 659 1678 provincia.
721 1623 785 1664 Ac
822 1626 964 1664 tamen
1003 1623 1071 1664 his
1111 1624 1337 1665 sententiis
1369 1623 1471 1665 Piso
1506 1624 1551 1665 in
1570 1640 1604 1665 25

213 1683 434 1737 provincia
476 1682 756 1736 permanebit.
826 1681 942 1730 Quae
984 1697 1080 1722 cum
1118 1684 1267 1738 gravia
1305 1685 1422 1736 sunt,
1465 1685 1552 1723 tum

213 1741 323 1782 nihil
356 1741 529 1796 gravius
562 1741 650 1794 illo,
683 1741 796 1794 quod
828 1740 1003 1780 multari
1032 1740 1337 1794 imperatorem
1364 1741 1550 1782 deminu-

214 1800 330 1841 tione
352 1799 597 1854 provinciae
619 1799 979 1840 contumeliosum
995 1802 1060 1839 est
1076 1814 1213 1853 neque
1229 1800 1368 1841 solum
1383 1814 1549 1841 summo

211 1859 256 1899 in
293 1859 404 1912 viro,
442 1859 516 1899 sed
554 1858 687 1899 etiam
718 1858 924 1899 mediocri
954 1859 1000 1899 in
1029 1858 1204 1900 homine
1236 1859 1282 1899 id
1309 1872 1360 1899 ne
1390 1859 1555 1900 accidat

211 1917 531 1970 providendum.
1569 1923 1603 1948 30

146 1984 198 2025 16
300 1978 396 2033 Ego
423 1992 498 2019 vos
525 1977 745 2032 intellego,
776 1979 921 2031 patres
949 1976 1193 2030 conscripti,
1222 1976 1384 2017 multos
1411 1976 1549 2016 decre-

214 2037 324 2077 visse
357 2037 535 2077 eximios
568 2036 752 2077 honores
787 2035 831 2077 C.
861 2034 1034 2077 Caesari
1066 2038 1109 2075 et
1139 2049 1272 2088 prope
1305 2034 1548 2089 singularis.

214 2094 278 2147 Si,
313 2095 428 2148 quod
458 2095 522 2135 ita
553 2094 733 2135 meritus
767 2097 876 2147 erat,
909 2093 1035 2149 grati,
1067 2093 1134 2134 sin
1165 2093 1307 2145 etiam,
1339 2095 1387 2132 ut
1420 2106 1547 2145 quam

216 2153 591 2194 coniunctissimus
623 2152 723 2193 huic
757 2152 895 2193 ordini
927 2155 1053 2205 esset,
1088 2151 1302 2205 sapientes
1336 2165 1384 2198 30
1416 2150 1548 2190 divini

214 2210 370 2251 fuistis.
438 2210 665 2252 Neminem
705 2225 910 2264 umquam
947 2213 1013 2251 est
1049 2210 1120 2250 hic
1160 2209 1262 2250 ordo
1302 2208 1548 2261 complexus
1569 2223 1602 2250 35

214 2269 449 2310 honoribus
477 2272 519 2310 et
542 2269 759 2310 beneficiis
783 2269 882 2322 suis,
910 2269 983 2322 qui
1003 2268 1136 2309 ullam
1156 2267 1412 2322 dignitatem
1431 2281 1551 2320 prae-

218 2327 484 2369 stabiliorem
517 2342 582 2381 ea,
622 2342 750 2381 quam
781 2341 856 2381 per
888 2341 962 2367 vos
996 2328 1109 2368 esset
1141 2326 1337 2379 adeptus,
1371 2325 1550 2379 putarit.

142 315 196 356 15

151 376 196 406 36
