1671 2543
543 89 644 125 cAP.
674 93 811 124 10—12
838 92 857 132 ς
883 93 1032 124 28-34.
1374 90 1459 133 355

109 199 297 241 venisset
341 201 384 241 et
428 198 607 241 crimina
649 198 694 239 in
737 197 958 239 dominum
1000 198 1242 240 delaturum
1281 213 1325 240 se
1366 214 1459 242 esse

110 258 307 312 dixisset,
349 257 502 313 prendi
544 257 764 299 hominem
801 257 929 298 iussit
967 257 1019 298 ad
1059 256 1352 313 Scaurumque
1392 259 1458 300 de-

111 317 220 359 duci.
280 316 408 371 Vide,
447 316 550 371 quid
581 316 770 370 intersit3
808 316 889 358 etsi
928 316 1071 371 inique
1103 315 1330 359 Castorem
1363 331 1459 359 cum

111 375 306 418 Domitio
356 390 579 431 compar03
628 375 702 417 sed
752 377 898 416 tamen
946 375 1019 416 ille
1069 375 1243 418 inimico
1289 390 1459 418 servum

66 451 83 477 ιι
120 435 302 489 remisit,
333 438 383 476 tu
415 435 468 476 ab
502 449 580 476 avo
613 434 849 489 abduxisti3
880 434 953 475 ille
985 434 1281 489 incorruptum
1314 436 1459 477 audire

111 494 269 548 noluit,
313 496 362 536 tu
406 493 656 548 corrupisti3
696 493 768 534 ille
814 493 1054 534 adiutorem
1099 508 1268 536 servum
1309 498 1459 537 contra

113 552 334 595 dominum
366 552 620 607 repudiavit,
654 555 701 593 tu
732 551 863 593 etiam
889 555 1183 594 accusatorem
1210 553 1459 595 adhibuisti.

113 612 173 653 At
216 612 348 653 semel
385 611 468 653 iste
507 614 573 653 est
611 613 839 665 corruptus
880 625 904 652 a
941 611 1075 653 vobis.
1144 610 1317 667 Nonne,
1362 627 1458 654 cum
1473 620 1516 651 32

113 673 228 713 esset
258 670 493 725 productus
520 673 564 712 et
590 685 687 712 cum
714 673 856 711 tecum
881 669 1047 724 fuisset,
1079 670 1240 726 refugit
1265 671 1318 712 ad
1343 671 1460 727 lega-

61 747 94 773 10
113 729 212 772 tos?
249 743 389 771 nonne
422 729 474 771 ad
505 729 619 771 hunc
652 728 726 771 Cn.
758 727 1001 770 Domitium
1032 729 1178 770 venit?
1215 744 1356 772 nonne
1389 745 1459 772 au-

114 789 255 830 diente
298 788 380 830 hoc
425 787 513 831 Ser.
553 787 763 843 Sulpicio,
805 787 1046 829 clarissimo
1090 788 1201 842 viro,
1246 789 1320 843 qui
1365 792 1458 830 tum

114 862 216 890 casu
261 847 373 902 apud
409 847 652 889 Domitium
698 847 896 901 cenabat,
940 849 983 888 et
1020 846 1102 888 hoc
1139 846 1185 888 T.
1224 847 1458 902 Torquato,

114 906 278 961 optimo
316 906 604 959 adulescente,
643 920 687 947 se
721 920 745 947 a
775 908 819 947 te
851 908 1118 960 corruptum,
1155 906 1242 947 tuis
1275 907 1457 961 promis-

115 965 173 1006 sis
211 965 257 1006 in
293 964 487 1006 fraudem
524 965 744 1019 inpulsum
782 978 873 1006 esse
913 964 1133 1006 confessus
1172 965 1268 1007 est‘?
1339 964 1457 1015 Quae
1476 966 1528 1007 12

62 1040 95 1069 15
114 1027 180 1066 est
210 1024 296 1065 ista
327 1027 418 1065 tam
449 1024 682 1078 impotens,
714 1026 804 1065 tam
837 1023 1033 1077 crudelis,
1064 1026 1155 1065 tam
1186 1024 1457 1066 inmoderata

113 1082 436 1124 inhumanitas?
515 1081 679 1124 Idcirco
729 1082 774 1123 in
823 1082 934 1124 hanc
982 1082 1134 1123 urbem
1184 1083 1359 1137 venisti,
1408 1086 1458 1125 ut

112 1141 240 1183 huius
277 1141 397 1182 urbis
434 1141 528 1182 iura
566 1143 609 1183 et
647 1141 841 1195 exempla
879 1155 1172 1195 corrumperes
1206 1141 1458 1183 domestica—

114 1214 195 1255 que
250 1199 519 1242 immanitate
567 1202 742 1241 nostrae
793 1200 982 1241 civitatis
1032 1200 1350 1242 humanitatem
1399 1201 1459 1242 in-

115 1259 346 1313 quinares‘?
796 1297 802 1305 ,

61 1336 95 1361 zo
202 1318 262 1360 At
295 1332 423 1372 quam
456 1319 578 1359 acute
610 1317 792 1359 collecta
824 1317 1019 1359 crimina!
1078 1317 1365 1372 ‘Blesamius',
1397 1318 1457 1360 in-
1474 1326 1516 1358 33

115 1377 226 1432 quit,
265 1377 374 1429 (eius
408 1377 522 1418 enim
553 1376 745 1430 nomine,
784 1376 937 1431 optimi
968 1376 1050 1418 viri
1080 1391 1158 1419 nec
1190 1377 1273 1418 tibi
1305 1377 1459 1432 ignoti,

113 1436 224 1478 male
263 1435 432 1477 dicebat
468 1434 568 1490 tibi)
608 1434 677 1476 ‘ad
715 1449 861 1491 regem
900 1436 1086 1477 scribere
1125 1436 1293 1477 solebat
1331 1438 1373 1477 te
1415 1436 1460 1477 in

114 1493 276 1536 invidia
307 1508 417 1548 esse,
456 1497 688 1549 tyrannum
720 1494 976 1548 existimari,
1015 1497 1159 1536 statua
1191 1495 1304 1536 inter
1335 1509 1458 1550 reges

115 1553 257 1607 posita
296 1552 461 1594 animos
497 1552 721 1594 hominum
759 1553 1033 1594 vehementer
1072 1553 1275 1607 offensos,
1312 1553 1459 1607 plaudi

63 1631 95 1656 25
115 1611 198 1653 tibi
226 1625 313 1652 11011
339 1609 502 1652 solere?
559 1609 713 1652 Nonne
739 1611 971 1666 intellegis,
1003 1609 1172 1664 Caesar,
1205 1626 1255 1652 ex
1282 1612 1458 1653 urbanis

115 1670 417 1713 malivolorum
454 1669 736 1710 sermunculis
772 1670 877 1711 haec
910 1670 962 1710 ab
994 1669 1090 1710 istis
1124 1684 1215 1710 esse
1248 1669 1458 1711 collecta?

115 1728 359 1771 Blesamius
397 1730 629 1781 tyrannum
662 1726 888 1769 Caesarem
920 1727 1156 1769 scriberet?
1216 1727 1458 1769 Multorum

117 1788 231 1829 enim
264 1786 406 1841 capita
437 1785 594 1827 civium
626 1786 802 1839 viderat,
834 1786 994 1826 multos
1021 1786 1141 1826 iussu
1169 1784 1365 1828 Caesaris
1391 1800 1457 1827 ve-

117 1849 262 1900 xatos,
293 1844 555 1897 verberatos,
585 1846 774 1897 necatos,
806 1844 965 1885 multas
998 1843 1182 1886 afflictas
1215 1848 1257 1885 et
1291 1859 1458 1886 eversas

65 1905 286 1958 sodomos,
342 1902 520 1945 armatis
577 1902 789 1943 militibus
843 1901 1049 1943 refertum
1102 1902 1253 1944 forum.
1341 1902 1458 1952 Quae

119 1977 287 2017 semper
324 1962 369 2003 in
401 1961 517 2003 civili
549 1961 731 2002 victoria
762 1961 992 2015 sensimus,
1024 1975 1073 2002 ea
1104 1964 1146 2002 te
1178 1961 1340 2003 victore
1372 1977 1458 2002 non

119 2022 314 2064 vidimus.
378 2018 522 2073 Solus,
553 2019 748 2073 inquam,
780 2034 836 2073 es,
869 2018 913 2061 C.
946 2018 1114 2073 Caesar,
1147 2019 1266 2061 cuius
1298 2020 1343 2061 in
1374 2021 1515 2062 vic-34

120 2081 234 2123 toria
277 2078 476 2122 ceciderit
520 2092 645 2119 nemo
690 2077 774 2119 nisi
819 2081 1020 2120 armatus.
1087 2077 1164 2132 Et,
1210 2093 1337 2132 quem
1379 2093 1458 2120 nos

120 2139 262 2194 liberi,
309 2138 354 2180 in
392 2151 558 2179 summa
598 2137 747 2191 populi
784 2135 966 2178 Romani
1004 2137 1206 2178 libertate
1244 2137 1337 2178 nati
1373 2152 1460 2179 non

0 2213 5 2239 ⁵
69 2215 102 2242 s5
123 2198 248 2240 modo
291 2212 378 2239 non
421 2199 670 2250 tyrannum,
715 2195 788 2236 sed
826 2195 957 2236 etiam
996 2195 1379 2237 clementissimum
1415 2196 1460 2237 in

123 2256 303 2298 victoria
323 2256 473 2297 ducem
492 2254 689 2307 vidimus,
708 2254 745 2295 is
764 2253 993 2308 Blesamio,
1025 2254 1097 2308 qui
1118 2254 1224 2295 vivit
1243 2254 1288 2295 in
1313 2268 1460 2310 regno,

124 2319 332 2369 tyrannus
361 2314 493 2355 videri
520 2312 695 2367 potest?
739 2311 853 2353 Nam
880 2312 929 2353 de
958 2315 1102 2354 statua
1130 2313 1225 2368 quis
1253 2313 1460 2369 queritur,

1180 2379 1250 2410 25*
