1671 2543
579 65 681 99 CAP.
711 69 847 100 12—14
874 68 892 107 g
920 69 964 100 30
987 69 1069 100 -37.
1404 66 1490 107 519

150 177 370 230 peratores
397 187 476 229 ego
504 176 547 214 et
571 171 628 213 M.
651 172 833 213 Bibulus
860 172 904 213 in
929 172 1182 227 propinquis
1207 172 1490 227 finitimisque

150 232 402 288 provinciis;
440 232 492 273 ab
532 232 679 273 eodem
717 245 816 286 rege
857 231 991 272 adiuti
1029 245 1176 272 sumus
1214 234 1258 272 et
1294 231 1490 285 equitatu

152 295 195 334 et
226 291 495 346 pedestribus
529 290 674 344 copiis.
732 288 935 331 Secutum
968 292 1033 331 est
1058 290 1139 331 hoc
1165 289 1489 331 acerbissimum

154 353 196 392 et
222 349 645 392 calamitosissimum
672 348 794 390 civile
821 348 999 403 bellum3
1028 349 1073 389 in
1100 363 1182 402 quo
1211 348 1312 402 quid
1337 348 1490 390 facien-

116 421 132 446 5
153 410 253 450 dum
284 408 503 461 Deiotaro,
537 407 637 461 quid
671 406 843 448 omnino
876 407 1034 449 rectius
1065 406 1208 461 fuerit,
1240 407 1378 448 dicere
1403 421 1491 448 non

152 471 217 509 est
264 481 453 521 necesse,
502 466 755 520 praesertim
806 481 902 507 cum
950 468 1116 520 contra,
1166 480 1214 507 ac
1258 465 1489 507 Deiotarus

151 525 303 579 sensit,
341 525 523 567 victoria
560 524 662 566 belli
700 524 911 566 iudicarit.
975 524 1067 573 Quo
1106 524 1151 565 in
1189 524 1302 566 bello
1341 524 1378 566 si
1407 524 1491 565 fuit

152 599 282 638 error,
315 584 553 626 communis
587 584 625 624 ei
655 582 739 624 fuit
766 598 862 624 cum
889 586 1056 638 senatu3
1090 583 1156 624 sin
1181 586 1299 625 recta
1325 586 1491 624 senten-

152 643 231 697 tia,
267 657 320 684 ne
354 643 469 684 victa
502 642 672 696 quidem
704 657 832 683 causa
862 642 1144 696 vituperanda
1175 645 1251 683 est.
1312 641 1381 683 Ad
1411 642 1490 683 has

101 713 132 738 10
153 702 297 756 copias
343 701 544 743 accedent
588 701 660 742 alii
699 714 839 756 reges,
883 700 1014 742 etiam
1058 701 1239 742 dilectus
1278 701 1490 742 accedent.

151 760 302 815 Neque
351 774 451 801 vero
502 760 659 801 classes
711 760 906 813 deerunt3
962 760 1073 800 tanti
1122 759 1242 813 Tyrii
1293 758 1490 801 Cassium
1504 766 1549 797 35

151 819 333 872 faciunt,
369 821 540 860 tantum
572 818 662 859 eius
695 818 739 858 in
773 816 897 872 Syria
927 832 1085 859 nomen
1117 820 1245 872 atque
1277 817 1490 860 Phoenice

152 881 228 920 est.
290 877 497 918 Paratum
527 877 659 918 habet
689 877 994 931 imperatorem
1027 875 1070 918 C.
1102 875 1311 930 Cassium,
1344 880 1488 931 patres
1508 877 1562 917 14

153 936 403 990 conscripti,
440 950 507 977 res
545 936 718 990 publica
751 939 901 976 contra
938 935 1228 989 Dolabellam,
1265 950 1343 976 nec
1372 950 1492 989 para-

101 1006 132 1031 15
151 998 245 1037 tum
302 995 458 1047 solum,
515 994 587 1035 sed
641 994 829 1048 peritum
885 997 1013 1047 atque
1062 993 1230 1035 fortem.
1310 993 1492 1049 Magnas

152 1054 225 1094 ille
269 1068 338 1094 res
382 1053 518 1108 gessit
559 1055 658 1093 ante
702 1052 866 1106 Bibuli,
916 1052 1072 1093 summi
1109 1052 1207 1105 viri,
1251 1052 1493 1106 adventum,

154 1127 250 1154 cum
285 1111 546 1152 Parthorum
582 1111 876 1152 nobilissimos
916 1112 1060 1165 duces,
1099 1112 1306 1152 maximas
1347 1111 1492 1165 copias

151 1171 264 1212 fudit
297 1169 549 1224 Syriamque
587 1170 749 1210 inmani
787 1169 1047 1211 Parthorum
1083 1169 1249 1224 impetu
1280 1170 1493 1211 liberavit.

151 1228 386 1270 Maximam
435 1229 525 1269 eius
571 1231 614 1269 et
655 1228 917 1283 singularem
959 1228 1130 1270 laudem
1173 1228 1493 1282 praetermitt03

99 1298 133 1323 20
153 1288 272 1329 cuius
317 1288 430 1328 enim
472 1287 734 1341 praedicatio
778 1287 967 1328 nondum
1012 1287 1210 1328 omnibus
1249 1290 1375 1341 grata
1414 1290 1493 1339 est,

151 1347 261 1388 hanc
305 1345 537 1387 memoriae
580 1346 725 1400 potius
771 1360 898 1399 quam
941 1345 1057 1387 vocis
1102 1345 1352 1387 testimonio
1397 1360 1493 1387 con-

154 1418 382 1447 servemus.

241 1462 554 1512 Animadverti,
616 1466 761 1516 patres
825 1462 1075 1516 conscripti,
1131 1462 1161 1515 †
1218 1462 1369 1503 exaudi
1425 1463 1491 1503 rui
1507 1476 1551 1508 36

155 1521 286 1562 etiam
316 1521 497 1561 nimium
529 1536 553 1561 a
584 1536 650 1562 me
679 1521 874 1575 Brutum,
904 1521 1085 1562 nimium
1113 1520 1309 1562 Cassium
1337 1521 1492 1575 ornari,

100 1589 134 1616 25
155 1578 303 1621 Cassio
336 1593 435 1620 vero
469 1579 681 1620 sententia
713 1595 807 1620 mea
838 1579 1106 1621 dominatum
1133 1582 1176 1620 et
1202 1579 1493 1632 principatum

154 1638 257 1679 dari.
326 1637 442 1686 Quos
487 1650 565 1692 ego
605 1638 739 1678 orno‘?
807 1637 971 1691 Nempe
1017 1652 1107 1690 eos,
1153 1637 1225 1690 qui
1268 1636 1354 1690 ipsi
1392 1641 1493 1679 sunt

123 1698 407 1752 ·ornamenta
451 1694 511 1736 rei
554 1696 761 1748 publicae.
830 1695 969 1744 Quid?
1029 1695 1081 1736 D.
1124 1694 1309 1736 Brutum
1352 1710 1492 1737 nonne

155 1755 354 1796 omnibus
393 1753 617 1795 sententiis
657 1768 823 1807 semper
861 1753 1038 1794 ornavi?
1105 1753 1223 1794 Num
1259 1754 1395 1809 igitur
1431 1768 1493 1795 re-

154 1812 449 1867 prehenditis?
504 1812 574 1853 An
600 1811 814 1853 Antonios
841 1812 985 1866 potius
1013 1826 1220 1866 ornarem,
1251 1827 1338 1853 non
1364 1812 1491 1854 modo

100 1882 135 1908 80
155 1886 329 1913 suarum
354 1870 627 1923 familiarum,
655 1871 728 1911 sed
753 1870 937 1911 Romani
963 1870 1150 1911 nominis
1176 1871 1335 1924 probra
1362 1873 1491 1925 atque

155 1929 389 1971 dedecora?
422 1943 476 1969 an
508 1927 788 1970 Censorinum
820 1943 978 1982 ornem,
1010 1929 1055 1970 in
1088 1929 1198 1970 bello
1230 1929 1413 1981 hostem,
1447 1930 1491 1970 in

152 2002 257 2040 pace
290 1987 528 2029 sectorem?
562 2001 616 2027 an
648 1990 788 2028 cetera
820 2001 870 2028 ex
896 1987 1044 2028 eodem
1069 1987 1296 2029 latrocinio
1322 1987 1492 2029 naufra-

152 2047 227 2100 gia
253 2046 483 2101 colligam?
538 2044 633 2100 Ego
661 2060 759 2086 vero
786 2045 895 2086 istos
923 2046 1013 2095 otii,
1045 2046 1307 2099 concordiae,
1333 2046 1491 2101 legum,

153 2105 420 2157 iudiciorum,
446 2103 660 2144 libertatis
686 2104 882 2145 inimicos
912 2107 1082 2145 tantum
1109 2104 1232 2145 abest
1258 2107 1306 2145 ut
1333 2119 1492 2159 ornem,

101 2165 204 2204 35ut
236 2162 347 2204 effici
378 2176 465 2203 non
494 2162 645 2216 possit,
677 2162 780 2216 quin
811 2177 883 2203 eos
916 2165 1006 2203 tam
1038 2162 1214 2217 oderim,
1246 2177 1376 2216 quam
1401 2177 1493 2204 rem

154 2222 372 2276 publicam
403 2220 548 2275 diligo.

243 2279 402 2334 ‘Vide’,
438 2278 597 2333 inquit,
635 2278 702 2320 ‘ne
740 2281 964 2320 veteranos
1003 2278 1227 2333 offendas'3
1263 2279 1345 2321 hoc
1376 2280 1491 2322 enim
1506 2288 1549 2320 37
