1671 2543
202 82 284 123 198
585 81 640 115 iN
666 80 705 116 L.
731 79 945 115 PLSONEM
970 80 1159 116 ORATIO.

195 205 300 232 num
332 192 460 244 atque
486 188 706 243 Dolopum
738 188 978 243 demigrare
1011 192 1054 230 et
1081 203 1177 230 aras
1204 191 1247 230 et
1271 188 1392 231 focos
1418 189 1545 232 relin-

199 263 326 303 quere
359 248 553 304 coegisti.
603 247 698 288 Hoc
730 249 778 288 tu
810 247 856 288 in
887 247 1016 301 exitu,
1047 247 1265 302 praeclare
1294 247 1543 303 imperator,

197 323 295 349 cum
326 307 408 348 tibi
441 308 493 348 ad
525 306 733 360 pristinas
767 305 907 347 clades
941 306 1128 347 accessio
1161 306 1316 347 fuisset
1347 307 1543 348 Aetoliae

195 366 445 420 repentinus
477 365 698 417 interitus,
734 364 970 406 exercitum
1002 365 1207 406 dimisisti
1237 379 1376 419 neque
1407 365 1544 407 ullam

194 439 396 480 poenam,
435 439 542 478 quae
578 426 701 464 tanto
733 422 916 464 facinori
948 423 1193 476 deberetur,
1229 438 1317 465 non
1348 424 1543 465 maluisti
1580 436 1596 462 5

196 484 339 525 subire
381 497 509 537 quam
546 496 774 523 numerum
813 485 987 523 tuorum
1024 483 1215 524 militum
1252 483 1542 537 reliquiasque

197 542 412 597 cognosci.

125 581 180 622 38
284 602 426 655 Atque
456 602 504 641 ut
530 599 712 641 duorum
737 599 1049 653 Epicureorum
1075 600 1401 641 similitudinem
1425 600 1472 641 in
1496 615 1542 641 re

139 641 182 671 92
195 659 373 700 militari
399 658 664 713 imperioque
690 658 882 712 videatis,
908 658 1130 713 Albucius,
1157 673 1253 700 cum
1278 659 1324 700 in
1345 658 1543 700 Sardinia

194 718 521 772 triumphasset,
554 717 716 758 Romae
749 717 974 758 damnatus
1006 719 1089 771 est3
1122 716 1193 759 hic
1227 732 1323 759 cum
1356 718 1541 759 similem
1563 738 1596 762 10

195 777 356 818 exitum
372 778 638 830 ¹expectaret,
664 776 709 816 in
734 775 985 817 Macedonia
1010 779 1189 830 tropaea
1207 777 1371 830 posuit;
1398 791 1542 831 eaque,

195 850 301 889 quae
328 835 507 876 bellicae
535 834 672 875 laudis
700 835 987 889 victoriaeque
1015 849 1161 876 omnes
1183 837 1332 890 gentes
1352 835 1544 890 insignia

194 896 236 934 et
268 894 532 935 monimenta
564 907 656 934 esse
688 894 926 947 voluerimt,
957 896 1105 935 noster
1137 893 1207 935 hic
1238 896 1542 948 praeposterus

194 953 428 1006 imperator
460 952 717 993 amissorum
750 953 1021 1006 oppidorum,
1058 966 1278 994 caesarum
1309 952 1542 1007 legionum,

192 1011 437 1065 provinciae
477 1011 691 1065 praesidio
731 1013 773 1052 et
811 1011 987 1065 reliquis
1025 1011 1237 1052 militibus
1277 1011 1453 1052 orbatae
1489 1012 1539 1053 ad
1563 1030 1596 1056 15

195 1070 503 1124 sempiternum
542 1069 720 1111 dedecus
759 1070 825 1111 sui
863 1069 1032 1124 generis
1071 1073 1113 1110 et
1149 1070 1336 1111 nominis
1371 1069 1542 1111 funesta

194 1129 351 1169 indicia
395 1128 639 1181 constituit,
683 1129 896 1183 idemque,
940 1131 989 1170 ut
1033 1131 1161 1183 esset,
1206 1129 1319 1183 quod
1362 1129 1408 1170 111
1446 1129 1543 1171 basi

193 1190 469 1241 tropaeorum
507 1187 685 1227 inscribi
723 1187 936 1241 incidique
968 1190 1132 1241 posset,
1170 1187 1459 1241 Dyrrachium
1492 1189 1542 1228 ut

192 1246 310 1286 venit
354 1246 577 1298 decedens,
624 1246 822 1286 obsessus
868 1247 933 1286 est
977 1246 1029 1286 ab
1074 1247 1128 1287 iis
1171 1246 1278 1300 ipsis
1315 1246 1540 1301 militibus,

195 1319 300 1358 quos
332 1304 460 1358 paulo
494 1306 591 1344 ante
624 1304 841 1358 Torquato
874 1304 1096 1358 respondit
1127 1304 1323 1345 beneficii
1356 1318 1484 1346 causa
1515 1319 1540 1346 a
1559 1325 1594 1349 20

123 1370 248 1413 (93)se
281 1377 372 1403 esse
405 1362 617 1403 dimissos.
676 1361 840 1410 Quibus
873 1377 969 1404 cum
1001 1363 1167 1404 iuratus
1195 1362 1455 1404 affirmasset
1483 1378 1540 1417 se,

194 1435 301 1475 quae
334 1421 600 1474 deberentur,
632 1423 805 1474 postero
836 1421 902 1461 die
928 1421 1261 1475 persoluturum,
1294 1422 1470 1463 domum
1495 1437 1540 1463 se

194 1479 376 1533 abdidit3
406 1480 504 1520 inde
536 1482 661 1520 nocte
694 1479 954 1533 intempesta
986 1481 1228 1534 crepidatus
1250 1483 1366 1521 veste
1394 1481 1540 1521 servili

192 1553 345 1579 navem
389 1538 636 1579 conscendit
678 1537 1040 1593 Brundisiumque
1084 1539 1238 1579 vitavit
1281 1541 1324 1580 et
1363 1539 1539 1580 ultimas

135 1606 177 1637 93
193 1596 402 1637 Hadriani
445 1597 576 1637 maris
622 1611 718 1638 oras
761 1597 931 1650 petivit,
977 1612 1073 1638 cum
1110 1598 1284 1638 interim
1325 1596 1540 1651 Dyrrachi
1559 1616 1595 1642 25

192 1655 352 1696 milites
385 1655 570 1709 domum,
601 1655 647 1696 in
679 1669 763 1709 qua
793 1655 924 1696 istum
954 1670 1045 1697 esse
1072 1656 1396 1710 arbitrarentur,
1429 1657 1540 1698 obsi-

192 1715 289 1755 dere
316 1716 548 1768 coeperunt
574 1716 626 1767 et,
654 1728 750 1755 cum
775 1714 907 1755 latere
934 1714 1151 1756 hominem
1177 1717 1391 1769 putarent,
1417 1716 1538 1770 ignes

193 1772 572 1814 circumdederunt.
636 1772 729 1821 Quo
774 1775 890 1814 metu
930 1774 1120 1814 conmoti
1152 1772 1413 1828 Dyrrachini
1443 1788 1540 1828 pro-

191 1831 355 1886 fuoisse
401 1833 532 1873 noctu
577 1831 842 1885 crepidatum
885 1832 1190 1886 imperatorem
1232 1832 1538 1874 indicaverunt.

191 1888 264 1931 1111
314 1892 458 1930 autem
508 1892 696 1931 statuam
746 1890 871 1931 istius
921 1891 1202 1945 persimilem,
1253 1906 1381 1945 quam
1423 1893 1538 1932 stare
1558 1910 1593 1935 30

193 1948 469 1990 celeberrimo
507 1949 553 1989 in
588 1949 683 1990 loco
723 1949 934 2002 v·olue1at,
978 1964 1031 1991 ne
1069 1949 1314 1990 suavissimi
1350 1950 1538 1991 hominis

192 2007 399 2048 memoria
430 2010 679 2060 mor··,eietui
712 1983 954 2060 deturbant,
985 2007 1197 2063 affligunt,
1231 2008 1538 2060 comminuunt,

192 2065 413 2119 dissipant.
484 2064 555 2107 Sic
593 2041 755 2119 odiiim,
795 2066 907 2120 quod
944 2041 989 2107 in
1025 2067 1168 2121 ipsum
1207 2067 1457 2119 attulerant,
1493 2066 1538 2107 id

134 2123 237 2164 94111
274 2124 364 2164 eius
402 2124 636 2179 imaginem
673 2138 721 2165 ac
755 2125 1033 2166 simulacrum
1063 2125 1356 2179 profuderunt.
1419 2123 1536 2173 Quae

194 2195 289 2222 cum
320 2182 381 2222 ita
413 2183 500 2223 sint
533 2181 637 2237 (non
668 2182 782 2224 enim
814 2184 975 2238 dubito,
1008 2184 1122 2238 quin,
1155 2197 1251 2224 cum
1279 2183 1395 2236 haec,
1428 2198 1536 2237 quae
1556 2200 1590 2226 35

194 2240 423 2294 excellunt,
473 2256 540 2281 me
582 2255 709 2282 nosse
752 2241 915 2295 videas,
961 2256 1049 2283 non
1091 2241 1308 2283 existimes
1352 2241 1538 2283 mediam

193 2297 311 2337 illam
343 2301 510 2351 partem
543 2302 584 2339 et
616 2300 789 2340 turbam
820 2300 1085 2354 flagitiorum
1112 2302 1286 2341 tuorum
1311 2299 1419 2341 mihi
1445 2315 1537 2342 esse
