1671 2543
184 127 269 168 110
566 124 659 160 PRO
687 124 734 158 M.
763 122 936 158 CAELIO
964 122 1155 160 ORATIO.

185 234 400 276 celebrata
419 233 688 275 sermonibus
709 246 776 272 res
798 232 874 272 est.
917 230 1147 285 Percipitis
1168 230 1335 284 animis,
1355 229 1529 275 iudices.

185 294 272 334 iam
303 293 478 346 dudum,
511 291 612 346 quid
643 290 772 332 velim
803 288 1045 344 vel'potius
1078 289 1180 343 quid
1209 288 1347 330 nolim
1377 288 1529 330 dicere.

187 351 311 401 Quod
360 351 529 392 etiamsi
581 352 647 390 est
689 348 869 402 factum,
919 350 1033 389 certe
1077 362 1101 388 a
1145 346 1290 389 Caelio
1333 361 1420 388 non
1462 349 1529 388 est

188 409 308 465 (quid
351 409 464 450 enim
507 406 753 461 attinebat);
797 409 864 447 est
907 407 1020 447 enim
1063 406 1116 447 ab
1164 406 1308 461 aliquo
1345 404 1528 447 fortasse

187 469 454 510 adulescente
502 481 589 508 non
640 469 729 507 tam
772 465 935 506 insulso
981 479 1109 519 quam
1149 479 1238 505 non
1279 464 1529 505 verecundo.
1565 476 1582 502 5

190 527 266 569 Sin
304 529 447 568 autem
485 529 550 566 est
586 525 753 577 fictum,
796 538 884 565 non
920 523 1027 564 illud
1065 522 1236 578 quidem
1273 523 1529 575 modestum,

189 586 262 627 sed
298 588 445 626 tamen
482 587 548 625 est
580 598 668 624 non
699 581 932 624 infacetum
963 581 1252 635 mendacium3
1290 581 1403 635 quod
1433 595 1530 635 pro-

187 644 301 686 fecto
332 656 565 697 numquam
595 641 820 683 hominum
846 655 985 682 sermo
1012 643 1140 695 atque
1166 639 1311 694 opinio
1338 653 1530 693 compro-

189 704 347 756 basset,
376 701 462 742 nisi
495 701 649 754 omnia,
682 713 789 755 quae
822 714 918 741 cum
949 699 1216 752 turpitudine
1249 698 1392 753 aliqua
1422 697 1529 739 dice-

189 764 353 814 rentur,
384 760 429 800 in
460 759 589 801 istam
622 758 828 813 quadrare
861 760 958 812 apte
989 757 1245 798 viderentur.
1549 770 1582 794 ιο

131 826 175 858 70
278 818 407 860 Dicta
438 821 503 859 est
535 832 559 858 a
590 832 657 858 me
691 831 836 870 causa,
873 816 1051 869 iudices,
1089 818 1133 857 et
1163 817 1375 869 perorata.
1436 813 1531 855 Iam

189 877 461 932 intellegitis,
495 880 702 931 quantum
732 875 938 917 iudicium
971 874 1238 927 sustineatis,
1271 875 1432 928 quanta
1462 887 1530 913 res

190 937 248 977 sit
285 936 514 978 commissa
551 934 686 976 vobis.
752 933 817 975 De
855 934 898 975 vi
936 933 1153 988 quaeritis.
1217 932 1334 981 Quae
1371 932 1441 973 lex
1478 931 1531 972 ad

189 994 430 1049 imperium,
463 994 514 1035 ad
546 994 830 1046 maiestatem,
862 992 914 1033 ad
947 994 1110 1033 statum
1134 991 1312 1045 patriae,
1344 990 1397 1031 ad
1423 989 1533 1032 salu-

190 1057 278 1094 tem
312 1053 502 1094 omnium
531 1052 731 1106 pertinet,
764 1065 891 1106 quam
917 1051 1056 1105 legem
1084 1049 1132 1099 Q.
1159 1049 1338 1092 Catulus
1365 1051 1532 1090 armata
1551 1063 1584 1088 15

190 1112 453 1153 dissensione
492 1111 649 1152 civium
687 1110 748 1151 rei
785 1109 983 1163 publicae
1021 1123 1154 1163 paene
1193 1108 1396 1149 extremis
1427 1110 1532 1148 tem-

189 1171 368 1225 poribus
406 1169 525 1223 tulit,
564 1183 754 1223 quaeque
792 1169 861 1208 lex
896 1168 1043 1208 sedata
1074 1167 1150 1208 illa
1180 1167 1354 1207 flamma
1385 1180 1533 1207 consu-

190 1229 305 1270 latus
332 1228 416 1269 mei
442 1227 650 1268 fumantis
677 1226 880 1280 reliquias
908 1226 1217 1267 coniurationis
1238 1225 1434 1278 extinxit,
1459 1224 1532 1265 ha-

192 1288 284 1328 cine
310 1287 404 1341 lege
427 1285 545 1328 Caeli
571 1285 860 1326 adulescentia
884 1299 971 1325 non
991 1284 1043 1324 ad
1062 1284 1124 1324 rei
1143 1283 1341 1338 publicae
1360 1296 1532 1337 poenas,

149 1329 176 1369 Ο
191 1346 264 1387 sed
290 1346 342 1386 ad
367 1344 559 1385 mulieris
584 1343 785 1384 libidines
811 1346 854 1384 et
879 1342 1052 1383 delicias
1072 1342 1346 1396 deposcitur?
1387 1341 1530 1395 Atque
1551 1357 1585 1381 20

133 1390 272 1445 71hoc
310 1403 441 1444 etiam
478 1402 572 1444 loco
612 1401 668 1442 M.
709 1401 903 1443 Camurti
941 1404 984 1441 et
1021 1400 1066 1442 C.
1097 1400 1278 1442 Aeserni
1312 1399 1531 1440 damnatio

191 1461 473 1516 praedicatur.
545 1459 579 1502 O
627 1460 914 1501 stultitiamne
957 1459 1097 1500 dicam
1140 1473 1195 1500 an
1237 1458 1533 1512 inpudentiam

191 1520 470 1574 singularem!
532 1518 787 1571 Audetisne,
826 1533 921 1560 cum
960 1518 1013 1559 ab
1049 1531 1098 1558 ea
1129 1517 1306 1558 muliere
1337 1516 1533 1570 veniatis,

191 1579 329 1619 facere
367 1578 551 1619 istorum
586 1577 810 1618 hominum
842 1576 1132 1617 mentionem?
1172 1575 1393 1617 audetisne
1425 1575 1534 1616 exci-

192 1641 284 1678 tare
334 1637 446 1677 tanti
495 1635 651 1691 flagitii
699 1635 951 1676 memoriam
998 1649 1087 1675 non
1133 1634 1368 1675 extinctam
1410 1633 1532 1674 illam
1551 1648 1584 1673 25

194 1695 377 1749 quidem,
409 1694 483 1736 sed
514 1708 754 1748 repressam
784 1693 1029 1734 vetustate?
1093 1692 1186 1742 Quo
1220 1693 1334 1733 enim
1364 1692 1431 1733 illi
1457 1691 1534 1733 cri-

192 1754 306 1795 mine
349 1755 610 1808 peccatoque
653 1752 901 1807 perierunt?
975 1750 1141 1805 Nempe
1185 1751 1298 1805 quod
1343 1750 1533 1792 eiusdem

193 1812 385 1853 mulieris
417 1811 608 1853 dolorem
642 1814 685 1852 et
715 1810 916 1851 iniuriam
947 1809 1154 1851 Vettiano
1185 1809 1350 1850 nefario
1382 1811 1532 1862 stupro

194 1873 295 1912 sunt
337 1869 564 1924 persecuti.
631 1869 749 1924 Ergo
792 1872 842 1910 ut
880 1869 1099 1910 audiretur
1135 1867 1258 1908 Vetti
1295 1881 1453 1909 nomen
1488 1866 1535 1907 in

195 1943 339 1982 causa,
371 1932 420 1969 ut
450 1928 526 1969 illa
557 1930 680 1969 vetus
713 1928 877 1968 aeraria
906 1926 1055 1968 fabula
1085 1926 1343 1979 reficeretur,
1373 1925 1532 1966 idcirco
1553 1940 1586 1966 30

196 1987 390 2029 Camurti
434 1990 477 2028 et
514 1986 695 2028 Aeserm'
733 1989 800 2027 est
838 1999 965 2027 causa
1003 1985 1237 2026 renovata?
1282 1983 1356 2038 qui
1390 1997 1535 2037 quam—

197 2061 324 2099 quam
360 2045 455 2100 lege
494 2045 543 2087 de
582 2045 624 2086 vi
663 2048 776 2086 certe
810 2059 898 2086 non
928 2043 1204 2097 tenebantur,
1241 2056 1291 2083 eo
1323 2041 1534 2082 maleficio

196 2108 341 2145 tamen
389 2107 511 2144 erant
560 2103 775 2157 inplicati,
823 2106 872 2143 ut
922 2117 973 2143 ex
1014 2101 1174 2143 nullius
1216 2100 1325 2155 legis
1369 2098 1536 2153 laqueis

139 2170 180 2200 72
197 2162 420 2203 emittendi
463 2161 719 2203 viderentur.
788 2160 844 2201 M.
887 2175 988 2202 vero
1034 2158 1204 2202 Caelius
1249 2172 1323 2200 cur
1364 2157 1411 2198 in
1450 2161 1534 2198 hoc

196 2220 400 2261 iudicium
448 2220 655 2261 vocatur?
706 2218 773 2260 cui
822 2233 959 2272 neque
1002 2217 1226 2272 proprium
1270 2215 1533 2270 quaestionis
1553 2231 1587 2256 35

197 2278 359 2318 crimen
390 2277 576 2319 obicitur
606 2292 683 2319 nec
714 2291 813 2318 vero
847 2277 1020 2331 aliquod
1052 2276 1142 2317 eius
1174 2274 1301 2327 modi,
1335 2273 1448 2327 quod
1477 2273 1534 2314 sit

197 2351 222 2376 a
253 2336 350 2391 lege
383 2334 641 2390 seiunctum,
680 2350 776 2377 cum
807 2338 951 2377 vestra
981 2333 1209 2376 severitate
1242 2332 1536 2383 coniunctum3
