1671 2543
535 101 635 138 CAP.
663 106 754 137 2-—4
779 106 798 144 g
824 106 949 137 5—11.
1332 102 1416 142 347

73 226 202 266 quam
240 211 285 252 in
323 210 548 265 promissis
588 212 631 251 et
668 209 749 250 fide
788 209 1034 250 firmiorem.
1096 208 1160 249 Tu
1198 207 1315 249 illius
1348 209 1418 249 do-

72 284 190 313 mum
228 269 356 324 inire,
394 271 442 310 tu
476 271 598 310 vetus
630 268 869 322 hospitium
902 281 1106 308 renovare
1138 266 1335 320 voluisti3
1375 269 1417 307 te

73 330 163 370 eius
201 328 243 369 di
281 330 459 382 penates
498 329 771 381 acceperunt,
810 329 852 366 te
892 326 1077 367 amicum
1116 327 1160 366 et
1197 325 1418 379 placatum

75 386 307 439 [Deiotari]
354 386 468 442 regis
513 400 609 427 arae
653 385 822 438 focique
867 384 1075 425 viderunt.
1144 382 1252 426 Cum
1290 383 1452 424 facile9

38 445 205 499 ⁵orari,
244 444 419 499 Caesar,
457 447 549 486 tum
587 444 718 485 semel
757 443 923 484 exorari
963 443 1088 484 soles.
1148 440 1289 483 Nemo
1327 456 1417 483 um-

75 518 203 558 quam
240 506 284 544 te
321 503 510 557 placavit
547 503 765 555 inimicus,
804 501 876 555 qui
915 501 1025 542 ullas
1057 500 1265 542 resedisse
1296 500 1343 541 in
1373 503 1416 541 te

74 561 312 604 simultatis
362 562 565 616 reliquias
617 560 810 602 senserit.
886 560 1157 613 Quamquam
1204 558 1272 600 cui
1316 561 1417 600 sunt

73 621 292 662 inauditae
337 634 434 662 cum
471 619 678 661 Deiotaro
718 618 931 673 querellae
970 617 1099 659 tuae‘?
1166 616 1416 671 Numquam

75 682 122 720 tu
153 679 277 720 illum
311 678 567 720 accusavisti
598 681 647 719 ut
672 678 855 729 hostem,
888 677 959 718 sed
986 679 1035 717 ut
1062 676 1247 717 amicum
1273 675 1415 716 officio

23 749 57 774 10
75 752 227 792 parum
259 737 468 791 functum,
502 737 615 790 quod
646 736 900 790 propensior
929 735 974 776 in
1004 733 1078 776 Cn.
1105 733 1284 787 Pompei
1317 733 1419 774 ami-

75 796 222 838 citiam
271 795 428 837 fuisset
477 810 606 849 quam
651 795 695 835 in
740 797 878 848 tuam,
929 793 996 834 cui
1040 796 1186 833 tamen
1228 791 1313 845 ipsi
1356 791 1419 833 rei

74 854 244 895 veniam
269 857 312 895 te
339 854 537 895 daturum
562 853 694 894 fuisse
722 852 905 905 dicebas,
932 852 966 892 si
994 854 1088 892 tum
1115 850 1275 891 auxilia
1294 849 1419 890 Pom-

73 913 170 967 peio
202 913 269 954 vel
302 912 337 954 si
371 912 503 953 etiam
534 912 672 952 filium
701 911 903 963 misisset,
935 910 1026 963 ipse
1061 909 1216 950 aetatis
1250 921 1419 949 excusa-

75 971 193 1012 tione
231 985 333 1012 usus
373 973 499 1011 esset.
561 969 630 1010 Ita
669 983 763 1010 cum
796 968 995 1009 maximis
1029 982 1126 1008 eum
1157 966 1284 1007 rebus
1316 966 1478 1011 libe-10

23 1041 56 1067 1⁵
76 1043 205 1084 rares,
230 1043 485 1083 perparvam
511 1028 725 1069 amicitiae
748 1027 916 1080 culpam
936 1025 1220 1079 relinquebas.
1258 1023 1488 1078 Itaqueuo)

75 1102 163 1129 non
194 1087 334 1129 solum
365 1087 410 1127 in
436 1101 533 1128 eum
559 1100 646 1127 non
673 1084 1028 1134 animadvertisti,
1061 1083 1133 1124 sed
1161 1082 1276 1124 omni
1303 1084 1419 1123 metu

76 1145 329 1199 liberavisti,
348 1145 565 1199 hospitem
586 1144 815 1199 agnovisti,
835 1156 981 1198 regem
1001 1141 1229 1195 reliquisti.
1268 1140 1416 1194 Neque

77 1204 199 1259 enim¹
239 1204 312 1245 ille
353 1203 449 1244 odio
489 1203 554 1244 tui
588 1215 843 1257 progressus
883 1203 966 1254 est,
1014 1200 1087 1241 sed
1126 1214 1269 1240 errore
1309 1213 1420 1240 com·

78 1262 197 1304 muni
233 1262 380 1316 lapsus
420 1265 496 1302 est.
558 1260 601 1301 Is
640 1275 732 1315 rex,
771 1274 897 1314 quem
925 1261 1099 1300 senatus
1132 1258 1214 1299 hoc
1245 1257 1420 1298 nomine

25 1334 59 1359 ιο
80 1335 205 1374 saepe
229 1319 678 1362 honorificentissimis
706 1318 888 1360 decretis
915 1316 1231 1371 appellavisset,
1262 1315 1419 1369 quique

78 1379 202 1420 illum
235 1379 427 1420 ordinem
460 1379 512 1419 ab
546 1377 836 1418 adulescentia
869 1375 1175 1431 gravissimum
1202 1373 1420 1415 sanctissi-

78 1451 281 1491 mumque
314 1437 517 1490 duxisset,
550 1436 687 1477 isdem
719 1436 846 1476 rebus
879 1436 944 1475 est
975 1433 1255 1488 perturbatus
1288 1432 1418 1473 homo

78 1495 341 1550 longinquus
386 1498 429 1536 et
474 1494 733 1549 alienigena,
781 1493 935 1547 quibus
980 1506 1059 1532 nos
1103 1491 1147 1531 in
1191 1490 1331 1531 media
1375 1503 1420 1530 re

80 1553 254 1608 publica
284 1553 378 1593 nati
409 1567 660 1606 semperque
693 1551 864 1593 versati.
915 1549 1024 1591 Cum
1053 1549 1220 1590 audiret
1247 1550 1420 1588 senatus

27 1631 62 1657 25
82 1610 390 1653 consentientis
441 1611 699 1651 auctoritate
750 1623 869 1650 arma
920 1610 1110 1660 sumpta,
1161 1606 1421 1658 consulibus,

81 1669 373 1724 praetoribus,
405 1668 591 1708 tribunis
623 1667 774 1721 plebis,
805 1666 931 1707 nobis
964 1664 1300 1717 imperatoribus
1332 1677 1422 1703 rem

82 1727 301 1782 publicam
327 1725 633 1766 defendendam
660 1725 816 1777 datam,
843 1723 1096 1764 movebatur
1123 1722 1265 1761 animo
1293 1723 1336 1761 et
1359 1720 1423 1760 vir

82 1785 183 1826 huic
227 1784 407 1838 imperio
453 1783 738 1824 amicissimus
784 1782 833 1822 de
879 1781 1016 1821 salute
1053 1779 1203 1833 populi
1237 1778 1421 1819 Romani

85 1843 405 1895 extimescebat,
439 1841 485 1881 in
517 1855 600 1894 qua
633 1841 762 1881 etiam
795 1853 917 1880 suam
948 1851 1040 1879 esse
1072 1837 1283 1877 inclusam
1313 1836 1424 1876 vide-

31 1920 67 1946 so
86 1903 173 1942 bat.
232 1900 282 1941 In
315 1913 482 1941 summo
515 1902 661 1939 tamen
692 1898 848 1938 timore
881 1895 1184 1950 quiescendum
1217 1894 1299 1934 sibi
1332 1907 1424 1934 esse

86 1959 391 2001 arbitrabatur.
442 1956 627 1997 Maxime
654 1970 753 1996 vero
779 1954 1057 2009 perturbatus
1084 1955 1161 2005 est,
1187 1955 1236 1992 ut
1262 1951 1446 1992 audivit·

87 2017 284 2059 consules
314 2031 365 2057 ex
390 2015 519 2056 Italia
544 2013 787 2068 profugisse
814 2025 1045 2065 omnesque
1072 2010 1317 2052 consulares
1346 2008 1425 2063 (sic

88 2076 202 2117 enim
229 2075 266 2115 ei
292 2071 605 2126 nuntiabatur),
632 2074 832 2113 cunctum
859 2072 1069 2123 senatum,
1094 2071 1234 2109 totam
1253 2066 1426 2108 Italiam

89 2148 181 2175 esse
208 2133 397 2174 effusam.
437 2131 614 2171 Talibus
641 2129 754 2170 enim
779 2128 942 2170 nuntiis
970 2130 1013 2168 et
1039 2126 1284 2168 rumoribus
1310 2127 1427 2178 pate-

35 2208 69 2235 ³5
89 2192 164 2232 bat
207 2191 259 2232 ad
305 2191 513 2232 orientem
554 2188 640 2241 via,
683 2201 761 2228 nec
798 2187 875 2227 ulli
915 2186 1003 2226 veri
1042 2184 1426 2238 subsequebantur.

89 2249 210 2290 Nihil
245 2249 317 2289 ille
350 2249 399 2289 de
433 2246 755 2289 condicionibus
788 2244 893 2298 tuis,
930 2243 1040 2284 nihil
1072 2242 1122 2283 de
1155 2241 1298 2283 studio
1331 2255 1427 2283 con-

90 2307 257 2348 cordiae
290 2310 334 2347 et
365 2306 501 2360 pacis,
535 2304 641 2346 nihil
677 2303 727 2344 de
759 2301 1076 2351 conspiratione
1109 2299 1311 2341 audiebat
1343 2313 1430 2340 cer-

1435 1532 1462 1571 4

1439 1591 1477 1621 11
