1671 2543
175 102 262 144 370
358 101 411 137 IN
436 101 485 138 M.
513 100 771 137 ANTONIUM
798 99 975 136 ORATIO
1001 99 1272 136 PHILIPPICA
1298 99 1315 134 I

176 225 317 253 meam
363 211 512 265 [quam
555 209 600 251 in
643 223 688 250 re
726 208 900 264 publica
935 222 1103 263 semper
1140 207 1298 261 habui]
1337 210 1530 261 tenuero,

175 270 220 312 id
258 272 324 311 est
363 269 399 311 si
431 269 583 323 libere,
622 282 730 323 quae
764 268 948 309 sentiam
981 267 1031 308 de
1063 280 1109 308 re
1140 266 1332 321 publica,
1369 265 1530 319 dixero,

176 328 366 383 primum
404 328 626 391 deprecor,
669 341 723 369 ne
761 326 991 380 irascatur,
1036 325 1205 380 deinde,
1250 325 1286 366 si
1322 325 1406 367 hoc
1441 338 1530 366 11011

175 388 376 453 impetr,o
407 389 522 441 peto,
553 388 603 427 ut
635 385 696 428 sic
727 385 940 427 irascatur
965 360 1015 426 111
1042 384 1136 426 civi.
1193 384 1342 426 Armis
1367 385 1529 437 utatur,

178 446 215 488 si
252 447 315 488 ita
347 460 520 487 necesse
553 447 637 500 est,
669 447 719 486 ut
750 444 866 498 dicit,
900 444 966 485 sui
998 443 1252 485 defendendi
1285 457 1432 497 causa3
1462 441 1530 495 iis,
1566 457 1584 484 5

178 505 252 560 qui
278 520 356 559 pro
383 519 427 546 re
453 504 639 558 publica,
672 518 780 558 quae
805 503 913 558 ipsis
938 503 1032 544 visa
1058 505 1195 557 erunt,
1221 501 1420 556 dixerint,
1445 500 1532 542 ista

179 579 298 605 arma
334 578 387 605 ne
424 566 620 605 noceant.
683 562 795 612 Quid
830 562 911 604 hac
942 561 1237 616 postulatione
1270 560 1354 602 dici
1384 562 1532 615 potest

119 637 164 668 28
180 622 387 677 aequius?
428 622 604 675 Quodsi,
624 624 673 663 ut
693 621 807 662 mihi-
822 635 847 662 a
864 620 1122 676 quibusdam
1137 620 1228 661 eius
1242 618 1531 661 familiaribus

179 682 343 724 dictum
364 683 442 735 est,
463 681 602 722 omnis
625 695 733 735 eum,
755 694 863 734 quae
883 679 1069 721 habetur
1090 682 1241 721 contra
1260 678 1532 720 voluntatem

178 741 281 793 eius,
315 740 454 781 oratio
487 753 565 795 gra
594 739 678 781 iter
711 739 901 793 offendit,
933 738 1105 780 etiamsi
1136 737 1257 779 nulla
1287 737 1400 779 inest
1432 751 1529 778 6011-
1551 749 1586 776 1⁰

179 799 376 853 tumelia,
419 798 555 840 ferem
646 798 774 840 amici
810 800 1022 839 naturam.
1092 795 1175 838 Sed
1214 796 1327 838 idem
1363 795 1430 837 illi
1466 795 1532 836 ita

179 873 347 900 mecum
383 858 604 899 locuntur:
642 856 760 899 ‘Non
790 856 904 898 idem
935 856 1019 897 tibi
1051 855 1296 897 adversario
1330 853 1530 897 Caesaris

178 917 328 959 licebit
350 916 464 971 quod
483 916 634 958 Pisoni
655 915 832 969 socero',
853 918 896 956 et
917 915 1045 957 simul
1067 915 1300 956 admonent
1315 913 1532 968 quiddam,

181 976 296 1030 quod
340 975 604 1017 cavebimus:
648 974 754 1016 tNec
799 949 882 1016 eiit
924 973 1080 1015 iustior
1118 973 1164 1014 in
1208 975 1406 1014 senatum
1445 986 1534 1013 non

146 1034 377 1102 9176111611111
418 1034 560 1076 morbi
605 1048 735 1076 causa
779 1047 906 1088 quam
945 1031 1127 1074 mortis?
1197 1030 1279 1073 Sed
1317 1045 1394 1086 per
1430 1030 1531 1072 deos
1553 1043 1586 1070 1⁵

179 1093 459 1135 immortalis!
505 1117 559 1122 —-
605 1096 649 1134 16
690 1092 805 1134 6111111
834 1092 1037 1144 intuens,
1080 1090 1327 1144 Dolabella,
1371 1089 1445 1144 qui
1488 1103 1533 1131 es

182 1152 289 1193 mihi
312 1152 575 1205 carissimus,
595 1166 682 1193 non
701 1165 879 1205 possum
893 1150 1119 1204 utriusque
1134 1152 1328 1191 vestrum
1343 1162 1534 1190 errorem

181 1211 372 1252 reticere.
451 1209 587 1252 Credo
636 1210 750 1251 enim
796 1224 873 1251 vos
918 1209 1086 1250 nobiles
1132 1209 1330 1250 homines
1374 1220 1533 1262 magna

182 1269 392 1323 quaedam
430 1269 668 1323 spectantis
705 1283 792 1309 non
828 1268 1072 1322 pecuniam,
1111 1269 1160 1308 ut
1199 1267 1371 1320 quidam
1403 1265 1533 1306 nimis

182 1327 344 1369 creduli
376 1326 668 1380 suspicantur,
702 1341 809 1380 quae
843 1340 1010 1380 semper
1042 1326 1095 1366 ab
1130 1325 1397 1379 amplissimo
1432 1338 1532 1378 quo·
1553 1338 1588 1363 20

183 1400 264 1440 que
303 1384 628 1438 clarissimoque
667 1387 916 1438 contempta
953 1387 1036 1437 est,
1067 1397 1155 1425 non
1187 1397 1288 1437 opes
1320 1383 1533 1424 violentas

182 1447 226 1485 61
263 1444 423 1497 populo
457 1443 652 1484 Romano
692 1443 867 1484 minime
906 1442 1126 1483 ferendam
1158 1442 1420 1496 potentiam,
1460 1441 1534 1482 sed

183 1502 410 1544 caritatem
443 1502 600 1543 civium
633 1504 677 1542 et
703 1502 888 1556 gloriam
915 1501 1222 1555 concupivisse.
1278 1500 1361 1541 Est
1387 1502 1533 1542 autem

183 1560 323 1616 0NJ101ia
378 1560 472 1601 laus
522 1563 637 1601 recte
687 1559 903 1602 factorum
953 1573 1295 1614 magnoiumque
1345 1559 1391 1600 in
1440 1573 1531 1600 rem

181 1619 401 1674 publicam
433 1619 699 1672 11161110111111,
733 1633 839 1673 quae
874 1633 970 1660 cum
1003 1618 1156 1672 optimi
1189 1618 1406 1672 cuiusque,
1438 1620 1531 1658 tum
1551 1630 1586 1656 25

123 1686 168 1716 30
185 1678 316 1719 etiam
343 1678 636 1719 multitudinis
663 1677 916 1719 testimonio
944 1677 1264 1731 comprobatur.
1321 1676 1534 1730 Dicerem,

181 1736 426 1790 Dolabella,
473 1736 546 1791 qui
590 1739 705 1778 recte
743 1736 959 1777 factorum
996 1735 1163 1777 fructus
1201 1738 1332 1789 esset,
1369 1735 1454 1776 nisi
1490 1737 1534 1776 te

181 1798 353 1850 praeter
374 1798 540 1837 ceteros
561 1795 781 1849 paulisper
801 1809 893 1836 esse
910 1797 1135 1848 expertum
1149 1794 1348 1835 viderem.
1395 1793 1533 1842 Quem

182 1857 307 1908 potes
345 1854 561 1895 recmdari
592 1853 638 1894 in
668 1854 760 1894 vita
790 1853 997 1894 inluxisse
1036 1853 1118 1894 tibi
1151 1853 1264 1894 diem
1295 1852 1533 1905 laetiorem,

113 1012 166 1052 12

121 1071 165 1102 29

184 1926 313 1966 quam
346 1926 443 1954 cum
473 1912 645 1966 expiato
672 1911 779 1965 foro,
812 1912 1022 1966 dissipato
1050 1925 1260 1953 concursu
1287 1911 1533 1965 impiorum,
1552 1923 1588 1949 so

181 1971 450 2025 principibus
489 1970 663 2012 sceleris
695 1985 834 2024 poena
865 1970 1046 2011 adfectis
1092 1970 1227 2023 [,urbe
1259 1969 1456 2011 incendio
1489 1971 1534 2010 et
1652 1983 1655 2007 ι

184 2030 324 2070 caedis
375 2032 493 2070 metu
537 2029 739 2081 liberata]
787 2032 829 2070 te
875 2029 1049 2070 domum
1093 2028 1325 2082 recepisti?
1399 2026 1532 2069 Cuius

183 2088 363 2141 ordinis,
402 2088 522 2129 cuius
561 2088 750 2143 generis,
790 2087 910 2129 cuius
943 2087 1124 2141 denique
1156 2086 1355 2128 fortunae
1389 2085 1533 2126 studia

182 2149 276 2187 tum
320 2146 437 2187 laudi
482 2149 525 2187 et
569 2146 855 2202 gratulationi
898 2148 997 2187 tuae
1037 2160 1081 2187 se
1123 2159 1212 2187 non
1249 2143 1532 2199 optulerunt?

185 2203 297 2252 Quin
342 2204 449 2245 mihi
494 2204 643 2257 etiam,
693 2219 776 2258 quo
818 2207 992 2246 auctore
1031 2206 1074 2245 te
1111 2204 1156 2245 in
1193 2203 1262 2244 his
1299 2202 1426 2243 rebus
1465 2202 1583 2243 uti3⁵

184 2262 527 2316 arbitrabantur,
572 2266 614 2304 et
658 2263 823 2318 gratias
868 2263 970 2304 boni
1013 2262 1095 2303 viri
1139 2261 1327 2316 agebant
1370 2263 1414 2301 et
1455 2263 1532 2302 tuo

183 2320 356 2361 nomine
389 2321 733 2375 gratulabantur.
795 2321 1054 2374 Recordare,
1090 2333 1260 2374 quaeso,
1291 2318 1533 2367 Dolabella,
