1671 2543
559 81 660 118 CAP.
686 84 778 116 2—4
804 85 823 123 s
849 86 950 116 4—9.
1352 83 1435 124 537

96 206 330 247 pacemque
373 191 607 245 patiamur3
651 189 718 231 sin
755 190 892 231 otium
929 190 1215 232 incolumibus
1253 190 1307 231 iis
1346 205 1438 232 esse

96 251 264 293 nullum
289 253 445 305 potest,
470 249 679 291 laetemur
705 249 949 290 decertandi
976 249 1167 290 oblatam
1193 263 1285 290 esse
1306 248 1439 290 fortu-

96 324 209 351 nam.
269 309 361 351 Aut
399 308 513 350 enim
550 306 789 349 interfectis
827 307 913 348 illis
951 307 1142 349 fruemur
1178 307 1356 349 victrice
1394 322 1438 349 re

97 368 272 423 publica
316 370 391 409 aut
436 366 629 421 oppressi
668 365 800 420 (quod
839 381 963 408 omen
1001 369 1168 408 avertat
1205 365 1438 421 Iuppiterl)

61 442 78 468 5
99 428 136 468 si
166 442 255 469 non
287 427 456 481 spiritu,
487 428 533 467 at
562 425 738 466 virtutis
770 425 892 466 laude
925 425 1128 466 vivemus.

185 485 246 527 At
278 485 391 526 enim
421 499 501 526 nos
532 484 594 525 M.
614 484 803 537 Lepidus,
834 484 1069 538 imperator
1100 484 1269 538 iterum,
1299 484 1478 538 ponti-4

97 544 166 586 fex
203 544 434 598 maximus,
472 542 632 598 optime
669 542 863 597 proximo
903 542 1017 584 civili
1055 543 1168 584 bello
1209 543 1259 584 de
1290 557 1336 584 10
1366 557 1441 597 Ρ11-

96 603 211 645 blica
236 603 427 652 meritus,
459 602 511 643 ad
535 616 684 656 pacem
710 601 974 642 adhortatur.
1023 600 1196 642 Nullius
1224 601 1336 656 apud
1361 615 1441 652 me,

95 664 241 717 patres
267 661 512 715 conscripti,
542 660 778 702 auctoritas
804 660 941 701 maior
967 663 1033 701 est
1060 674 1187 714 quam
1213 659 1269 701 M.
1289 659 1442 714 Lepidi

45 735 78 760 10
95 721 163 763 vel
194 723 371 775 propter
402 719 536 774 ipsius
567 719 771 760 virtutem
796 719 863 760 vel
889 721 1066 773 propter
1091 718 1280 760 familiae
1307 719 1442 774 digni-

98 782 245 821 tatem.
294 779 518 821 Accedunt
548 778 696 820 eodem
729 778 866 818 multa
897 778 1066 832 privata
1097 791 1254 833 magna
1281 777 1370 818 eius
1396 777 1443 818 in

97 853 164 880 me
196 838 361 892 merita,
393 851 488 879 mea
520 837 728 891 quaedam
761 836 902 878 officia
933 837 977 877 in
1005 837 1139 877 illum.
1201 836 1440 877 Maximum

96 911 197 939 vero
229 897 319 938 eius
351 895 607 938 beneficium
637 910 827 949 numero,
860 895 971 949 quod
1003 895 1085 937 hoc
1111 895 1253 936 animo
1280 895 1326 936 in
1351 909 1442 936 rem

96 955 315 1011 publicam
346 958 424 1008 est,
456 969 563 1009 quae
595 954 702 995 mihi
734 955 822 995 vita
854 968 949 995 mea
982 968 1149 1008 semper
1179 953 1263 995 fuit
1293 953 1441 995 carior.

45 1028 78 1054 15
96 1014 211 1056 Nam
261 1028 358 1056 cum
400 1013 608 1069 Magnum
650 1012 920 1067 Pompeium,
970 1012 1257 1054 clarissimum
1304 1012 1478 1054 adule-8

98 1075 299 1127 scentem,
324 1072 688 1126 praestantissimi
713 1071 794 1112 viri
814 1071 962 1125 filium,
989 1072 1246 1113 auctoritate
1267 1071 1444 1112 adduxit

98 1133 151 1173 ad
182 1146 332 1186 pacem
363 1145 537 1184 remque
568 1130 784 1184 publicam
815 1130 904 1171 sine
931 1129 1060 1171 armis
1088 1130 1274 1172 maximo
1301 1130 1442 1171 civilis

97 1190 202 1232 belli
245 1190 435 1244 periculo
473 1189 692 1243 libeiavit,
736 1191 829 1229 tum
867 1203 933 1230 me
973 1189 1061 1229 eius
1098 1189 1306 1230 beneficio
1344 1188 1442 1243 plus

99 1263 228 1303 quam
276 1263 354 1313 pro
404 1248 519 1289 virili
561 1250 684 1302 parte
730 1247 971 1302 oblioatum
1014 1250 1134 1301 puto.
1202 1246 1355 1301 Itaque
1400 1250 1443 1288 et

46 1321 79 1346 20
97 1308 282 1349 honores
316 1307 354 1348 ei
386 1306 563 1359 decrevi,
597 1321 703 1360 quos
732 1306 855 1360 potui
881 1305 1183 1360 amplissimos,
1214 1305 1261 1347 111
1286 1305 1441 1360 quibus

98 1366 205 1407 mihi
236 1380 313 1407 vos
345 1365 450 1407 estis
480 1365 661 1418 adsensi,
692 1379 769 1406 nec
795 1379 999 1419 umquam
1024 1364 1074 1405 de
1099 1365 1175 1406 illo
1203 1367 1247 1406 et
1272 1379 1443 1419 sperare

100 1425 260 1478 optime
292 1427 336 1466 et
366 1424 485 1478 loqui
518 1399 677 1465 destiti.
739 1423 910 1478 Magnis
943 1426 985 1464 et
1014 1423 1162 1464 multis
1187 1423 1444 1478 pignoribus

97 1482 155 1524 M.
193 1482 402 1536 Lepidum
450 1497 518 1523 res
566 1482 740 1537 publica
788 1482 1018 1537 inligatum
1062 1484 1191 1522 tenet.
1267 1480 1445 1523 Summa

98 1541 304 1583 nobilitas
326 1543 405 1595 est,
427 1555 573 1582 omnes
592 1541 789 1595 honores,
810 1541 1124 1594 amplissimum
1145 1540 1445 1595 sacerdotium,

47 1614 81 1639 25
99 1599 286 1655 plurima
320 1599 439 1640 urbis
471 1602 738 1653 ornamenta,
776 1599 930 1653 ipsius,
966 1599 1115 1639 fratris
1147 1599 1444 1653 maiorumque

101 1660 392 1711 monumenta,
423 1657 731 1711 probatissima
760 1672 880 1711 uxor,
912 1657 1175 1711 optatissimi
1206 1657 1344 1710 liberi,
1375 1671 1443 1698 res

100 1717 328 1759 familiaris
355 1730 452 1757 cum
479 1716 631 1769 ampla,
663 1718 756 1756 tum
783 1718 902 1756 casta
927 1730 951 1756 a
978 1730 1126 1757 (1111010
1153 1715 1287 1770 civili3
1317 1729 1444 1756 nemo

102 1769 155 1818 ab
195 1790 243 1817 00
283 1774 386 1817 civis
424 1774 627 1827 violatus,
668 1774 795 1814 multi
832 1774 921 1814 eius
960 1774 1165 1815 beneficio
1204 1776 1248 1815 et
1283 1773 1446 1814 miseri-

103 1834 248 1877 cordia
277 1832 461 1874 liberati.
522 1832 638 1873 Talis
670 1832 805 1887 igitur
836 1832 901 1872 vir
930 1835 973 1873 et
999 1832 1103 1874 civis
1131 1832 1330 1886 opinione
1356 1832 1445 1873 labi

49 1895 266 1948 sopotest,
308 1892 530 1933 voluntate
568 1905 593 1932 a
629 1868 884 1944 re0p11bliea
921 1891 1124 1932 dissidere
1161 1891 1279 1932 nullo
1316 1893 1444 1945 pacto

102 1953 260 2006 potest.
319 1949 476 1991 Pacem
506 1949 599 1990 vult
629 1948 685 1990 M.
711 1949 909 2003 Lepidus.
970 1949 1212 2003 Praeclare,
1245 1949 1281 1990 si
1312 1949 1481 1990 taleme

102 2011 249 2064 potest
291 2008 477 2061 efficere,
521 2008 691 2062 qualem
733 2022 868 2061 nuper
909 2007 1066 2062 effecit,
1110 2022 1194 2062 qua
1228 2022 1332 2062 pace
1371 2006 1445 2050 Cn.

103 2067 282 2121 Pompei
318 2067 456 2107 filium
492 2080 559 2107 res
596 2066 770 2120 publica
808 2066 986 2120 aspiciet
1025 2081 1184 2120 suoque
1223 2066 1319 2107 sinu
1351 2080 1447 2107 con-

103 2126 314 2181 plexuque
346 2125 524 2179 recipiet
553 2139 690 2178 neque
723 2125 862 2166 solum
893 2125 1029 2178 illum,
1060 2125 1133 2166 sed
1166 2139 1262 2166 cum
1292 2124 1368 2165 illo
1402 2139 1446 2166 se

50 2185 244 2239 s5ipsam
282 2183 364 2225 sibi
401 2183 650 2224 restitutam
680 2183 864 2237 putabit.
924 2182 1043 2224 Haec
1075 2197 1203 2224 causa
1233 2183 1335 2237 fuit,
1373 2197 1448 2224 cur

104 2242 386 2284 decerneretis
420 2244 608 2283 statuam
638 2242 684 2282 in
714 2241 867 2283 rostris
901 2255 997 2282 cum
1024 2241 1303 2295 inscriptione
1328 2255 1447 2296 prae-

105 2301 232 2356 clara,
253 2315 326 2343 cur
347 2300 514 2342 absenti
536 2300 813 2354 triumphum.
853 2299 1122 2354 Quamquam
1140 2300 1253 2341 enim
1267 2313 1446 2355 magnas
