<?xml version="1.0" encoding="UTF-8"?>
<!DOCTYPE html PUBLIC "-//W3C//DTD XHTML 1.0 Transitional//EN"
    "http://www.w3.org/TR/xhtml1/DTD/xhtml1-transitional.dtd">
<html xmlns="http://www.w3.org/1999/xhtml" xml:lang="en" lang="en">
 <head>
  <title>
</title>
<meta http-equiv="Content-Type" content="text/html;charset=utf-8" />
  <meta name='ocr-system' content='tesseract 3.04.00' />
  <meta name='ocr-capabilities' content='ocr_page ocr_carea ocr_par ocr_line ocrx_word'/>
</head>
<body>
  <div class='ocr_page' id='page_1' title='image "./p3scriptaquaemanse02ciceuoft_0382.png"; bbox 0 0 1671 2543; ppageno 0'>
   <div class='ocr_carea' id='block_1_1' title="bbox 198 78 1184 130">
    <p class='ocr_par' dir='ltr' id='par_1_1' title="bbox 198 78 1184 130">
     <span class='ocr_line' id='line_1_1' title="bbox 198 78 1184 130; baseline -0.017 0"><span class='ocrx_word' id='word_1_1' title='bbox 198 89 285 130; x_wconf 79' lang='lat'>234</span> <span class='ocrx_word' id='word_1_2' title='bbox 544 83 636 118; x_wconf 82' lang='lat' dir='ltr'>PRO</span> <span class='ocrx_word' id='word_1_3' title='bbox 663 82 736 118; x_wconf 75' lang='lat' dir='ltr'>CN.</span> <span class='ocrx_word' id='word_1_4' title='bbox 763 79 968 116; x_wconf 83' lang='lat' dir='ltr'>PLANCIO</span> <span class='ocrx_word' id='word_1_5' title='bbox 995 78 1184 115; x_wconf 81' lang='lat' dir='ltr'><strong>ORATIO.</strong></span> 
     </span>
    </p>
   </div>
   <div class='ocr_carea' id='block_1_2' title="bbox 128 184 1594 2347">
    <p class='ocr_par' dir='ltr' id='par_1_2' title="bbox 197 184 1589 1184">
     <span class='ocr_line' id='line_1_2' title="bbox 197 184 1533 251; baseline -0.008 -14"><span class='ocrx_word' id='word_1_6' title='bbox 197 198 343 251; x_wconf 87' lang='lat' dir='ltr'>patres</span> <span class='ocrx_word' id='word_1_7' title='bbox 378 191 609 246; x_wconf 70' lang='lat' dir='ltr'>conscripti</span> <span class='ocrx_word' id='word_1_8' title='bbox 640 190 715 231; x_wconf 91' lang='lat' dir='ltr'>illo</span> <span class='ocrx_word' id='word_1_9' title='bbox 749 190 922 230; x_wconf 87' lang='lat' dir='ltr'>senatus</span> <span class='ocrx_word' id='word_1_10' title='bbox 949 187 1158 240; x_wconf 80' lang='lat' dir='ltr'>consulto,</span> <span class='ocrx_word' id='word_1_11' title='bbox 1191 185 1305 240; x_wconf 89' lang='lat' dir='ltr'>quod</span> <span class='ocrx_word' id='word_1_12' title='bbox 1329 184 1376 227; x_wconf 90' lang='lat' dir='ltr'>in</span> <span class='ocrx_word' id='word_1_13' title='bbox 1399 185 1533 227; x_wconf 88' lang='lat' dir='ltr'>moni-</span> 
     </span>
     <span class='ocr_line' id='line_1_3' title="bbox 198 244 1532 301; baseline -0.009 -5"><span class='ocrx_word' id='word_1_14' title='bbox 198 257 344 296; x_wconf 89' lang='lat' dir='ltr'>mento</span> <span class='ocrx_word' id='word_1_15' title='bbox 376 252 487 294; x_wconf 85' lang='lat' dir='ltr'>Mari</span> <span class='ocrx_word' id='word_1_16' title='bbox 523 251 687 291; x_wconf 81' lang='lat' dir='ltr'>factum</span> <span class='ocrx_word' id='word_1_17' title='bbox 722 250 806 301; x_wconf 90' lang='lat' dir='ltr'>est,</span> <span class='ocrx_word' id='word_1_18' title='bbox 844 261 927 301; x_wconf 89' lang='lat' dir='ltr'>quo</span> <span class='ocrx_word' id='word_1_19' title='bbox 960 261 1055 287; x_wconf 88' lang='lat' dir='ltr'>mea</span> <span class='ocrx_word' id='word_1_20' title='bbox 1086 245 1202 286; x_wconf 90' lang='lat' dir='ltr'>salus</span> <span class='ocrx_word' id='word_1_21' title='bbox 1235 244 1433 285; x_wconf 86' lang='lat' dir='ltr'>omnibus</span> <span class='ocrx_word' id='word_1_22' title='bbox 1466 246 1532 285; x_wconf 88' lang='lat' dir='ltr'>est</span> 
     </span>
     <span class='ocr_line' id='line_1_4' title="bbox 198 302 1533 368; baseline -0.01 -13"><span class='ocrx_word' id='word_1_23' title='bbox 198 312 400 368; x_wconf 85' lang='lat' dir='ltr'>gentibus</span> <span class='ocrx_word' id='word_1_24' title='bbox 428 307 736 361; x_wconf 84' lang='lat' dir='ltr'>commendata,</span> <span class='ocrx_word' id='word_1_25' title='bbox 766 305 840 347; x_wconf 83' lang='lat' dir='ltr'>uni</span> <span class='ocrx_word' id='word_1_26' title='bbox 867 304 940 347; x_wconf 88' lang='grc'>011.</span> <span class='ocrx_word' id='word_1_27' title='bbox 972 304 1147 345; x_wconf 79' lang='lat' dir='ltr'>Plancio</span> <span class='ocrx_word' id='word_1_28' title='bbox 1175 302 1338 358; x_wconf 84' lang='lat' dir='ltr'>gratias</span> <span class='ocrx_word' id='word_1_29' title='bbox 1364 302 1533 358; x_wconf 84' lang='lat' dir='ltr'>egerint</span> 
     </span>
     <span class='ocr_line' id='line_1_5' title="bbox 200 361 1532 426; baseline -0.008 -13"><span class='ocrx_word' id='word_1_30' title='bbox 200 371 327 426; x_wconf 81' lang='lat' dir='ltr'>(unus</span> <span class='ocrx_word' id='word_1_31' title='bbox 378 369 492 410; x_wconf 83' lang='lat' dir='ltr'>enim</span> <span class='ocrx_word' id='word_1_32' title='bbox 539 367 623 408; x_wconf 85' lang='lat' dir='ltr'>fuit</span> <span class='ocrx_word' id='word_1_33' title='bbox 672 365 722 406; x_wconf 90' lang='lat' dir='ltr'>de</span> <span class='ocrx_word' id='word_1_34' title='bbox 766 363 1094 419; x_wconf 85' lang='lat' dir='ltr'>magistratibus</span> <span class='ocrx_word' id='word_1_35' title='bbox 1139 361 1336 402; x_wconf 83' lang='lat' dir='ltr'>defensor</span> <span class='ocrx_word' id='word_1_36' title='bbox 1379 361 1532 403; x_wconf 87' lang='lat' dir='ltr'>salutis</span> 
     </span>
     <span class='ocr_line' id='line_1_6' title="bbox 198 420 1585 484; baseline -0.009 -13"><span class='ocrx_word' id='word_1_37' title='bbox 198 427 354 484; x_wconf 86' lang='lat' dir='ltr'>meae),</span> <span class='ocrx_word' id='word_1_38' title='bbox 392 427 460 469; x_wconf 90' lang='grc'>6111</span> <span class='ocrx_word' id='word_1_39' title='bbox 498 428 671 467; x_wconf 84' lang='lat' dir='ltr'>senatus</span> <span class='ocrx_word' id='word_1_40' title='bbox 709 437 786 478; x_wconf 90' lang='lat' dir='ltr'>pro</span> <span class='ocrx_word' id='word_1_41' title='bbox 825 437 893 464; x_wconf 91' lang='lat' dir='ltr'>me</span> <span class='ocrx_word' id='word_1_42' title='bbox 931 422 1093 477; x_wconf 88' lang='lat' dir='ltr'>gratias</span> <span class='ocrx_word' id='word_1_43' title='bbox 1133 420 1319 475; x_wconf 82' lang='lat' dir='ltr'>agendas</span> <span class='ocrx_word' id='word_1_44' title='bbox 1349 420 1532 475; x_wconf 85' lang='lat' dir='ltr'>putavit,</span> <span class='ocrx_word' id='word_1_45' title='bbox 1569 428 1585 455; x_wconf 78' lang='lat'><strong>5</strong></span> 
     </span>
     <span class='ocr_line' id='line_1_7' title="bbox 198 478 1533 542; baseline -0.007 -14"><span class='ocrx_word' id='word_1_46' title='bbox 198 488 237 528; x_wconf 92' lang='lat' dir='ltr'>ei</span> <span class='ocrx_word' id='word_1_47' title='bbox 270 501 349 542; x_wconf 88' lang='lat' dir='ltr'>ego</span> <span class='ocrx_word' id='word_1_48' title='bbox 383 500 407 527; x_wconf 90' lang='lat' dir='ltr'>a</span> <span class='ocrx_word' id='word_1_49' title='bbox 438 498 506 526; x_wconf 91' lang='lat' dir='ltr'>me</span> <span class='ocrx_word' id='word_1_50' title='bbox 537 483 802 525; x_wconf 78' lang='lat' dir='ltr'>referendam</span> <span class='ocrx_word' id='word_1_51' title='bbox 831 481 1017 536; x_wconf 88' lang='lat' dir='ltr'>gratiam</span> <span class='ocrx_word' id='word_1_52' title='bbox 1041 494 1128 521; x_wconf 89' lang='lat' dir='ltr'>non</span> <span class='ocrx_word' id='word_1_53' title='bbox 1153 478 1332 533; x_wconf 79' lang='lat' dir='ltr'>putem?</span> <span class='ocrx_word' id='word_1_54' title='bbox 1388 478 1533 532; x_wconf 88' lang='lat' dir='ltr'>Atque</span> 
     </span>
     <span class='ocr_line' id='line_1_8' title="bbox 197 537 1534 595; baseline -0.007 -8"><span class='ocrx_word' id='word_1_55' title='bbox 197 546 304 587; x_wconf 84' lang='lat' dir='ltr'>haec</span> <span class='ocrx_word' id='word_1_56' title='bbox 342 559 439 586; x_wconf 88' lang='lat' dir='ltr'>cum</span> <span class='ocrx_word' id='word_1_57' title='bbox 477 543 612 595; x_wconf 86' lang='lat' dir='ltr'>vides,</span> <span class='ocrx_word' id='word_1_58' title='bbox 651 555 734 595; x_wconf 87' lang='lat' dir='ltr'>quo</span> <span class='ocrx_word' id='word_1_59' title='bbox 773 554 840 581; x_wconf 90' lang='grc'>1116</span> <span class='ocrx_word' id='word_1_60' title='bbox 875 539 1049 580; x_wconf 88' lang='lat' dir='ltr'>tandem</span> <span class='ocrx_word' id='word_1_61' title='bbox 1079 538 1125 579; x_wconf 87' lang='lat' dir='ltr'>in</span> <span class='ocrx_word' id='word_1_62' title='bbox 1155 541 1198 578; x_wconf 90' lang='lat' dir='ltr'>te</span> <span class='ocrx_word' id='word_1_63' title='bbox 1231 537 1372 578; x_wconf 81' lang='lat' dir='ltr'>am&#39;mo</span> <span class='ocrx_word' id='word_1_64' title='bbox 1405 539 1534 591; x_wconf 86' lang='lat' dir='ltr'>putas</span> 
     </span>
     <span class='ocr_line' id='line_1_9' title="bbox 198 596 1535 658; baseline -0.007 -13"><span class='ocrx_word' id='word_1_65' title='bbox 198 618 309 658; x_wconf 88' lang='lat' dir='ltr'>esse,</span> <span class='ocrx_word' id='word_1_66' title='bbox 346 600 622 643; x_wconf 81' lang='lat' dir='ltr'>Laterensis?</span> <span class='ocrx_word' id='word_1_67' title='bbox 659 599 796 641; x_wconf 87' lang='lat' dir='ltr'>ullum</span> <span class='ocrx_word' id='word_1_68' title='bbox 830 612 921 640; x_wconf 87' lang='lat' dir='ltr'>esse</span> <span class='ocrx_word' id='word_1_69' title='bbox 952 600 1123 638; x_wconf 87' lang='lat' dir='ltr'>tantum</span> <span class='ocrx_word' id='word_1_70' title='bbox 1153 596 1409 651; x_wconf 88' lang='lat' dir='ltr'>periculum,</span> <span class='ocrx_word' id='word_1_71' title='bbox 1443 598 1535 636; x_wconf 87' lang='lat' dir='ltr'>tan-</span> 
     </span>
     <span class='ocr_line' id='line_1_10' title="bbox 198 657 1535 713; baseline -0.007 -10"><span class='ocrx_word' id='word_1_72' title='bbox 198 666 293 703; x_wconf 91' lang='lat' dir='ltr'>tum</span> <span class='ocrx_word' id='word_1_73' title='bbox 328 661 539 713; x_wconf 89' lang='lat' dir='ltr'>laborem,</span> <span class='ocrx_word' id='word_1_74' title='bbox 582 660 750 699; x_wconf 82' lang='lat' dir='ltr'>tantam</span> <span class='ocrx_word' id='word_1_75' title='bbox 789 657 1126 709; x_wconf 68' lang='lat' dir='ltr'>contentionem,</span> <span class='ocrx_word' id='word_1_76' title='bbox 1161 668 1293 709; x_wconf 80' lang='lat' dir='ltr'>quam</span> <span class='ocrx_word' id='word_1_77' title='bbox 1331 668 1409 709; x_wconf 86' lang='lat' dir='ltr'>ego</span> <span class='ocrx_word' id='word_1_78' title='bbox 1446 669 1535 695; x_wconf 91' lang='lat' dir='ltr'>non</span> 
     </span>
     <span class='ocr_line' id='line_1_11' title="bbox 198 712 1588 774; baseline -0.008 -12"><span class='ocrx_word' id='word_1_79' title='bbox 198 721 324 762; x_wconf 92' lang='lat' dir='ltr'>modo</span> <span class='ocrx_word' id='word_1_80' title='bbox 357 733 434 774; x_wconf 88' lang='lat' dir='ltr'>pro</span> <span class='ocrx_word' id='word_1_81' title='bbox 467 718 606 760; x_wconf 86' lang='lat' dir='ltr'>salute</span> <span class='ocrx_word' id='word_1_82' title='bbox 637 719 724 769; x_wconf 88' lang='lat' dir='ltr'>tua,</span> <span class='ocrx_word' id='word_1_83' title='bbox 757 715 831 757; x_wconf 90' lang='lat' dir='ltr'>sed</span> <span class='ocrx_word' id='word_1_84' title='bbox 863 715 995 756; x_wconf 90' lang='lat' dir='ltr'>etiam</span> <span class='ocrx_word' id='word_1_85' title='bbox 1022 728 1100 769; x_wconf 89' lang='lat' dir='ltr'>pro</span> <span class='ocrx_word' id='word_1_86' title='bbox 1127 713 1338 768; x_wconf 81' lang='lat' dir='ltr'>dignitate</span> <span class='ocrx_word' id='word_1_87' title='bbox 1365 712 1534 768; x_wconf 88' lang='lat' dir='ltr'>defuge-</span> <span class='ocrx_word' id='word_1_88' title='bbox 1555 724 1588 749; x_wconf 88' lang='lat'>10</span> 
     </span>
     <span class='ocr_line' id='line_1_12' title="bbox 197 771 1535 830; baseline -0.007 -10"><span class='ocrx_word' id='word_1_89' title='bbox 197 779 318 820; x_wconf 81' lang='lat' dir='ltr'>rem‘?</span> <span class='ocrx_word' id='word_1_90' title='bbox 358 777 456 826; x_wconf 82' lang='lat' dir='ltr'>&#39;Quo</span> <span class='ocrx_word' id='word_1_91' title='bbox 488 776 661 830; x_wconf 86' lang='lat' dir='ltr'>quidem</span> <span class='ocrx_word' id='word_1_92' title='bbox 686 775 818 816; x_wconf 89' lang='lat' dir='ltr'>etiam</span> <span class='ocrx_word' id='word_1_93' title='bbox 844 773 982 829; x_wconf 83' lang='lat' dir='ltr'>magis</span> <span class='ocrx_word' id='word_1_94' title='bbox 1009 787 1104 814; x_wconf 87' lang='lat' dir='ltr'>sum</span> <span class='ocrx_word' id='word_1_95' title='bbox 1128 787 1214 813; x_wconf 90' lang='lat' dir='ltr'>non</span> <span class='ocrx_word' id='word_1_96' title='bbox 1240 771 1379 812; x_wconf 84' lang='lat' dir='ltr'>dicam</span> <span class='ocrx_word' id='word_1_97' title='bbox 1404 771 1535 812; x_wconf 88' lang='lat' dir='ltr'>miser</span> 
     </span>
     <span class='ocr_line' id='line_1_13' title="bbox 200 827 1537 892; baseline -0.006 -14"><span class='ocrx_word' id='word_1_98' title='bbox 200 836 318 892; x_wconf 85' lang='lat' dir='ltr'>(nam</span> <span class='ocrx_word' id='word_1_99' title='bbox 361 836 443 877; x_wconf 87' lang='grc'>1106</span> <span class='ocrx_word' id='word_1_100' title='bbox 487 834 659 889; x_wconf 88' lang='lat' dir='ltr'>quidem</span> <span class='ocrx_word' id='word_1_101' title='bbox 701 833 906 875; x_wconf 88' lang='lat' dir='ltr'>abhorret</span> <span class='ocrx_word' id='word_1_102' title='bbox 946 847 971 873; x_wconf 93' lang='lat' dir='ltr'>a</span> <span class='ocrx_word' id='word_1_103' title='bbox 1007 831 1167 872; x_wconf 79' lang='lat' dir='ltr'>virtute</span> <span class='ocrx_word' id='word_1_104' title='bbox 1204 827 1418 885; x_wconf 86' lang='lat' dir='ltr'>verbum),</span> <span class='ocrx_word' id='word_1_105' title='bbox 1461 829 1537 871; x_wconf 89' lang='lat' dir='ltr'>sed</span> 
     </span>
     <span class='ocr_line' id='line_1_14' title="bbox 200 888 1535 947; baseline -0.006 -11"><span class='ocrx_word' id='word_1_106' title='bbox 200 898 314 937; x_wconf 86' lang='lat' dir='ltr'>certe</span> <span class='ocrx_word' id='word_1_107' title='bbox 327 894 551 947; x_wconf 84' lang='lat' dir='ltr'>exercitus,</span> <span class='ocrx_word' id='word_1_108' title='bbox 564 907 651 934; x_wconf 89' lang='lat' dir='ltr'>non</span> <span class='ocrx_word' id='word_1_109' title='bbox 666 892 766 946; x_wconf 83' lang='lat' dir='ltr'>quia</span> <span class='ocrx_word' id='word_1_110' title='bbox 780 891 929 933; x_wconf 86' lang='lat' dir='ltr'>multis</span> <span class='ocrx_word' id='word_1_111' title='bbox 944 890 1077 931; x_wconf 84' lang='lat' dir='ltr'>debeo</span> <span class='ocrx_word' id='word_1_112' title='bbox 1095 888 1205 945; x_wconf 82' lang='lat' dir='ltr'>(leve</span> <span class='ocrx_word' id='word_1_113' title='bbox 1217 889 1330 930; x_wconf 90' lang='lat' dir='ltr'>enim</span> <span class='ocrx_word' id='word_1_114' title='bbox 1344 890 1411 930; x_wconf 89' lang='lat' dir='ltr'>est</span> <span class='ocrx_word' id='word_1_115' title='bbox 1428 903 1535 930; x_wconf 86' lang='lat' dir='ltr'>onus</span> 
     </span>
     <span class='ocr_line' id='line_1_15' title="bbox 197 947 1536 1008; baseline -0.005 -14"><span class='ocrx_word' id='word_1_116' title='bbox 197 953 393 995; x_wconf 88' lang='lat' dir='ltr'>beneficii</span> <span class='ocrx_word' id='word_1_117' title='bbox 419 950 592 1008; x_wconf 80' lang='lat' dir='ltr'>gratia),</span> <span class='ocrx_word' id='word_1_118' title='bbox 624 952 697 992; x_wconf 86' lang='lat' dir='ltr'>sed</span> <span class='ocrx_word' id='word_1_119' title='bbox 730 950 830 1005; x_wconf 86' lang='lat' dir='ltr'>quia</span> <span class='ocrx_word' id='word_1_120' title='bbox 859 963 983 1003; x_wconf 86' lang='lat' dir='ltr'>saepe</span> <span class='ocrx_word' id='word_1_121' title='bbox 1017 950 1277 990; x_wconf 86' lang='lat' dir='ltr'>concurrunt</span> <span class='ocrx_word' id='word_1_122' title='bbox 1302 947 1332 1001; x_wconf 86' lang='lat'>†</span> <span class='ocrx_word' id='word_1_123' title='bbox 1358 949 1536 1002; x_wconf 87' lang='lat' dir='ltr'>propter</span> 
     </span>
     <span class='ocr_line' id='line_1_16' title="bbox 199 1006 1589 1066; baseline -0.005 -13"><span class='ocrx_word' id='word_1_124' title='bbox 199 1012 443 1066; x_wconf 84' lang='lat' dir='ltr'>aliquorum</span> <span class='ocrx_word' id='word_1_125' title='bbox 473 1011 581 1051; x_wconf 88' lang='lat' dir='ltr'>bene</span> <span class='ocrx_word' id='word_1_126' title='bbox 614 1010 664 1050; x_wconf 89' lang='lat' dir='ltr'>de</span> <span class='ocrx_word' id='word_1_127' title='bbox 696 1024 763 1050; x_wconf 90' lang='grc'>1116</span> <span class='ocrx_word' id='word_1_128' title='bbox 795 1008 1048 1050; x_wconf 89' lang='lat' dir='ltr'>meritorum</span> <span class='ocrx_word' id='word_1_129' title='bbox 1079 1007 1192 1048; x_wconf 87' lang='lat' dir='ltr'>inter</span> <span class='ocrx_word' id='word_1_130' title='bbox 1219 1006 1337 1060; x_wconf 90' lang='lat' dir='ltr'>ipsos</span> <span class='ocrx_word' id='word_1_131' title='bbox 1365 1008 1536 1047; x_wconf 84' lang='lat' dir='ltr'>conten—</span> <span class='ocrx_word' id='word_1_132' title='bbox 1556 1015 1589 1042; x_wconf 86' lang='lat'>15</span> 
     </span>
     <span class='ocr_line' id='line_1_17' title="bbox 200 1064 1538 1125; baseline -0.005 -13"><span class='ocrx_word' id='word_1_133' title='bbox 200 1071 353 1125; x_wconf 90' lang='lat' dir='ltr'>tiones,</span> <span class='ocrx_word' id='word_1_134' title='bbox 384 1072 433 1110; x_wconf 92' lang='lat' dir='ltr'>ut</span> <span class='ocrx_word' id='word_1_135' title='bbox 465 1069 612 1110; x_wconf 90' lang='lat' dir='ltr'>eodem</span> <span class='ocrx_word' id='word_1_136' title='bbox 642 1070 837 1122; x_wconf 88' lang='lat' dir='ltr'>tempore</span> <span class='ocrx_word' id='word_1_137' title='bbox 862 1067 907 1108; x_wconf 89' lang='lat' dir='ltr'>in</span> <span class='ocrx_word' id='word_1_138' title='bbox 934 1066 1071 1108; x_wconf 86' lang='lat' dir='ltr'>omnis</span> <span class='ocrx_word' id='word_1_139' title='bbox 1096 1079 1245 1107; x_wconf 83' lang='lat' dir='ltr'>verear</span> <span class='ocrx_word' id='word_1_140' title='bbox 1269 1079 1322 1106; x_wconf 91' lang='lat' dir='ltr'>ne</span> <span class='ocrx_word' id='word_1_141' title='bbox 1346 1064 1417 1106; x_wconf 82' lang='lat' dir='ltr'>vix</span> <span class='ocrx_word' id='word_1_142' title='bbox 1441 1078 1538 1118; x_wconf 87' lang='lat' dir='ltr'>pos-</span> 
     </span>
     <span class='ocr_line' id='line_1_18' title="bbox 201 1127 643 1184; baseline -0.007 -14"><span class='ocrx_word' id='word_1_143' title='bbox 201 1130 283 1170; x_wconf 88' lang='lat' dir='ltr'>sim</span> <span class='ocrx_word' id='word_1_144' title='bbox 316 1131 465 1184; x_wconf 86' lang='lat' dir='ltr'>gratus</span> <span class='ocrx_word' id='word_1_145' title='bbox 498 1127 643 1168; x_wconf 83' lang='lat' dir='ltr'>videri.</span> 
     </span>
    </p>

    <p class='ocr_par' dir='ltr' id='par_1_3' title="bbox 144 1182 1539 1298">
     <span class='ocr_line' id='line_1_19' title="bbox 144 1182 1539 1241; baseline -0.005 -12"><span class='ocrx_word' id='word_1_146' title='bbox 144 1196 186 1228; x_wconf 81' lang='lat'>79</span> <span class='ocrx_word' id='word_1_147' title='bbox 292 1186 375 1228; x_wconf 82' lang='lat' dir='ltr'>Sed</span> <span class='ocrx_word' id='word_1_148' title='bbox 419 1199 498 1241; x_wconf 87' lang='lat' dir='ltr'>ego</span> <span class='ocrx_word' id='word_1_149' title='bbox 542 1185 647 1226; x_wconf 89' lang='lat' dir='ltr'>haec</span> <span class='ocrx_word' id='word_1_150' title='bbox 691 1184 797 1225; x_wconf 87' lang='lat' dir='ltr'>meis</span> <span class='ocrx_word' id='word_1_151' title='bbox 838 1184 1097 1237; x_wconf 82' lang='lat' dir='ltr'>ponderibus</span> <span class='ocrx_word' id='word_1_152' title='bbox 1138 1182 1409 1235; x_wconf 75' lang='lat' dir='ltr'>examinabo,</span> <span class='ocrx_word' id='word_1_153' title='bbox 1451 1196 1539 1222; x_wconf 91' lang='lat' dir='ltr'>non</span> 
     </span>
     <span class='ocr_line' id='line_1_20' title="bbox 202 1239 1537 1298; baseline -0.005 -11"><span class='ocrx_word' id='word_1_154' title='bbox 202 1246 342 1287; x_wconf 90' lang='lat' dir='ltr'>solum</span> <span class='ocrx_word' id='word_1_155' title='bbox 381 1245 482 1298; x_wconf 87' lang='lat' dir='ltr'>quid</span> <span class='ocrx_word' id='word_1_156' title='bbox 516 1244 667 1297; x_wconf 83' lang='lat' dir='ltr'>cuique</span> <span class='ocrx_word' id='word_1_157' title='bbox 700 1243 894 1295; x_wconf 78' lang='lat' dir='ltr'>debeam,</span> <span class='ocrx_word' id='word_1_158' title='bbox 933 1242 1006 1283; x_wconf 91' lang='lat' dir='ltr'>sed</span> <span class='ocrx_word' id='word_1_159' title='bbox 1037 1241 1167 1282; x_wconf 87' lang='lat' dir='ltr'>etiam</span> <span class='ocrx_word' id='word_1_160' title='bbox 1200 1240 1301 1294; x_wconf 85' lang='lat' dir='ltr'>quid</span> <span class='ocrx_word' id='word_1_161' title='bbox 1333 1239 1537 1293; x_wconf 88' lang='lat' dir='ltr'>cuiusque</span> 
     </span>
    </p>

    <p class='ocr_par' dir='ltr' id='par_1_4' title="bbox 128 1297 1593 1705">
     <span class='ocr_line' id='line_1_21' title="bbox 128 1297 1591 1356; baseline -0.005 -10"><span class='ocrx_word' id='word_1_162' title='bbox 128 1301 185 1342; x_wconf 81' lang='lat'>33</span> <span class='ocrx_word' id='word_1_163' title='bbox 201 1303 385 1356; x_wconf 89' lang='lat' dir='ltr'>intersit,</span> <span class='ocrx_word' id='word_1_164' title='bbox 418 1305 462 1344; x_wconf 91' lang='lat' dir='ltr'>et</span> <span class='ocrx_word' id='word_1_165' title='bbox 494 1302 595 1356; x_wconf 90' lang='lat' dir='ltr'>quid</span> <span class='ocrx_word' id='word_1_166' title='bbox 627 1317 652 1342; x_wconf 92' lang='lat' dir='ltr'>a</span> <span class='ocrx_word' id='word_1_167' title='bbox 683 1316 750 1342; x_wconf 89' lang='lat' dir='ltr'>me</span> <span class='ocrx_word' id='word_1_168' title='bbox 783 1300 987 1354; x_wconf 88' lang='lat' dir='ltr'>cuiusque</span> <span class='ocrx_word' id='word_1_169' title='bbox 1015 1302 1184 1353; x_wconf 89' lang='lat' dir='ltr'>tempus</span> <span class='ocrx_word' id='word_1_170' title='bbox 1210 1301 1373 1353; x_wconf 89' lang='lat' dir='ltr'>poscat.</span> <span class='ocrx_word' id='word_1_171' title='bbox 1434 1297 1538 1353; x_wconf 89' lang='lat' dir='ltr'>Agi-</span> <span class='ocrx_word' id='word_1_172' title='bbox 1557 1308 1591 1334; x_wconf 81' lang='lat'>20</span> 
     </span>
     <span class='ocr_line' id='line_1_22' title="bbox 201 1356 1538 1412; baseline -0.004 -9"><span class='ocrx_word' id='word_1_173' title='bbox 201 1365 272 1404; x_wconf 87' lang='lat' dir='ltr'>tur</span> <span class='ocrx_word' id='word_1_174' title='bbox 304 1361 496 1403; x_wconf 87' lang='lat' dir='ltr'>studium</span> <span class='ocrx_word' id='word_1_175' title='bbox 526 1363 649 1401; x_wconf 90' lang='lat' dir='ltr'>tuum</span> <span class='ocrx_word' id='word_1_176' title='bbox 680 1359 747 1400; x_wconf 84' lang='lat' dir='ltr'>vel</span> <span class='ocrx_word' id='word_1_177' title='bbox 780 1359 929 1412; x_wconf 86' lang='lat' dir='ltr'>etiam,</span> <span class='ocrx_word' id='word_1_178' title='bbox 961 1358 998 1399; x_wconf 89' lang='lat' dir='ltr'>si</span> <span class='ocrx_word' id='word_1_179' title='bbox 1028 1358 1105 1411; x_wconf 80' lang='lat' dir='ltr'>vis,</span> <span class='ocrx_word' id='word_1_180' title='bbox 1137 1356 1412 1411; x_wconf 76' lang='lat' dir='ltr'>existimatio,</span> <span class='ocrx_word' id='word_1_181' title='bbox 1444 1356 1538 1397; x_wconf 86' lang='lat' dir='ltr'>laus</span> 
     </span>
     <span class='ocr_line' id='line_1_23' title="bbox 201 1413 1540 1473; baseline -0.004 -12"><span class='ocrx_word' id='word_1_182' title='bbox 201 1419 455 1473; x_wconf 82' lang='lat' dir='ltr'>aedilitatis3</span> <span class='ocrx_word' id='word_1_183' title='bbox 487 1421 532 1459; x_wconf 89' lang='lat' dir='ltr'>at</span> <span class='ocrx_word' id='word_1_184' title='bbox 558 1418 632 1460; x_wconf 89' lang='grc'>011.</span> <span class='ocrx_word' id='word_1_185' title='bbox 663 1417 812 1458; x_wconf 87' lang='lat' dir='ltr'>Planci</span> <span class='ocrx_word' id='word_1_186' title='bbox 838 1417 966 1470; x_wconf 81' lang='lat' dir='ltr'>salus,</span> <span class='ocrx_word' id='word_1_187' title='bbox 996 1417 1150 1470; x_wconf 88' lang='lat' dir='ltr'>patria,</span> <span class='ocrx_word' id='word_1_188' title='bbox 1176 1415 1386 1457; x_wconf 82' lang='lat' dir='ltr'>fortunae.</span> <span class='ocrx_word' id='word_1_189' title='bbox 1450 1413 1540 1456; x_wconf 85' lang='lat' dir='ltr'>Sal-</span> 
     </span>
     <span class='ocr_line' id='line_1_24' title="bbox 201 1474 1540 1530; baseline -0.004 -10"><span class='ocrx_word' id='word_1_190' title='bbox 201 1494 303 1520; x_wconf 85' lang='lat' dir='ltr'>vum</span> <span class='ocrx_word' id='word_1_191' title='bbox 334 1480 382 1519; x_wconf 79' lang='lat' dir='ltr'>tu</span> <span class='ocrx_word' id='word_1_192' title='bbox 412 1492 480 1518; x_wconf 89' lang='lat' dir='ltr'>me</span> <span class='ocrx_word' id='word_1_193' title='bbox 513 1491 605 1518; x_wconf 84' lang='lat' dir='ltr'>esse</span> <span class='ocrx_word' id='word_1_194' title='bbox 637 1476 812 1530; x_wconf 83' lang='lat' dir='ltr'>cupisti3</span> <span class='ocrx_word' id='word_1_195' title='bbox 842 1475 913 1517; x_wconf 89' lang='lat' dir='ltr'>hic</span> <span class='ocrx_word' id='word_1_196' title='bbox 943 1475 1047 1516; x_wconf 83' lang='lat' dir='ltr'>fecit</span> <span class='ocrx_word' id='word_1_197' title='bbox 1078 1474 1220 1528; x_wconf 82' lang='lat' dir='ltr'>etiam,</span> <span class='ocrx_word' id='word_1_198' title='bbox 1251 1476 1301 1515; x_wconf 84' lang='lat' dir='ltr'>ut</span> <span class='ocrx_word' id='word_1_199' title='bbox 1327 1487 1418 1514; x_wconf 90' lang='grc'>6886</span> <span class='ocrx_word' id='word_1_200' title='bbox 1444 1487 1540 1527; x_wconf 88' lang='lat' dir='ltr'>pos-</span> 
     </span>
     <span class='ocr_line' id='line_1_25' title="bbox 202 1532 1540 1578; baseline -0.004 0"><span class='ocrx_word' id='word_1_201' title='bbox 202 1551 303 1578; x_wconf 90' lang='lat' dir='ltr'>sem.</span> <span class='ocrx_word' id='word_1_202' title='bbox 365 1535 590 1577; x_wconf 86' lang='lat' dir='ltr'>Distineor</span> <span class='ocrx_word' id='word_1_203' title='bbox 620 1537 766 1576; x_wconf 89' lang='lat' dir='ltr'>tamen</span> <span class='ocrx_word' id='word_1_204' title='bbox 798 1536 841 1575; x_wconf 90' lang='lat' dir='ltr'>et</span> <span class='ocrx_word' id='word_1_205' title='bbox 873 1533 1052 1575; x_wconf 86' lang='lat' dir='ltr'>divellor</span> <span class='ocrx_word' id='word_1_206' title='bbox 1083 1533 1229 1574; x_wconf 88' lang='lat' dir='ltr'>dolore</span> <span class='ocrx_word' id='word_1_207' title='bbox 1263 1534 1306 1573; x_wconf 88' lang='lat' dir='ltr'>et</span> <span class='ocrx_word' id='word_1_208' title='bbox 1337 1532 1383 1573; x_wconf 88' lang='lat' dir='ltr'>in</span> <span class='ocrx_word' id='word_1_209' title='bbox 1411 1546 1540 1573; x_wconf 87' lang='lat' dir='ltr'>causa</span> 
     </span>
     <span class='ocr_line' id='line_1_26' title="bbox 202 1590 1593 1649; baseline -0.002 -14"><span class='ocrx_word' id='word_1_210' title='bbox 202 1594 364 1649; x_wconf 86' lang='lat' dir='ltr'>dispari</span> <span class='ocrx_word' id='word_1_211' title='bbox 391 1594 546 1635; x_wconf 86' lang='lat' dir='ltr'>offendi</span> <span class='ocrx_word' id='word_1_212' title='bbox 572 1596 615 1634; x_wconf 87' lang='lat' dir='ltr'>te</span> <span class='ocrx_word' id='word_1_213' title='bbox 641 1608 666 1634; x_wconf 91' lang='grc'>6</span> <span class='ocrx_word' id='word_1_214' title='bbox 691 1607 757 1634; x_wconf 89' lang='grc'>1116</span> <span class='ocrx_word' id='word_1_215' title='bbox 784 1592 926 1647; x_wconf 70' lang='lat' dir='ltr'>doleo,</span> <span class='ocrx_word' id='word_1_216' title='bbox 958 1592 1032 1633; x_wconf 87' lang='lat' dir='ltr'>sed</span> <span class='ocrx_word' id='word_1_217' title='bbox 1057 1591 1220 1633; x_wconf 89' lang='lat' dir='ltr'>medius</span> <span class='ocrx_word' id='word_1_218' title='bbox 1246 1590 1372 1631; x_wconf 86' lang='lat' dir='ltr'>fidius</span> <span class='ocrx_word' id='word_1_219' title='bbox 1399 1590 1536 1632; x_wconf 90' lang='lat' dir='ltr'>multo</span> <span class='ocrx_word' id='word_1_220' title='bbox 1558 1600 1593 1626; x_wconf 82' lang='lat'>25</span> 
     </span>
     <span class='ocr_line' id='line_1_27' title="bbox 203 1648 1540 1705; baseline -0.003 -11"><span class='ocrx_word' id='word_1_221' title='bbox 203 1653 331 1695; x_wconf 88' lang='lat' dir='ltr'>citius</span> <span class='ocrx_word' id='word_1_222' title='bbox 358 1667 498 1693; x_wconf 87' lang='lat' dir='ltr'>meam</span> <span class='ocrx_word' id='word_1_223' title='bbox 525 1652 709 1693; x_wconf 85' lang='lat' dir='ltr'>salutem</span> <span class='ocrx_word' id='word_1_224' title='bbox 734 1665 812 1705; x_wconf 90' lang='lat' dir='ltr'>pro</span> <span class='ocrx_word' id='word_1_225' title='bbox 838 1654 881 1692; x_wconf 92' lang='lat' dir='ltr'>te</span> <span class='ocrx_word' id='word_1_226' title='bbox 908 1651 1103 1691; x_wconf 86' lang='lat' dir='ltr'>abiecero</span> <span class='ocrx_word' id='word_1_227' title='bbox 1131 1664 1260 1704; x_wconf 87' lang='lat' dir='ltr'>quam</span> <span class='ocrx_word' id='word_1_228' title='bbox 1285 1648 1359 1691; x_wconf 86' lang='lat' dir='ltr'>Cn.</span> <span class='ocrx_word' id='word_1_229' title='bbox 1390 1649 1540 1690; x_wconf 86' lang='lat' dir='ltr'>Planci</span> 
     </span>
    </p>

    <p class='ocr_par' dir='ltr' id='par_1_5' title="bbox 142 1707 1594 2347">
     <span class='ocr_line' id='line_1_28' title="bbox 142 1707 1539 1762; baseline -0.004 -9"><span class='ocrx_word' id='word_1_230' title='bbox 142 1726 189 1758; x_wconf 76' lang='lat'>80</span> <span class='ocrx_word' id='word_1_231' title='bbox 205 1711 389 1753; x_wconf 85' lang='lat' dir='ltr'>salutem</span> <span class='ocrx_word' id='word_1_232' title='bbox 420 1711 635 1752; x_wconf 89' lang='lat' dir='ltr'>tradidero</span> <span class='ocrx_word' id='word_1_233' title='bbox 669 1709 935 1752; x_wconf 88' lang='lat' dir='ltr'>contentioni</span> <span class='ocrx_word' id='word_1_234' title='bbox 967 1714 1077 1750; x_wconf 88' lang='lat' dir='ltr'>tuae.</span> <span class='ocrx_word' id='word_1_235' title='bbox 1138 1708 1331 1762; x_wconf 89' lang='lat' dir='ltr'>Etenim,</span> <span class='ocrx_word' id='word_1_236' title='bbox 1365 1707 1539 1762; x_wconf 88' lang='lat' dir='ltr'>iudices,</span> 
     </span>
     <span class='ocr_line' id='line_1_29' title="bbox 203 1766 1540 1820; baseline -0.003 -10"><span class='ocrx_word' id='word_1_237' title='bbox 203 1785 300 1811; x_wconf 87' lang='lat' dir='ltr'>cum</span> <span class='ocrx_word' id='word_1_238' title='bbox 332 1770 530 1811; x_wconf 90' lang='lat' dir='ltr'>omnibus</span> <span class='ocrx_word' id='word_1_239' title='bbox 561 1769 796 1810; x_wconf 84' lang='lat' dir='ltr'>virtutibus</span> <span class='ocrx_word' id='word_1_240' title='bbox 825 1782 892 1809; x_wconf 90' lang='lat' dir='ltr'>me</span> <span class='ocrx_word' id='word_1_241' title='bbox 919 1767 1134 1809; x_wconf 84' lang='lat' dir='ltr'>adfectum</span> <span class='ocrx_word' id='word_1_242' title='bbox 1160 1781 1251 1808; x_wconf 89' lang='lat' dir='ltr'>esse</span> <span class='ocrx_word' id='word_1_243' title='bbox 1278 1766 1415 1820; x_wconf 88' lang='lat' dir='ltr'>cupio,</span> <span class='ocrx_word' id='word_1_244' title='bbox 1446 1768 1540 1807; x_wconf 89' lang='lat' dir='ltr'>tum</span> 
     </span>
     <span class='ocr_line' id='line_1_30' title="bbox 202 1826 1540 1882; baseline -0.003 -13"><span class='ocrx_word' id='word_1_245' title='bbox 202 1828 310 1869; x_wconf 86' lang='lat' dir='ltr'>nihil</span> <span class='ocrx_word' id='word_1_246' title='bbox 349 1831 432 1881; x_wconf 87' lang='lat' dir='ltr'>est,</span> <span class='ocrx_word' id='word_1_247' title='bbox 471 1828 584 1882; x_wconf 90' lang='lat' dir='ltr'>quod</span> <span class='ocrx_word' id='word_1_248' title='bbox 621 1827 786 1881; x_wconf 89' lang='lat' dir='ltr'>malim,</span> <span class='ocrx_word' id='word_1_249' title='bbox 825 1841 954 1881; x_wconf 86' lang='lat' dir='ltr'>quam</span> <span class='ocrx_word' id='word_1_250' title='bbox 991 1840 1058 1867; x_wconf 91' lang='lat' dir='ltr'>me</span> <span class='ocrx_word' id='word_1_251' title='bbox 1091 1828 1134 1867; x_wconf 87' lang='lat' dir='ltr'>et</span> <span class='ocrx_word' id='word_1_252' title='bbox 1165 1840 1258 1866; x_wconf 85' lang='lat' dir='ltr'>esse</span> <span class='ocrx_word' id='word_1_253' title='bbox 1289 1827 1462 1880; x_wconf 85' lang='lat' dir='ltr'>gratum</span> <span class='ocrx_word' id='word_1_254' title='bbox 1496 1826 1540 1865; x_wconf 88' lang='lat' dir='ltr'>et</span> 
     </span>
     <span class='ocr_line' id='line_1_31' title="bbox 202 1883 1594 1936; baseline -0.004 -8"><span class='ocrx_word' id='word_1_255' title='bbox 202 1886 347 1928; x_wconf 83' lang='lat' dir='ltr'>videri.</span> <span class='ocrx_word' id='word_1_256' title='bbox 408 1885 527 1927; x_wconf 88' lang='lat' dir='ltr'>Haec</span> <span class='ocrx_word' id='word_1_257' title='bbox 559 1889 625 1927; x_wconf 90' lang='lat' dir='ltr'>est</span> <span class='ocrx_word' id='word_1_258' title='bbox 651 1885 875 1927; x_wconf 71' lang='lat' dir='ltr'>enimima</span> <span class='ocrx_word' id='word_1_259' title='bbox 899 1885 1036 1926; x_wconf 76' lang='lat' dir='ltr'>virtus</span> <span class='ocrx_word' id='word_1_260' title='bbox 1061 1899 1149 1925; x_wconf 90' lang='lat' dir='ltr'>non</span> <span class='ocrx_word' id='word_1_261' title='bbox 1175 1883 1315 1925; x_wconf 88' lang='lat' dir='ltr'>solum</span> <span class='ocrx_word' id='word_1_262' title='bbox 1341 1883 1539 1936; x_wconf 84' lang='lat' dir='ltr'>maxima,</span> <span class='ocrx_word' id='word_1_263' title='bbox 1559 1891 1594 1917; x_wconf 81' lang='lat'>30</span> 
     </span>
     <span class='ocr_line' id='line_1_32' title="bbox 203 1941 1541 1997; baseline -0.004 -11"><span class='ocrx_word' id='word_1_264' title='bbox 203 1945 276 1986; x_wconf 87' lang='lat' dir='ltr'>sed</span> <span class='ocrx_word' id='word_1_265' title='bbox 309 1944 440 1986; x_wconf 89' lang='lat' dir='ltr'>etiam</span> <span class='ocrx_word' id='word_1_266' title='bbox 472 1947 609 1985; x_wconf 85' lang='lat' dir='ltr'>mater</span> <span class='ocrx_word' id='word_1_267' title='bbox 639 1944 851 1985; x_wconf 86' lang='lat' dir='ltr'>virtutum</span> <span class='ocrx_word' id='word_1_268' title='bbox 877 1943 1067 1984; x_wconf 88' lang='lat' dir='ltr'>omnium</span> <span class='ocrx_word' id='word_1_269' title='bbox 1092 1942 1366 1997; x_wconf 84' lang='lat' dir='ltr'>reliquarum.</span> <span class='ocrx_word' id='word_1_270' title='bbox 1429 1941 1541 1990; x_wconf 79' lang='lat' dir='ltr'>Quid</span> 
     </span>
     <span class='ocr_line' id='line_1_33' title="bbox 203 1999 1540 2058; baseline -0.003 -14"><span class='ocrx_word' id='word_1_271' title='bbox 203 2006 270 2044; x_wconf 89' lang='lat' dir='ltr'>est</span> <span class='ocrx_word' id='word_1_272' title='bbox 306 2004 445 2057; x_wconf 87' lang='lat' dir='ltr'>pietas</span> <span class='ocrx_word' id='word_1_273' title='bbox 484 2003 569 2044; x_wconf 90' lang='lat' dir='ltr'>nisi</span> <span class='ocrx_word' id='word_1_274' title='bbox 603 2003 802 2044; x_wconf 85' lang='lat' dir='ltr'>voluntas</span> <span class='ocrx_word' id='word_1_275' title='bbox 835 2005 961 2058; x_wconf 87' lang='lat' dir='ltr'>grata</span> <span class='ocrx_word' id='word_1_276' title='bbox 990 2002 1037 2042; x_wconf 91' lang='lat' dir='ltr'>in</span> <span class='ocrx_word' id='word_1_277' title='bbox 1066 2000 1296 2055; x_wconf 78' lang='lat' dir='ltr'>parentes?</span> <span class='ocrx_word' id='word_1_278' title='bbox 1334 1999 1408 2054; x_wconf 89' lang='lat' dir='ltr'>qui</span> <span class='ocrx_word' id='word_1_279' title='bbox 1439 2001 1540 2040; x_wconf 85' lang='lat' dir='ltr'>sunt</span> 
     </span>
     <span class='ocr_line' id='line_1_34' title="bbox 203 2059 1541 2116; baseline -0.003 -14"><span class='ocrx_word' id='word_1_280' title='bbox 203 2062 306 2102; x_wconf 89' lang='lat' dir='ltr'>boni</span> <span class='ocrx_word' id='word_1_281' title='bbox 332 2062 457 2116; x_wconf 83' lang='lat' dir='ltr'>cives,</span> <span class='ocrx_word' id='word_1_282' title='bbox 484 2061 557 2116; x_wconf 82' lang='lat' dir='ltr'>qui</span> <span class='ocrx_word' id='word_1_283' title='bbox 582 2061 696 2113; x_wconf 84' lang='lat' dir='ltr'>belli,</span> <span class='ocrx_word' id='word_1_284' title='bbox 724 2061 796 2114; x_wconf 85' lang='lat' dir='ltr'>qui</span> <span class='ocrx_word' id='word_1_285' title='bbox 820 2061 935 2102; x_wconf 93' lang='lat' dir='ltr'>domi</span> <span class='ocrx_word' id='word_1_286' title='bbox 955 2060 1005 2101; x_wconf 89' lang='lat' dir='ltr'>de</span> <span class='ocrx_word' id='word_1_287' title='bbox 1024 2059 1168 2114; x_wconf 88' lang='lat' dir='ltr'>patria</span> <span class='ocrx_word' id='word_1_288' title='bbox 1187 2059 1293 2100; x_wconf 91' lang='lat' dir='ltr'>bene</span> <span class='ocrx_word' id='word_1_289' title='bbox 1313 2059 1541 2111; x_wconf 87' lang='lat' dir='ltr'>merentes,</span> 
     </span>
     <span class='ocr_line' id='line_1_35' title="bbox 203 2115 1539 2174; baseline -0.004 -14"><span class='ocrx_word' id='word_1_290' title='bbox 203 2120 287 2160; x_wconf 82' lang='lat' dir='ltr'>nisi</span> <span class='ocrx_word' id='word_1_291' title='bbox 314 2120 387 2173; x_wconf 87' lang='lat' dir='ltr'>qui</span> <span class='ocrx_word' id='word_1_292' title='bbox 411 2120 577 2174; x_wconf 84' lang='lat' dir='ltr'>patriae</span> <span class='ocrx_word' id='word_1_293' title='bbox 603 2119 811 2161; x_wconf 88' lang='lat' dir='ltr'>beneficia</span> <span class='ocrx_word' id='word_1_294' title='bbox 836 2118 1152 2160; x_wconf 79' lang='lat' dir='ltr'>meminerunt?</span> <span class='ocrx_word' id='word_1_295' title='bbox 1185 2117 1258 2172; x_wconf 89' lang='lat' dir='ltr'>qui</span> <span class='ocrx_word' id='word_1_296' title='bbox 1283 2115 1433 2169; x_wconf 87' lang='lat' dir='ltr'>sancti,</span> <span class='ocrx_word' id='word_1_297' title='bbox 1465 2115 1539 2169; x_wconf 91' lang='lat' dir='ltr'>qui</span> 
     </span>
     <span class='ocr_line' id='line_1_36' title="bbox 204 2173 1592 2232; baseline -0.004 -14"><span class='ocrx_word' id='word_1_298' title='bbox 204 2178 463 2232; x_wconf 82' lang='lat' dir='ltr'>religionum</span> <span class='ocrx_word' id='word_1_299' title='bbox 489 2179 689 2232; x_wconf 87' lang='lat' dir='ltr'>colentes,</span> <span class='ocrx_word' id='word_1_300' title='bbox 714 2177 799 2219; x_wconf 89' lang='grc'>11151</span> <span class='ocrx_word' id='word_1_301' title='bbox 823 2177 895 2232; x_wconf 87' lang='grc'>(1111</span> <span class='ocrx_word' id='word_1_302' title='bbox 915 2177 1115 2218; x_wconf 89' lang='lat' dir='ltr'>meritam</span> <span class='ocrx_word' id='word_1_303' title='bbox 1134 2175 1199 2216; x_wconf 84' lang='lat' dir='ltr'>dis</span> <span class='ocrx_word' id='word_1_304' title='bbox 1219 2173 1538 2216; x_wconf 87' lang='lat' dir='ltr'>immortalibus</span> <span class='ocrx_word' id='word_1_305' title='bbox 1558 2182 1592 2208; x_wconf 81' lang='lat'>35</span> 
     </span>
     <span class='ocr_line' id='line_1_37' title="bbox 204 2232 1539 2289; baseline -0.003 -13"><span class='ocrx_word' id='word_1_306' title='bbox 204 2237 391 2289; x_wconf 84' lang='lat' dir='ltr'>gratiam</span> <span class='ocrx_word' id='word_1_307' title='bbox 416 2236 542 2278; x_wconf 88' lang='lat' dir='ltr'>iustis</span> <span class='ocrx_word' id='word_1_308' title='bbox 567 2236 803 2278; x_wconf 83' lang='lat' dir='ltr'>honoribus</span> <span class='ocrx_word' id='word_1_309' title='bbox 830 2238 873 2276; x_wconf 87' lang='lat' dir='ltr'>et</span> <span class='ocrx_word' id='word_1_310' title='bbox 898 2235 1078 2277; x_wconf 89' lang='lat' dir='ltr'>memori</span> <span class='ocrx_word' id='word_1_311' title='bbox 1097 2235 1239 2275; x_wconf 86' lang='lat' dir='ltr'>mente</span> <span class='ocrx_word' id='word_1_312' title='bbox 1258 2232 1539 2286; x_wconf 78' lang='lat' dir='ltr'>persolvunt?</span> 
     </span>
     <span class='ocr_line' id='line_1_38' title="bbox 206 2290 1539 2347; baseline -0.002 -13"><span class='ocrx_word' id='word_1_313' title='bbox 206 2293 324 2342; x_wconf 83' lang='lat' dir='ltr'>Quae</span> <span class='ocrx_word' id='word_1_314' title='bbox 361 2297 507 2347; x_wconf 87' lang='lat' dir='ltr'>potest</span> <span class='ocrx_word' id='word_1_315' title='bbox 545 2309 636 2335; x_wconf 86' lang='lat' dir='ltr'>esse</span> <span class='ocrx_word' id='word_1_316' title='bbox 671 2295 784 2336; x_wconf 82' lang='lat' dir='ltr'>vitae</span> <span class='ocrx_word' id='word_1_317' title='bbox 815 2293 1058 2335; x_wconf 88' lang='lat' dir='ltr'>iucunditas</span> <span class='ocrx_word' id='word_1_318' title='bbox 1091 2290 1273 2333; x_wconf 87' lang='lat' dir='ltr'>sublatis</span> <span class='ocrx_word' id='word_1_319' title='bbox 1306 2290 1539 2332; x_wconf 80' lang='lat' dir='ltr'>amicitiis?</span> 
     </span>
    </p>
   </div>
  </div>
 </body>
</html>
