1671 2543
246 108 332 150 156
493 105 586 141 PRO
610 105 649 140 L.
678 103 918 140 CORNELIO
944 103 1101 139 BALBO
1129 103 1305 139 ORATIO

246 229 394 257 verum
418 216 468 255 ut
495 213 686 255 omnium
710 211 1025 265 malivolorum,
1056 211 1315 265 iniquorum,
1339 210 1581 252 invidorum

247 274 413 314 animos
444 272 759 326 frangeremus3
792 284 898 323 quos
922 272 972 311 ut
998 272 1223 311 accusator
1247 269 1502 322 incenderet,
1532 272 1580 310 ut

247 331 380 385 aliqui
424 343 641 371 sermones
684 328 908 370 hominum
947 328 1097 369 alienis
1134 327 1260 369 bonis
1297 327 1581 369 maerentium

247 390 380 431 etiam
411 389 465 430 ad
494 390 661 429 vestras
691 401 813 428 aures
839 389 1141 440 permanarent
1167 388 1210 427 et
1235 386 1281 426 in
1304 386 1460 428 iudicio
1485 386 1580 440 ipso

246 447 544 499 redundarent
569 445 727 487 idcirco
747 445 823 485 illa
841 445 887 485 in
907 445 1023 486 omni
1042 447 1165 510 parte
1187 444 1394 486 orationis
1415 458 1582 485 summa
1617 456 1634 481 5

247 509 339 547 arte
366 505 537 560 aspergi
562 503 786 557 videbatis,
818 506 911 545 tum
935 503 1160 558 pecuniam
1185 502 1231 544 L.
1259 502 1442 557 Corneli,
1474 517 1581 557 quae

245 579 383 618 neque
421 563 632 604 invidiosa
663 564 730 603 est
761 564 821 615 et,
859 565 1201 616 quantacumque
1233 564 1311 615 est,
1343 561 1433 603 eius
1464 561 1581 602 modi

247 626 324 676 est,
354 625 404 663 ut
436 624 688 663 conservata
718 620 856 676 magis
884 634 1019 686 quam·
1037 622 1234 674 correpta
1259 634 1350 661 esse
1374 619 1581 672 videatur,

246 684 341 722 111111
371 680 597 733 luxuriam,
633 694 739 733 quae
771 694 857 720 non
890 679 1064 720 crimine
1097 679 1241 733 aliquo
1273 678 1476 733 libidinis,
1508 678 1582 719 sed

247 739 462 781 communi
488 738 717 779 maledicto
743 738 989 791 notabatur,
1020 740 1114 778 tum
1139 737 1439 790 Tusculanum,
1469 737 1581 790 quod
1603 750 1636 774 ιο

249 797 295 846 Q.
334 797 495 838 Metelli
542 796 676 838 fuisse
720 796 974 837 meminerat
1014 798 1057 836 et
1093 795 1140 836 L.
1179 794 1341 848 Crassi,
1379 794 1582 837 Crassum

248 856 402 897 emisse
435 856 484 897 de
516 854 721 896 libertino
753 854 942 907 homine,
979 853 1172 896 Soterico
1204 853 1381 908 Marcio,
1413 854 1466 895 ad
1495 853 1583 895 Me-

247 914 398 955 tellum
429 914 674 967 pervenisse
707 913 756 954 de
782 912 981 954 Vennoni
1008 912 1181 954 Vindici
1208 912 1332 954 bonis
1357 927 1446 953 non
1469 915 1584 953 tene-

248 973 333 1013 bat.
397 970 534 1013 Simul
571 972 677 1013 illud
712 971 952 1023 nesciebat,
991 971 1265 1025 praediorum
1294 970 1458 1012 nullam
1490 985 1582 1012 esse

247 1033 440 1085 gentem,
481 1030 768 1084 emptionibus
801 1045 857 1086 *ea
894 1030 1030 1071 solere
1069 1044 1195 1084 saepe
1234 1030 1286 1070 ad
1318 1029 1479 1070 alienos
1509 1029 1582 1070 ho·
1602 1041 1635 1068 15

246 1090 394 1142 mines,
428 1103 553 1143 saepe
580 1089 631 1129 ad
656 1088 840 1141 infimos,
870 1103 958 1129 non
981 1089 1150 1143 legibus
1177 1091 1398 1141 tamquam
1424 1088 1582 1129 tutelas

189 1154 231 1184 57
247 1147 480 1201 peivenire.
525 1146 753 1188 Obiectum
780 1150 845 1188 est
869 1147 1010 1201 etiam,
1037 1147 1179 1200 quod
1168 1162 1214 1187 111
1232 1147 1395 1187 tribum
1415 1145 1583 1188 Clustu-

246 1206 409 1246 minam
450 1206 708 1259 pervenerit3
741 1206 866 1270 ‘quod
909 1205 979 1246 hic
1018 1205 1244 1246 adsecutus
1283 1209 1349 1246 est
1384 1205 1495 1270 legis
1533 1205 1582 1245 de

247 1264 414 1305 ambitu
456 1263 647 1317 praemio
692 1263 832 1304 minus
876 1263 1106 1316 invidioso,
1151 1277 1278 1317 quam
1323 1263 1395 1316 qui
1438 1263 1582 1318 legum

246 1321 448 1376 praemiis
480 1321 743 1375 praetoriam
774 1322 1033 1362 sententiam
1065 1297 1108 1362 et
1138 1324 1407 1375 praetextam
1435 1324 1582 1377 togam
1602 1336 1637 1361 20

248 1382 543 1421 consecuntur.
598 1379 657 1420 Et
683 1380 904 1433 adoptatio
931 1379 1181 1433 Theophani
1207 1380 1375 1434 agitata
1399 1356 1509 1433 6313,13
1507 1394 1584 1433 per

249 1452 378 1491 quam
410 1437 633 1479 Cornelius
673 1438 782 1478 nihil
815 1441 881 1479 est
910 1440 1213 1492 praeterquam
1242 1438 1583 1492 propinquorum

249 1511 425 1538 suorum
455 1496 715 1537 hereditates
748 1496 985 1538 adsecutus.

178 1559 234 1600 26
339 1554 608 1608 Quamquam
638 1555 821 1595 istorum
854 1555 1036 1607 animos,
1072 1554 1145 1608 qui
1175 1554 1260 1609 ipsi
1292 1553 1490 1596 Cornelio
1522 1554 1583 1596 in-

248 1612 406 1666 vident,
436 1627 523 1653 non
549 1616 615 1654 est
641 1612 943 1653 difficillimum
968 1613 1186 1667 mitigare3
1217 1627 1335 1654 more
1359 1613 1582 1654 hominum
1603 1628 1637 1653 25

248 1671 452 1723 invident,
483 1671 530 1711 in
558 1671 763 1712 conviviis
790 1672 958 1724 rodunt,
988 1672 1034 1712 in
1060 1671 1229 1712 circulis
1255 1671 1467 1726 vellicant,
1496 1686 1584 1713 non

190 1735 234 1767 58
249 1729 325 1770 illo
382 1729 575 1782 inimico,
631 1729 705 1770 sed
752 1729 834 1771 hoc
883 1730 997 1771 malo
1053 1730 1177 1771 dente
1228 1732 1420 1784 carpunt.
1501 1729 1583 1779 Qui

249 1787 398 1828 amicis
442 1786 489 1828 L.
527 1786 699 1829 Corneli
739 1790 813 1829 aut
850 1788 1014 1829 inimici
1052 1791 1152 1829 sunt
1190 1792 1264 1829 aut
1300 1788 1509 1840 invident,
1551 1788 1584 1829 ii

248 1849 349 1886 sunt
397 1846 496 1887 huic
539 1847 677 1888 multo
720 1846 1015 1888 vehementius
1057 1847 1397 1901 pertimescendi.
1469 1845 1582 1887 Nam

247 1904 347 1945 huic
382 1904 554 1958 quidem
583 1904 667 1958 ipsi
700 1905 795 1958 quis
828 1908 893 1946 est
924 1920 1128 1959 umquam
1158 1906 1357 1946 inventus
1385 1904 1584 1946 inimicus
1602 1920 1638 1945 3⁰

249 1965 324 2003 aut
365 1962 459 2016 quis
491 1963 582 2004 iure
614 1977 705 2003 esse
737 1963 910 2017 potuit‘?
962 1963 1098 2012 Quem
1129 1963 1290 2005 bonum
1319 1978 1408 2004 non
1439 1963 1582 2016 coluit,

250 2021 368 2061 cuius
407 2020 603 2062 fortunae
645 2021 931 2076 dignitatique
967 2037 1056 2063 non
1087 2021 1327 2063 concessit?
1373 2020 1582 2062 Versatus

248 2078 294 2118 in
326 2079 479 2119 intima
509 2079 806 2121 familiaritate
837 2080 1024 2121 hominis
1055 2079 1347 2134 potentissimi
1378 2079 1424 2120 in
1453 2079 1582 2119 maxi-

250 2137 331 2177 mis
370 2137 531 2178 nostris
564 2138 688 2178 malis
721 2140 849 2192 atque
882 2139 1104 2180 discordiis
1134 2138 1348 2179 neminem
1378 2151 1583 2190 umquam

251 2194 426 2235 alterius
469 2196 650 2236 rationis
695 2210 743 2237 ac
785 2196 922 2250 partis
957 2211 1045 2238 non
1080 2211 1142 2250 re,
1183 2210 1272 2237 non
1306 2195 1455 2248 verbo,
1496 2210 1582 2236 non
1601 2210 1636 2236 35

250 2252 372 2293 vultu
404 2253 583 2306 denique
616 2254 804 2295 offendit.
865 2254 967 2295 Fuit
997 2255 1079 2297 hoc
1111 2254 1198 2295 sive
1229 2268 1371 2294 meum
1403 2253 1490 2294 sive
1521 2254 1583 2295 rei

249 2310 445 2363 publicae
476 2311 631 2366 fatum,
670 2315 718 2353 ut
749 2313 793 2353 in
824 2328 891 2354 me
922 2328 1055 2354 unum
1087 2312 1225 2353 omnis
1256 2311 1332 2352 illa
1361 2311 1584 2353 inclinatio
