1671 2543
539 86 640 122 CAP.
668 91 758 122 7—9
786 91 804 130 ξ
833 91 874 122 18
904 91 1005 123 -24.
1348 89 1432 130 211

93 193 260 249 equites
299 193 502 249 Romani,
539 197 608 236 tot
651 194 815 236 tribuni
856 195 1011 237 aerarii
1051 194 1169 251 (nam
1206 196 1378 250 plebem
1410 212 1435 238 a

92 253 251 295 iudicio
290 253 550 308 dimisimus,
588 267 695 308 quae
735 257 889 295 cuncta
920 254 1107 296 comitiis
1140 254 1298 310 adfuit)
1331 255 1434 309 quid

92 312 280 366 roboris,
327 312 430 366 quid
473 312 700 367 dignitatis
744 312 871 354 huius
914 313 1118 368 petitioni
1162 313 1433 355 attulerunt?

92 370 194 412 Non
224 371 338 412 enim
369 371 534 412 tribum
558 370 818 425 Teretinam,
850 372 900 412 de
933 386 1017 426 qua
1045 372 1185 413 dicam
1211 372 1296 413 alio
1323 372 1432 427 loco,

56 440 71 465 5
92 429 166 471 sed
204 429 472 484 dignitatem,
504 429 578 471 sed
611 429 833 471 oculorum
863 431 1116 485 coniectum,
1149 431 1223 472 sed
1248 431 1431 473 solidam

91 490 135 530 et
183 488 408 529 robustam
451 490 495 529 et
539 488 755 529 assiduam
797 488 1086 543 frequentiam
1127 490 1430 544 praebuerunt.

90 545 255 588 Nostra
286 546 520 601 municipia
553 547 853 589 coniunctione
886 548 1018 589 etiam
1047 548 1283 590 vicinitatis
1309 548 1430 590 vehe-
1445 568 1469 609 9

90 608 257 647 menter
287 608 526 647 moventur.
580 604 747 660 Omnia,
781 620 888 660 quae
915 607 1009 648 dico
1037 607 1087 648 de
1113 606 1303 661 Plancio
1335 607 1429 649 dico
1444 629 1487 659 22

90 666 290 718 expertus
334 664 379 706 in
421 664 565 719 nobis,
609 679 756 706 sumus
798 665 912 706 enim
950 665 1126 706 finitimi
1163 641 1430 707 Atinatibus.

36 739 70 764 ιο
89 722 322 764 Laudanda
371 725 438 764 est
483 723 550 764 vel
595 723 727 764 etiam
772 724 953 765 amanda
995 724 1196 766 vicinitas
1239 725 1429 767 retinens

87 784 277 823 veterem
320 781 445 823 illum
489 781 622 823 officii
665 796 830 823 morem
876 797 964 824 non
1000 782 1217 824 infuscata
1254 783 1430 825 malivo-

87 841 234 894 lentia,
265 854 352 882 non
383 840 563 882 adsueta
594 840 839 894 mendaciis,
869 855 957 883 non
982 841 1143 895 fucosa,
1174 856 1262 883 non
1286 841 1430 896 fallax,

86 913 175 941 non
215 899 383 940 erudita
420 899 604 940 artificio
644 899 933 941 simulationis
972 900 1039 942 vel
1077 900 1324 942 suburbano
1362 901 1429 942 vel

88 958 219 999 etiam
262 958 440 999 urbano.
501 956 641 999 Nemo
679 957 867 1012 Arpinas
906 973 995 1000 non
1031 958 1208 1000 Plancio
1248 959 1427 1013 studuit,

35 1032 67 1057 15
86 1021 213 1058 nemo
242 1015 444 1070 Soranus,
467 1031 593 1058 nemo
622 1015 813 1071 Casinas,
837 1032 964 1058 nemo
991 1016 1198 1071 Aquinas.
1245 1017 1427 1059 Tractus

86 1075 159 1116 ille
192 1075 495 1117 celeberrimus
527 1074 816 1129 Venafranus,
852 1075 1087 1128 Allifanus,
1119 1079 1214 1117 tota
1245 1076 1428 1131 denique

67 1136 236 1176 nostia
271 1134 349 1175 illa
385 1148 538 1188 aspera
576 1136 620 1175 et
657 1137 887 1175 montuosa
922 1137 965 1175 et
997 1134 1136 1176 fidelis
1169 1137 1212 1176 et
1245 1135 1429 1190 simplex

86 1195 130 1234 et
166 1192 328 1233 fautrix
366 1207 542 1234 suorum
578 1192 698 1247 regio
737 1206 781 1234 se
802 1192 945 1241 huius
983 1193 1147 1234 honore
1183 1193 1344 1247 ornari,
1382 1208 1427 1235 se

86 1251 235 1306 augeri
261 1251 472 1306 dignitate
498 1251 804 1304 arbitrabatur,
830 1251 1050 1305 isdemque
1075 1266 1189 1293 nunc
1216 1266 1266 1293 ex
1292 1252 1427 1293 muni-

33 1326 66 1350 20
85 1310 208 1364 cipiis
240 1310 396 1351 adsunt
427 1310 593 1364 equites
626 1285 810 1351 Romani
840 1310 1010 1364 publice
1044 1325 1141 1352 cum
1174 1310 1425 1366 [legatione]

84 1369 335 1410 testimonio
371 1383 451 1410 nec
488 1369 652 1410 minore
689 1383 803 1410 nunc
840 1371 942 1410 sunt
974 1369 1264 1410 sollicitudine
1298 1384 1426 1424 quam

83 1430 177 1468 tum
203 1430 325 1468 erant
350 1427 506 1469 studio.
545 1427 721 1468 Etenim
748 1430 814 1469 est
839 1428 1013 1483 gravius
1041 1428 1219 1482 spoliari
1238 1427 1425 1469 fortunis

84 1500 212 1539 quam
243 1500 331 1527 non
361 1486 509 1541 augeri
538 1486 761 1541 dignitate.
810 1486 942 1542 Ergo,
974 1489 1023 1527 ut
1049 1487 1134 1527 alia
1158 1487 1203 1527 in
1228 1489 1271 1528 te
1298 1490 1422 1528 erant
1436 1496 1480 1526 23

84 1544 340 1597 illustriora,
378 1543 644 1597 Laterensis,
677 1559 785 1599 quae
816 1545 899 1586 tibi
931 1545 1116 1586 maiores
1149 1545 1213 1586 tui
1245 1546 1426 1599 relique-

31 1616 65 1641 25
85 1605 195 1656 rant,
228 1602 288 1643 sic
320 1605 363 1643 te
388 1601 590 1644 Plancius
621 1603 703 1644 hoc
728 1618 816 1644 non
842 1603 982 1644 solum
1008 1603 1243 1658 municipii,
1275 1619 1424 1646 verum

84 1661 215 1702 etiam
253 1660 489 1702 vicinitatis
525 1675 679 1716 genere
711 1662 928 1716 vincebat;
963 1662 1048 1703 nisi
1079 1661 1192 1703 forte
1224 1665 1267 1703 te
1298 1661 1424 1703 Labi-

85 1734 190 1761 cana
234 1721 308 1760 aut
347 1717 515 1760 Gabina
557 1722 631 1760 aut
667 1719 894 1761 Bovillana
936 1720 1137 1761 vicinitas
1179 1720 1423 1774 adiuvabat,

85 1778 241 1832 quibus
292 1792 313 1818 e
363 1777 608 1831 municipiis
652 1778 723 1818 vix
766 1778 870 1832 iam,
921 1778 994 1831 qui
1038 1792 1209 1819 carnem
1252 1778 1421 1819 Latinis

82 1838 246 1890 petant,
278 1836 560 1889 reperiuntur.
621 1835 932 1890 Adiungamus,
965 1837 1001 1876 si
1032 1836 1109 1890 vis,
1140 1836 1195 1890 id,
1228 1837 1342 1890 quod
1373 1839 1422 1878 tu

30 1908 64 1932 30
82 1895 182 1936 huic
209 1895 359 1935 obesse
386 1894 517 1935 etiam
542 1896 683 1948 putaS,
708 1897 875 1948 patrem
900 1895 1198 1949 publicanum,
1223 1895 1296 1948 qui
1317 1896 1420 1937 ordo

84 1955 244 2006 quanto
266 1953 512 1994 adiumento
534 1952 592 1993 sit
610 1952 655 1993 in
674 1952 849 2006 honore,
871 1953 965 2006 quis
985 1953 1152 1994 nescit?
1185 1952 1288 1995 Flos
1307 1954 1420 1994 enim

82 2012 276 2065 equitum
296 2010 602 2063 Romanorum,
630 2014 929 2052 ornamentum
954 2011 1156 2066 civitatiS,
1180 2012 1419 2053 firmamen-

81 2072 175 2111 tum
200 2070 262 2111 rei
281 2070 478 2124 publicae
498 2069 825 2123 publicanorum
847 2070 993 2111 ordine
1014 2070 1270 2112 continetur.
1314 2071 1417 2119 Quis
1433 2080 1477 2110 24

82 2131 148 2169 est
184 2128 337 2184 igitur,
375 2128 448 2182 qui
484 2130 615 2183 neget
653 2128 813 2169 ordinis
852 2129 942 2170 eius
981 2129 1172 2170 studium
1208 2128 1342 2170 fuisse
1373 2130 1419 2171 in

27 2199 61 2224 35
79 2186 242 2228 honore
262 2186 411 2228 Planci
437 2186 684 2242 singulare?
728 2186 878 2241 Neque
904 2187 1072 2241 iniuria,
1097 2187 1164 2228 vel
1192 2187 1304 2241 quod
1326 2191 1418 2229 erat

79 2247 205 2299 pater
234 2245 289 2299 is,
322 2246 395 2300 qui
428 2248 494 2286 est
524 2245 723 2299 princeps
755 2245 842 2286 iam
874 2246 946 2287 diu
976 2246 1318 2300 publicanorum,
1349 2247 1417 2288 vel

82 2303 194 2357 quod
231 2303 269 2345 is
301 2304 355 2345 ab
389 2304 516 2346 sociis
547 2304 671 2345 unice
703 2304 964 2359 diligebatur
995 2305 1062 2345 vel
1095 2304 1208 2359 quod
1240 2304 1415 2360 diligen-

1129 2372 1199 2407 14*
