1671 2543
516 69 616 106 CAP.
644 74 781 106 65--67
809 75 828 114 ς
856 75 1051 106 136—140.
1397 72 1451 113 61

113 178 317 232 honores,
353 193 407 220 ne
445 178 664 234 attingant
701 193 790 220 rem
824 179 1058 234 publicam,
1095 180 1316 234 patiantur
1346 180 1455 222 viro-

113 251 210 277 rum
246 237 425 279 fortium
462 237 608 279 labore
646 252 691 279 se
727 238 815 279 otio
848 253 924 280 suo
956 238 1130 293 perfrui.
1194 238 1278 288 Qui
1310 241 1454 280 autem
1470 249 1535 280 139

114 295 273 337 bonam
304 295 465 337 famam
495 296 724 349 bonorum,
761 311 868 351 quae
901 297 993 338 sola
1022 311 1120 338 vere
1151 297 1292 353 gloria
1321 298 1456 338 nomi-

113 354 209 394 nari
239 356 402 409 potest,
437 357 660 409 expetunt,
692 355 786 396 aliis
820 356 957 397 otium
989 370 1192 410 quaerere
1224 356 1381 398 debent
1413 359 1456 397 et

78 423 95 449 5
115 412 370 467 voluptates,
400 427 488 455 non
519 413 613 455 sibi.
676 412 922 455 Sudandum
951 417 1017 456 est
1040 415 1093 455 iis
1119 429 1196 469 pro
1224 414 1455 456 communi-

114 471 195 512 bus
228 472 474 526 commodis,
508 472 725 514 adeundae
756 473 1019 527 inimicitiae,
1051 473 1295 514 subeundae
1328 488 1455 527 saepe

113 544 192 583 pro
235 544 281 571 re
323 530 497 584 publica
538 533 834 585 tempestates,
879 546 975 573 cum
1017 532 1165 573 multis
1210 532 1453 584 audacibus,

113 588 320 643 inprobis,
350 603 438 630 non
464 603 699 644 numquam
725 591 855 631 etiam
879 591 1129 644 potentibus
1156 591 1454 632 dimicandum.

114 645 234 688 Haec
265 647 504 689 audivimus
536 648 586 689 de
616 649 954 690 clarissimorum
979 650 1169 690 virorum
1196 649 1386 691 consiliis
1414 653 1457 690 et

65 718 96 742 ιο
114 704 258 760 factis,
296 706 401 748 haec
432 707 692 761 accepimus,
729 707 835 749 haec
865 708 1062 763 legimus.
1123 707 1274 762 Neque
1307 723 1378 749 eos
1412 708 1457 748 in

113 763 238 805 laude
263 765 430 819 positos
455 765 659 819 videmus,
692 766 765 820 qui
790 766 1025 807 incitarunt
1051 766 1279 821 aliquando
1305 767 1456 821 populi

115 822 280 864 animos
325 824 378 864 ad
421 824 691 878 seditionem,
736 827 811 865 aut
848 825 922 879 qui
959 825 1189 880 largitione
1228 828 1456 866 caecarunt

114 884 279 922 mentes
311 882 623 937 imperitorum,
655 885 730 924 aut
761 883 834 937 qui
865 884 991 924 fortis
1024 886 1067 924 et
1098 884 1236 925 claros
1267 884 1383 925 viros
1413 886 1456 924 et

114 940 221 980 bene
253 940 304 981 de
335 956 380 981 re
412 941 584 995 publica
615 942 792 983 meritos
821 942 866 982 in
890 942 1096 983 invidiam
1121 942 1311 996 aliquam
1334 957 1456 983 voca·

62 1010 94 1035 15
113 1001 277 1039 verunt.
338 998 465 1040 Levis
497 1000 576 1041 hos
609 1015 776 1054 semper
806 1001 947 1041 nostri
977 1001 1173 1042 homines
1206 1004 1249 1041 et
1275 1001 1454 1042 audaces

114 1059 158 1097 et
182 1058 319 1098 malos
346 1060 390 1099 et
413 1058 677 1112 perniciosos
705 1059 816 1100 cives
842 1061 1113 1112 putaverunt.
1168 1059 1229 1100 At
1254 1074 1353 1100 vero
1381 1060 1455 1113 qui

111 1115 268 1157 horum
298 1116 468 1171 inpetus
499 1119 541 1158 et
560 1120 739 1159 conatus
758 1120 1065 1171 represserunt,
1092 1117 1165 1171 qui
1186 1117 1456 1171 auctoritate,

115 1174 187 1228 qui
221 1175 320 1229 fide,
360 1176 432 1229 qui
465 1176 723 1231 constantia,
762 1176 835 1230 qui
866 1176 1163 1231 magnitudine
1195 1176 1328 1217 animi
1360 1190 1454 1218 con-

114 1232 222 1274 siliis
255 1234 479 1275 audacium
510 1235 773 1288 restiterunt,
804 1235 850 1275 hi
882 1248 1047 1289 graves,
1078 1234 1125 1275 hi
1149 1235 1378 1288 principes,
1408 1234 1455 1275 hi

60 1303 94 1328 20
113 1291 252 1345 duces,
273 1292 320 1333 hi
339 1295 534 1334 auctores
553 1293 682 1335 huius
702 1293 927 1349 dignitatis
948 1295 1075 1348 atque
1096 1293 1266 1347 imperii
1287 1307 1455 1347 semper

112 1349 252 1391 habiti
284 1353 396 1392 sunt.
1505 1401 1528 1413 .-

200 1409 265 1450 Ac
289 1424 342 1450 ne
369 1410 464 1464 quis
490 1425 541 1452 ex
565 1412 715 1452 nostro
742 1413 816 1451 aut
842 1410 1085 1465 aliquorum
1109 1413 1333 1465 praeterea
1353 1425 1453 1452 casu
1475 1401 1523 1441 61

112 1467 222 1509 hanc
241 1468 354 1509 vitae
374 1469 488 1510 viam
507 1469 795 1523 pertimescat,
819 1484 929 1510 unus
949 1469 995 1510 in
1012 1470 1093 1511 hac
1114 1470 1300 1523 civitate,
1327 1484 1455 1523 quem
1470 1461 1537 1492 14st

115 1525 286 1579 quidem
316 1541 395 1581 ego
421 1541 598 1581 possum
624 1528 773 1578 dicere,
804 1528 1021 1582 praeclare
1048 1528 1113 1569 vir
1139 1528 1189 1569 de
1215 1543 1260 1569 re
1280 1528 1451 1582 publica

61 1602 94 1626 25
113 1585 305 1638 meritus,
323 1584 370 1625 L.
387 1585 595 1639 Opimius,
614 1586 924 1642 indignissume
945 1586 1147 1641 concidit3
1168 1587 1287 1628 cuius
1307 1601 1454 1628 monu-

114 1645 306 1684 mentum
335 1644 672 1685 celeberrumum
696 1645 742 1685 in
766 1645 873 1697 fore,
906 1645 1180 1698 sepulchrum
1206 1645 1453 1686 desertissu-

114 1716 232 1742 mum
262 1702 307 1742 in
338 1702 464 1743 litore
496 1701 765 1756 Dyrrachino
798 1703 996 1744 relictum
1027 1705 1103 1744 est.
1164 1703 1308 1756 Atque
1339 1703 1452 1744 hunc

114 1763 260 1800 tamen
287 1760 540 1815 fiagrantem
567 1761 726 1802 invidia
750 1763 928 1815 propter
952 1761 1176 1802 interitum
1203 1761 1247 1802 C.
1269 1760 1453 1802 Gracchi

116 1833 283 1872 semper
313 1818 405 1872 ipse
436 1819 620 1873 populus
646 1819 866 1860 Romanus
897 1819 1086 1873 periculo
1118 1819 1337 1873 liberavit,
1369 1819 1452 1860 alia

61 1894 95 1919 30
116 1877 324 1930 quaedam
362 1877 496 1918 civem
534 1878 756 1932 egregium
794 1877 931 1930 iniqui
964 1877 1111 1918 iudicii
1141 1877 1330 1931 procella
1361 1892 1452 1931 per-

114 1936 254 1977 vertit.
317 1935 459 1978 Ceteri
490 1950 591 1977 vero
624 1938 699 1976 aut
729 1936 953 1989 repentina
983 1936 1026 1976 vi
1056 1936 1243 1989 perculsi
1275 1950 1324 1977 ac
1348 1938 1452 1977 tem-

113 1996 279 2048 pestate
318 1995 517 2049 populari
554 2009 630 2048 per
666 1995 874 2048 populum
911 1996 1055 2035 tamen
1091 1994 1234 2048 ipsum
1270 1996 1452 2035 recreati

114 2055 214 2094 sunt
251 2055 379 2107 atque
416 2053 604 2094 revocati
642 2055 716 2093 aut
747 2052 919 2093 omnino
951 2053 1209 2093 involnerati
1240 2053 1451 2094 inviolati-

115 2126 196 2165 que
227 2112 435 2153 vixerunt.
498 2112 558 2152 At
589 2126 689 2152 Vero
721 2111 764 2164 ii,
796 2111 870 2164 qui
902 2113 1074 2151 senatus
1107 2110 1345 2164 consilium,
1377 2112 1451 2165 qui

62 2187 94 2211 35
115 2171 415 2212 auctoritatem
444 2171 666 2222 bonorum,
699 2169 772 2223 qui
797 2169 997 2210 instituta
1021 2169 1233 2211 maiorum
1256 2170 1450 2224 neglexe-

115 2231 216 2269 runt
253 2232 296 2269 et
332 2229 556 2283 imperitae
595 2231 669 2268 aut
704 2228 941 2269 concitatae
979 2227 1246 2269 multitudini
1276 2227 1451 2269 iucundi

115 2301 207 2328 esse
250 2287 494 2342 voluerunt,
538 2301 683 2328 omnes
721 2286 809 2327 fere
846 2286 908 2326 rei
945 2286 1142 2340 publicae
1178 2301 1337 2341 poenas
1376 2290 1451 2328 aut
