1671 2543
200 125 286 167 478
360 125 410 160 IN
437 127 483 161 M.
512 126 769 161 AN'I'ONIUM
795 126 970 161 ORATIO
997 126 1265 162 PHILIPPICA
1290 127 1385 163 vm.

197 234 366 289 civium,
398 235 470 276 sed
502 235 547 275 in
574 234 766 275 maxima
792 235 1068 276 consensione
1095 235 1419 290 incredibilique
1445 250 1540 278 con-

197 293 351 335 cordia.
421 293 579 335 Omnes
623 293 735 334 idem
775 294 942 344 volunt,
987 294 1098 335 idem
1137 293 1385 346 defendunt,
1428 294 1539 336 idem

198 352 400 394 sentiunt.
464 351 572 394 Cum
613 367 758 393 omnes
799 353 910 406 dico,
948 367 1020 394 eos
1053 353 1236 407 excipio,
1275 367 1381 407 quos
1412 368 1537 395 nemo

197 411 372 452 civitate
405 411 557 466 dignos
589 413 728 464 putat.
785 410 901 460 Quae
934 414 999 452 est
1031 411 1164 467 igitur
1197 412 1240 452 in
1272 411 1410 453 medio
1436 412 1537 453 belli

198 484 326 511 causa
357 469 527 524 posita?
584 469 675 511 Nos
708 470 883 511 deorum
915 471 1226 511 immortalium
1256 471 1428 525 templa,
1459 485 1537 512 nos
1575 481 1591 507 ⁵

198 543 361 582 muros,
398 542 476 569 nos
516 528 733 570 domicilia
771 529 974 583 sedesque
1008 529 1158 583 populi
1190 528 1392 583 Romani,
1431 544 1538 584 aras,

197 587 333 640 focos,
366 587 592 641 sepulchra
623 587 852 642 maiorum,
881 602 960 629 nos
992 588 1130 643 leges,
1162 588 1336 642 iudicia,
1367 588 1538 630 liberta-

198 649 302 698 tem,
347 646 569 701 coniuges,
612 646 789 700 liberos,
833 646 1020 700 patriam
1061 646 1345 702 defendimus3
1389 650 1539 688 contra

197 704 253 745 M.
292 704 508 746 Antonius
546 705 589 746 id
628 705 821 758 molitur,
865 705 908 746 id
945 710 1127 760 pugnat,
1168 708 1215 746 ut
1252 705 1356 746 haec
1395 706 1538 747 omnia

196 764 437 818 perturbet,
470 765 645 813 evertat,
677 764 879 818 praedam
910 764 971 805 rei
1002 764 1198 818 publicae
1232 778 1403 806 causam
1434 765 1535 806 belli
1561 776 1591 799 ιο

196 825 337 876 putet,
373 822 571 864 fortunas
607 825 779 864 nostras
817 823 977 877 partim
1015 823 1224 877 dissupet,
1264 822 1422 877 partim
1458 823 1538 864 dis-

197 881 356 936 pertiat
387 881 624 936 parricidis.
805 932 807 934 q

162 945 182 976 9
284 939 335 981 In
367 940 447 982 hac
481 943 569 981 'tam
602 940 762 994 dispari
795 940 960 982 ratione
989 940 1092 981 belli
1119 941 1406 982 miserrimum
1432 941 1537 982 illud

196 1002 273 1053 est,
301 999 412 1053 quod
438 999 511 1040 ille
537 999 778 1041 latronibus
806 999 893 1047 suis
914 999 1142 1053 pollicetur
1162 1000 1349 1053 primum
1369 999 1536 1049 domos3

195 1058 345 1099 urbem
384 1058 498 1099 enim
530 1058 765 1099 divisurum
798 1073 841 1099 se
875 1058 1116 1112 confirmat,
1154 1058 1302 1099 deinde
1336 1059 1535 1100 omnibus
1561 1069 1589 1094 15

195 1117 346 1171 portis,
379 1131 463 1171 quo
497 1117 642 1171 velint,
674 1117 966 1158 deducturum.
1031 1117 1189 1158 Omnes
1223 1115 1418 1171 Cafones,
1452 1132 1537 1159 om-

195 1190 269 1217 nes
298 1174 432 1217 Saxae
461 1179 890 1232 ceteraequeppestea
923 1190 1029 1230 quae
1060 1179 1262 1217 secuntur
1287 1176 1536 1230 Antonium,

197 1235 320 1275 aedes
345 1235 427 1275 sibi
450 1235 649 1288 optimas,
675 1235 836 1287 hortos,
856 1234 1108 1288 Tusculana,
1129 1234 1298 1275 Albana
1318 1234 1536 1276 definiunt.

196 1293 339 1347 Atque
372 1293 501 1334 etiam
532 1293 728 1334 homines
762 1296 965 1348 agrestes,
998 1294 1033 1334 si
1065 1293 1260 1334 homines
1287 1293 1350 1334 illi
1377 1307 1425 1334 ae
1450 1307 1533 1334 non

194 1352 377 1406 pecudes
410 1352 566 1405 potius,
599 1351 714 1392 inani
748 1366 821 1405 spe
855 1352 907 1392 ad
939 1366 1071 1405 aquas
1103 1365 1236 1404 usque
1263 1354 1305 1392 et
1330 1351 1533 1393 Puteolos·
1556 1363 1589 1387 το

195 1410 500 1464 provehuntur.
561 1409 680 1465 Ergo
713 1410 843 1451 habet
875 1410 1107 1462 Antonius,
1149 1410 1261 1463 quod
1295 1410 1382 1451 suis
1415 1410 1534 1464 polli-

197 1473 360 1522 ceatur3
398 1468 528 1523 quid‘?
565 1482 644 1509 nos
680 1483 782 1509 num
815 1468 915 1523 quid
948 1469 1032 1509 tale
1064 1468 1302 1509 habemus?
1365 1467 1420 1510 Di
1453 1484 1535 1510 me-

195 1527 319 1568 liora!
359 1526 402 1568 id
441 1527 554 1568 enim
591 1527 734 1581 ipsum
773 1527 958 1582 agimus,
995 1542 1047 1568 ne
1084 1527 1178 1580 quis
1210 1527 1391 1581 posthac
1424 1528 1537 1582 quic-

197 1601 324 1640 quam
369 1586 458 1627 eius
497 1586 615 1627 modi
654 1586 792 1639 possit
829 1586 1033 1640 polliceri.
1101 1585 1267 1627 Invitus
1307 1586 1534 1641 dico,·sed

196 1645 419 1686 dicendum
474 1648 550 1685 est.
631 1644 768 1685 Hasta
825 1644 1036 1699 Caesaris,
1098 1648 1242 1698 patres
1293 1645 1535 1699 conscripti.
1557 1656 1588 1681 25

195 1704 343 1744 multis
371 1704 563 1758 inprobis
591 1706 633 1744 et
659 1718 778 1757 spem
809 1702 946 1744 adfert
975 1706 1018 1744 et
1043 1704 1275 1745 audaciam.
1326 1703 1537 1745 Viderunt

199 1763 312 1804 enim
345 1777 393 1803 ex
427 1762 632 1804 mendicis
664 1763 755 1803 fieri
788 1765 960 1816 repente
993 1762 1158 1816 divites,
1190 1762 1334 1817 itaque
1368 1777 1535 1817 semper

196 1823 367 1862 hastam
400 1821 539 1862 videre
573 1821 751 1875 cupiunt
784 1821 825 1873 ii,
858 1821 928 1875 qui
954 1821 1115 1862 nostris
1142 1821 1265 1862 bonis
1292 1821 1535 1875 imminent,

141 1888 182 1919 10
198 1880 353 1934 quibus
387 1880 529 1920 omnia
561 1880 787 1934 pollicetur
814 1880 1040 1921 Antonius.
1097 1879 1235 1928 Quid?
1268 1893 1345 1921 nos
1373 1881 1533 1921 nostris

195 1938 452 1980 exercitibus
503 1938 603 1992 quid
648 1938 928 1992 pollicemur?
1001 1937 1140 1980 Multo
1185 1939 1363 1979 meliora
1407 1941 1532 1993 atque
1554 1951 1588 1975 ³⁰

195 1998 368 2039 maiora.
414 1995 630 2038 Scelerum
651 1997 764 2038 enim
783 1997 1012 2051 promissio
1034 2000 1076 2038 et
1096 1997 1160 2051 iis,
1182 1997 1252 2051 qui
1274 2000 1534 2051 exspectant,

195 2056 434 2110 perniciosa
472 2058 538 2096 est
575 2058 618 2097 et
649 2055 719 2108 iis,
759 2055 830 2109 qui
862 2055 1142 2109 promittunt,
1178 2069 1256 2097 nos
1288 2055 1530 2097 libertatem

194 2115 355 2156 nostris
389 2114 618 2168 militibus,
650 2114 783 2169 leges,
815 2114 924 2167 iura,
957 2114 1123 2166 iudicia,
1159 2114 1386 2169 imperium
1418 2113 1532 2156 orbis

196 2176 346 2227 terrae,
379 2173 653 2228 dignitatem,
686 2187 846 2226 pacem,
879 2173 1013 2213 otium
1044 2172 1308 2227 pollicemur.
1368 2172 1532 2213 Antoni

195 2232 328 2285 igitur
347 2232 560 2286 promissa
580 2234 765 2284 cruenta,
787 2234 937 2285 taetra,
957 2231 1174 2284 scelerata,
1195 2231 1258 2272 dis
1272 2229 1532 2272 hominibus·
1552 2241 1584 2267 3⁵

197 2305 276 2343 que
309 2290 464 2343 invisa,
501 2304 577 2331 nec
610 2290 811 2330 diuturna
842 2304 918 2331 nec
950 2290 1171 2343 salutaria,
1203 2291 1350 2330 nostra
1383 2291 1532 2330 contra

194 2347 387 2401 honesta,
414 2349 593 2403 integra,
614 2348 814 2403 gloriosa,
834 2348 959 2402 plena
978 2348 1180 2401 laetitiae,
1201 2347 1325 2401 plena
1344 2346 1531 2400 pietatis.
1552 2392 1554 2395 y
1590 2347 1604 2352 “
