1671 2543
214 80 302 121 430
335 79 386 114 IN
412 79 460 114 M.
486 76 744 113 ANTONIUM
771 76 844 113 ΟΒ.
871 76 991 111 PHIL.
1017 76 1080 110 ΙΙΙ,
1124 75 1224 112 CAP.
1253 80 1294 111 15
1321 80 1341 119 ξ
1367 81 1518 112 37-39.

217 187 268 229 de
302 201 471 228 summa
502 201 546 228 re
578 185 753 240 publica
784 184 918 226 libere
951 184 1035 226 dici
1066 184 1248 239 possint,
1280 184 1331 226 de
1357 199 1407 226 ea
1432 199 1477 226 re
1503 184 1565 226 ita

216 260 388 299 censeo,
426 245 491 286 uti
530 243 573 286 C.
612 243 755 285 Pansa
792 242 843 285 A.
874 242 1063 296 Hirtius,
1102 243 1299 284 consules
1336 243 1566 298 designati,

216 305 319 346 dent
351 318 544 358 operam,
576 303 642 343 uti
675 305 849 344 senatus
880 300 1085 343 Kalendis
1118 301 1331 343 Ianuariis
1363 304 1461 343 tuto
1492 302 1564 343 ha-

216 363 310 404 beri
348 362 500 416 possit.
536 360 771 416 ·Quodque
810 360 997 402 edictum
1027 359 1079 401 D.
1111 359 1239 402 Bruti
1276 361 1564 415 imperatoris,

219 421 407 464 consulis
434 420 661 475 designati,
691 419 964 474 propositum
989 419 1060 473 sit,
1092 422 1289 460 senatum
1315 419 1563 461 existimare
1599 435 1617 461 5

218 479 270 522 D.
290 479 475 521 Brutum
502 479 820 533 imperatorem,
847 478 1065 520 consulem
1089 478 1375 533 designatum,
1401 479 1563 533 optime

216 539 266 580 de
305 553 349 579 re
388 538 563 593 publica
599 537 772 592 mereri,
810 552 907 579 cum
945 540 1120 578 senatus
1154 537 1460 579 auctoritatem
1490 551 1564 592 po-

215 597 389 652 pulique
438 596 624 638 Romani
678 596 926 647 libertatem
981 596 1295 650 imperiumque
1346 596 1563 650 defendat3

156 670 200 702 38
217 656 413 711 quodque
463 655 729 710 provinciam
774 653 961 696 Galliam
1011 655 1255 696 citeriorem
1299 655 1559 709 optimorum

217 717 260 756 et
291 714 631 756 fortissimorum
666 714 891 766 [virorum]
926 713 1373 768 amicissimorumque
1401 714 1464 754 rei
1488 728 1562 768 pu-
1583 729 1617 755 10

215 773 353 815 blicae
393 773 550 815 civium
589 773 907 827 exercitumque
945 773 990 814 in
1031 775 1205 814 senatus
1243 775 1463 827 potestate
1502 787 1563 814 re-

215 832 365 886 tineat,
401 832 444 873 id
476 846 573 874 eum
606 832 926 886 exercitumque
959 831 1062 885 eius,
1093 831 1340 886 municipia,
1371 831 1562 873 colonias

215 891 461 946 provinciae
489 889 655 932 Galliae
685 893 799 932 recte
827 893 956 945 atque
983 890 1131 932 ordine
1157 904 1292 944 exque
1319 905 1364 931 re
1388 890 1564 945 publica

215 949 368 992 fecisse
401 953 445 991 et
474 949 627 992 facere.
679 945 885 991 Senatum
911 949 963 990 ad
989 963 1202 990 summam
1228 963 1318 990 rem
1343 949 1562 1003 publicam

215 1009 430 1063 pertinere
464 1008 666 1050 arbitrari
698 1008 751 1050 ab
784 1007 836 1050 D.
868 1007 1005 1049 Bruto
1038 1011 1081 1049 et
1112 1007 1159 1049 L.
1189 1007 1349 1049 Planco
1381 1008 1561 1062 impera·
1583 1024 1615 1049 15

215 1068 402 1121 toribus,
435 1067 683 1109 consulibus
717 1067 972 1122 designatis,
1004 1066 1194 1121 itemque
1227 1081 1251 1108 a
1283 1067 1455 1121 ceteris,
1488 1066 1562 1122 qui

215 1126 457 1181 provincias
492 1127 708 1181 optinent,
747 1126 932 1180 optineri
965 1140 1016 1166 ex
1047 1126 1140 1181 lege
1173 1125 1303 1180 Iulia,
1340 1125 1480 1180 quoad
1511 1140 1563 1167 ex

216 1188 390 1227 senatus
425 1185 622 1227 consulto
656 1184 807 1239 cuique
841 1199 989 1226 eorum
1022 1199 1266 1226 successum
1299 1184 1368 1238 sit,
1403 1198 1562 1239 eosque

214 1245 314 1285 dare
360 1259 552 1298 operam,
596 1247 644 1285 ut
688 1258 760 1285 eae
804 1243 1050 1298 provinciae
1095 1245 1222 1297 atque
1267 1243 1478 1284 exercitus
1517 1243 1561 1284 in

216 1302 355 1344 senati
399 1302 634 1356 populique
672 1301 858 1343 Romani
902 1304 1119 1355 potestate
1162 1301 1460 1356 praesidioque
1500 1301 1561 1342 rei
1581 1316 1615 1341 20

214 1360 411 1415 publicae
438 1361 536 1401 sint.
593 1359 785 1414 Cumque
812 1374 953 1414 opera,
983 1359 1155 1409 virtute,
1183 1359 1361 1401 consilio
1389 1358 1434 1401 C.
1462 1358 1562 1401 Cae-

215 1419 323 1461 saris
362 1432 615 1472 summoque
654 1432 863 1460 consensu
902 1418 1090 1459 militum
1128 1421 1448 1472 veteranorum,
1488 1418 1562 1472 qui

215 1478 305 1520 eius
352 1477 655 1519 auctoritatem
698 1477 834 1518 secuti
872 1477 933 1518 rei
971 1476 1169 1531 publicae
1207 1477 1422 1530 praesidio
1461 1480 1562 1518 sunt

215 1539 258 1578 et
296 1535 488 1589 fuerunt,
529 1551 552 1577 a
588 1535 855 1591 gravissimis
888 1535 1089 1590 periculis
1123 1535 1306 1589 populus
1338 1535 1560 1577 Romanus

156 1603 199 1634 39
215 1594 413 1636 defensus
447 1595 504 1635 sit
536 1597 579 1636 et
607 1594 688 1636 hoc
715 1597 908 1648 tempore
936 1594 1206 1648 defendatur,
1239 1608 1418 1648 cumque
1444 1594 1559 1650 legio
1579 1608 1613 1635 25

214 1652 373 1694 Martia
406 1653 542 1695 Albae
582 1653 848 1707 constiterit,
885 1653 929 1694 in
967 1653 1201 1707 municipio
1233 1653 1484 1694 fidelissimo
1517 1655 1561 1694 et

214 1712 467 1766 fortissimo,
499 1726 676 1766 seseque
709 1712 761 1753 ad
793 1714 968 1753 senatus
995 1712 1300 1754 auctoritatem
1324 1711 1559 1766 populique

214 1771 398 1813 Romani
436 1771 684 1812 libertatem
722 1770 972 1825 contulerit,
1014 1773 1057 1811 et
1095 1771 1209 1824 quod
1245 1770 1340 1824 pari
1379 1770 1558 1812 consilio

214 1830 446 1885 eademque
496 1830 657 1871 virtute
707 1829 821 1884 legio
872 1831 1027 1884 quarta
1074 1835 1154 1870 us'a
1202 1827 1248 1869 L.
1297 1828 1558 1884 Egnatuleio

216 1892 442 1943 quaestore
475 1888 591 1942 duce,
625 1888 706 1930 civi
733 1888 920 1943 egregio,
952 1890 1125 1929 senatus
1153 1887 1458 1928 auctoritatem
1483 1901 1556 1942 po·
1577 1903 1612 1928 30

212 1948 389 2002 pulique
416 1946 600 1988 Romani
632 1947 880 1988 libertatem
906 1946 1106 1988 defendat
1135 1960 1183 1987 ac
1210 1945 1465 1988 defenderit:
1498 1960 1559 1987 se-

212 2007 335 2047 natui
368 2020 549 2061 magnae
584 2020 709 2047 curae
743 2020 834 2046 esse
861 2019 910 2048 ac
935 2005 1038 2058 fore,
1070 2007 1118 2045 ut
1143 2019 1222 2059 pro
1248 2004 1383 2046 tantis
1410 2018 1557 2046 eorum

213 2065 257 2106 in
283 2080 374 2106 rem
400 2065 618 2119 publicam
640 2064 806 2105 meritis
830 2064 1014 2105 honores
1036 2063 1096 2104 eis
1116 2063 1357 2104 habeantur
1376 2063 1557 2118 gratiae-

213 2138 293 2178 que
314 2123 566 2165 referantur.
601 2121 778 2164 Senatui
798 2122 978 2176 plaeere,
997 2122 1064 2163 uti
1084 2120 1129 2164 C.
1149 2121 1290 2163 Pansa
1309 2121 1359 2162 A.
1373 2120 1556 2173 Hirtius,

214 2182 410 2223 consules
449 2182 682 2238 designati,
723 2195 819 2222 cum
859 2181 1165 2236 magistratum
1196 2180 1393 2233 inissent,
1425 2178 1462 2220 si
1493 2179 1554 2220 eis
1575 2195 1609 2220 35

213 2240 441 2290 videretur,
461 2241 601 2295 primo
619 2254 787 2295 quoque
802 2242 995 2294 tempore
1011 2239 1060 2280 de
1073 2239 1142 2280 his
1156 2239 1283 2280 rebus
1298 2237 1350 2278 ad
1364 2237 1477 2278 hunc
1492 2252 1555 2279 or-

212 2298 355 2339 dinem
376 2298 595 2353 referrent,
616 2300 678 2339 ita
697 2298 762 2340 uti
777 2312 798 2339 e
813 2313 857 2339 re
871 2298 1046 2352 publica
1059 2297 1224 2350 fideque
1239 2309 1316 2337 sua
1329 2295 1555 2337 videretur.
