1671 2543
525 100 802 136 ADNOTATIO
829 99 1028 136 CRITICA.
1367 100 1449 135 LXI

107 207 173 242 sed
197 219 231 252 p.
254 211 332 242 304.
348 212 391 242 31
418 207 639 251 malleorum,
663 218 739 242 non
763 208 968 251 malleolor„
994 206 1035 250 E,
1062 207 1108 242 de
1131 218 1203 251 quo
1228 208 1331 241 tacet
1349 206 1447 242 Bait.

108 276 150 280 —
171 255 211 290 P.
227 258 304 290 188.
320 258 363 289 32
388 255 412 300 †
436 255 525 290 solio
543 254 679 298 Halm.‚
705 255 800 290 dolio
825 255 869 290 A.
888 254 1058 299 August„
1083 255 1179 290 dolio
1205 255 1276 289 imo
1295 253 1447 288 Badeno

107 302 206 337 auct.
232 301 360 346 Kays.,
390 302 505 337 solido
535 302 632 346 Ieep.
658 300 837 336 Fleckeis.
871 312 954 336 ann.
983 305 1073 336 1860
1103 313 1140 347 Ρ.
1161 305 1228 336 619
1256 312 1327 345 sq.,
1362 302 1449 336 dum

106 349 260 384 bellaria
278 350 535 384 ministrantur
552 349 709 393 Pantag.
729 348 762 382 N
768 360 814 383 on
832 348 962 392 h'queh.
981 369 1028 375 —
1047 348 1084 384 P.
1103 353 1179 383 189.
1195 353 1215 383 2
1238 359 1290 392 sq.
1310 359 1389 384 vere
1407 352 1449 383 ut

108 395 213 430 codd.
227 397 377 440 praeber
389 395 433 440 V,
453 395 548 439 Asc„
568 395 700 439 Klotz,
720 400 761 431 ut
779 408 856 432 vere
869 396 912 439 V,
932 395 1066 440 Halm.,
1085 395 1196 440 Kays.
1212 416 1256 421 —
1276 395 1316 431 P.
1333 400 1410 430 189.
1427 399 1449 429 4

106 444 282 488 quamdiu
297 447 363 478 aut
378 442 421 478 K.
436 443 475 477 et
491 442 572 478 Sch.
586 443 671 477 Asc.
686 455 721 487 p.
733 447 838 477 1421
853 443 954 477 haud
973 442 1049 478 scio
1066 453 1114 477 an
1133 444 1244 486 recte,
1259 447 1325 477 aut
1341 442 1446 476 codd.

105 491 203 533 Asc.,
223 500 294 525 om.
315 491 500 536 quamdiu.
516 511 558 515 -
579 490 632 526 Ib.
651 491 821 526 humanis
841 501 919 532 scr.,
946 491 1031 526 aliis
1047 490 1166 534 vulg,
1193 501 1226 525 v.
1247 489 1342 523 Phil.
1362 488 1447 523 XIX

107 541 187 581 631,
211 548 334 582 progr.
354 537 515 571 Landsb.
532 540 622 572 1865
645 549 680 582 p.
698 542 750 571 13.
768 559 809 562 —
830 537 869 572 P.
887 541 963 573 189.
979 541 999 573 5
1019 549 1099 573 cum
1118 537 1247 581 Pluyg.
1266 538 1340 571 Mn.
1357 540 1444 571 1861

105 596 142 629 p.
165 588 231 619 106
258 595 323 628 sq„
349 588 426 620 tum
450 595 530 620 cum
555 585 659 619 codd.
680 586 829 629 praeter
847 584 881 619 V
906 584 990 620 fort.
1014 586 1114 619 recte
1141 584 1199 627 (cf.
1221 587 1371 627 269.17‚
1400 582 1448 617 ad

106 635 188 668 271.
203 634 274 674 27).
296 652 339 657 —-
365 630 405 667 P.
422 634 557 667 189.15
584 636 617 667 et
642 642 721 675 scr„
748 636 798 667 est
822 631 865 674 V,
892 642 984 666 recc.
1006 631 1100 675 edd„
1127 642 1198 667 om.
1219 632 1306 666 cett.
1328 630 1447 675 codd,

105 679 198 713 vett.
213 677 298 713 edd.
312 679 372 721 (ad
391 690 426 723 p.
439 682 551 721 418),
571 682 621 714 est
639 683 672 714 et
690 678 821 723 Pluyg.
836 678 908 713 Mn.
921 683 1008 714 1861
1023 690 1058 724 p.
1071 683 1146 721 107,
1167 677 1290 712 Madv.
1304 677 1396 713 Adv.
1413 678 1448 712 Π

105 737 142 771 p.
157 729 236 761 228.
270 726 339 761 Est
357 736 424 770 pro
444 729 478 760 et
498 736 564 761 scr.
579 737 613 770 p.
627 730 736 761 5415
757 736 883 760 omnes
904 730 949 767 (st
968 725 1023 770 P),
1042 729 1178 761 217.26
1199 725 1276 768 TE,
1299 729 1446 768 36823,

106 777 186 808 392.
201 777 244 807 21
261 774 393 817 (corn),
413 776 492 807 411.
508 777 564 816 28,
586 777 664 807 466.
678 777 697 807 3
712 774 823 817 (estsi)
837 772 880 816 V,
899 777 979 807 400.
994 777 1049 816 34,
1069 777 1202 808 413.10
1223 774 1249 816 t,
1271 776 1378 807 500.1
1396 772 1446 814 D,

106 825 140 855 et
157 831 224 865 pro
245 824 294 855 est
319 832 352 863 p.
370 823 422 854 14.
438 823 482 854 20
502 819 559 863 ΡΙ,
588 824 665 854 144.
681 823 701 854 5
722 830 860 863 omnes,
890 824 966 855 144.
982 823 1014 863 9,
1042 824 1119 855 155.
1135 825 1156 854 4
1175 819 1234 863 W,
1261 823 1394 855 350.10
1416 818 1448 854 Gr

107 871 207 910 (esset
239 866 374 910 BFR),
407 871 485 901 386.
501 871 533 910 2,
565 871 692 909 4078,
731 871 867 902 428.15
892 866 967 911 bis,
1001 870 1080 902 447.
1096 871 1128 910 2,
1160 870 1293 902 46012
1322 865 1448 911 (omi

107 913 216 960 cus),
236 918 316 949 485.
329 918 360 957 5,
381 917 513 948 489.11
535 924 638 957 corr„
666 918 743 948 501.
760 918 791 957 8,
819 917 895 948 528.
913 918 955 948 37
976 914 1019 957 V,
1046 918 1178 949 471.17
1198 925 1233 958 g,
1260 918 1339 949 512.
1354 918 1399 948 23
1419 915 1446 957 t,

107 966 245 997 565.13
272 961 313 1004 b;
341 960 389 995 ad
413 960 532 995 Flaec.
558 972 595 1005 p.
622 964 700 995 405.
716 965 771 1004 26,
798 960 881 996 infr.
909 965 1064 1003 262.15;
1092 960 1136 995 ef.
1165 960 1213 995 ad
1237 973 1273 1005 p.
1297 965 1374 995 120.
1389 964 1446 1004 28,

107 1013 186 1043 477.
202 1012 257 1042 25.
287 1029 327 1032 —
354 1008 395 1044 P.
418 1011 494 1043 189.
512 1012 552 1042 17
579 1008 603 1053 †
628 1007 726 1051 add,
751 1009 926 1053 striyatus
951 1007 1045 1042 coni.
1066 1007 1188 1043 Madv.
1204 1007 1297 1042 Adv.
1313 1008 1345 1041 ΙΙ
1366 1012 1447 1051 228,

108 1057 260 1091 tricatus
284 1053 334 1090 ib.
353 1066 389 1099 p.
410 1054 459 1097 Π;
485 1055 570 1090 fort.
598 1056 703 1090 aliud
726 1056 820 1089 nihil
845 1058 949 1100 exp?
975 1075 1019 1080 —
1044 1055 1084 1090 P.
1107 1059 1183 1089 189.
1199 1059 1241 1089 21
1270 1056 1448 1090 arbitrari

107 1103 288 1138 videretur
312 1101 468 1137 Franck.
492 1114 528 1147 p.
551 1106 594 1136 74
625 1113 699 1136 non
729 1101 879 1145 melius,
913 1113 1025 1146 quam
1053 1101 1086 1136 si
1111 1101 1194 1146 quis
1219 1101 1384 1146 corrigat
1407 1106 1447 1137 ut

106 1151 140 1185 si
163 1170 209 1175 —
234 1150 492 1192 arbitraretur,
523 1160 559 1194 p.
582 1152 659 1184 194.
674 1152 718 1183 26
743 1153 786 1184 ut
808 1150 842 1184 si
865 1150 1004 1184 timeres
1035 1149 1102 1183 aut
1131 1150 1253 1184 timere
1277 1150 1447 1193 viderere,

107 1201 186 1232 330.
202 1200 246 1231 33
267 1207 346 1240 sqq.
367 1200 409 1231 ut
425 1197 610 1231 cumulum
629 1197 811 1232 accessisse
831 1197 1049 1241 praedicem,
1075 1196 1175 1240 quod
1194 1195 1362 1230 fecerunt,
1385 1196 1448 1232 all.

106 1243 147 1278 in
173 1242 304 1278 eadem
335 1254 448 1277 causa
478 1243 550 1287 leg.
578 1254 655 1287 agr.
681 1255 716 1288 p.
738 1247 864 1278 207.8.
914 1243 1019 1278 Idem
1044 1245 1102 1278 est
1126 1242 1448 1287 breviloquentiae

107 1301 224 1335 genus
249 1289 349 1334 quod
374 1290 434 1326 Sic
459 1291 635 1334 eoez'stimo,
665 1295 707 1325 ut
731 1291 887 1335 aliquid.
901 1291 965 1333 sit,
998 1290 1043 1325 de
1070 1289 1129 1325 Or.
1155 1290 1172 1324 Ι
1198 1294 1254 1325 25.
1271 1295 1336 1324 115
1362 1291 1448 1326 haec

106 1339 163 1373 ita
186 1339 278 1381 dico,
301 1342 344 1373 ut
368 1348 429 1372 ars
449 1339 575 1382 possit.
602 1358 644 1362 ——
672 1339 711 1372 P.
733 1340 811 1372 189.
827 1341 870 1372 23
891 1339 1011 1382 pilam
1034 1339 1139 1373 retiu.
1159 1337 1282 1381 Kays„
1307 1337 1446 1382 Klotz.3

105 1396 140 1420 v.
165 1384 321 1419 Franck.
346 1396 382 1429 p.
405 1388 460 1419 74.
487 1405 527 1409 ——
555 1385 594 1418 P.
616 1388 694 1420 189.
709 1388 752 1419 25
779 1385 819 1419 Is
843 1389 962 1420 autem
989 1395 1068 1428 scr„
1093 1388 1143 1420 est
1167 1389 1287 1420 tamen
1304 1384 1348 1428 V,
1376 1395 1447 1420 om.

106 1431 188 1467 rell.
208 1431 314 1467 codd.
335 1431 450 1476 (idem
469 1432 652 1467 decernere
670 1442 738 1476 pro
758 1432 898 1474 dicere),
925 1433 1054 1467 etenim
1074 1431 1195 1466 Madv.
1216 1431 1296 1466 Fin.
1315 1443 1351 1476 p.
1369 1436 1446 1475 147,

106 1489 200 1513 recc.
227 1478 328 1522 edd„
359 1479 432 1514 Iste
463 1480 558 1513 euim
590 1478 760 1513 Schenkl.
795 1478 988 1514 ‘Zeitschrx
1020 1478 1045 1513 f.
1078 1479 1111 1513 d.
1140 1478 1240 1513 Oest.
1268 1477 1325 1513 G.’
1356 1483 1446 1514 1867

106 1537 143 1570 p.
157 1529 225 1560 457
240 1537 293 1569 sq.
328 1526 434 1561 Dicit
453 1530 571 1560 autem
590 1525 800 1570 scripsisset,
820 1524 905 1569 Cic,
924 1525 999 1559 nisi
1019 1527 1105 1560 ante
1123 1525 1313 1570 posuisset
1331 1527 1449 1561 dicere

109 1572 154 1606 de
183 1571 318 1607 Pisone
356 1593 399 1597 —
432 1572 471 1607 P.
494 1577 572 1607 189.
587 1576 630 1608 28
662 1576 859 1608 senatorem
889 1573 1014 1617 potius
1046 1584 1159 1617 quam
1189 1574 1312 1618 imper.
1340 1573 1446 1608 codd.

107 1620 257 1663 praeter
268 1619 313 1661 V,
334 1618 471 1662 Garab„
491 1619 647 1654 Franck.
668 1632 702 1663 p.
719 1623 762 1654 68
783 1619 854 1654 del.
870 1631 955 1665 pop.
970 1620 1017 1655 R.
1034 1619 1160 1655 nescio
1181 1631 1228 1653 an
1247 1619 1380 1654 verius.
1403 1640 1447 1645 —

108 1667 148 1700 P.
165 1669 243 1700 189.
258 1670 301 1700 30
320 1666 494 1712 [ceteros]
515 1665 573 1700 Or.
589 1667 684 1701 auct..
703 1677 797 1702 rece.
813 1666 895 1701 edd.
912 1669 1015 1711 prob.
1039 1688 1080 1692 ——
1102 1667 1141 1701 P.
1160 1671 1235 1702 189.
1251 1671 1294 1702 35
1314 1678 1389 1702 nori
1406 1671 1450 1702 ut

107 1714 292 1757 impurum
315 1724 348 1746 V.
370 1717 414 1747 34
438 1715 524 1757 post
549 1714 671 1749 leviter
695 1713 799 1748 codd.
826 1715 976 1758 praeter
999 1714 1043 1757 V,
1069 1713 1180 1758 Kays.
1202 1734 1244 1739 —-
1271 1713 1310 1748 P.
1333 1718 1411 1748 190.
1428 1717 1446 1747 1

108 1764 185 1794 tota
203 1764 278 1794 tam
295 1760 440 1804 sapiens
458 1759 577 1794 Madv.
593 1759 685 1795 Adv.
700 1760 751 1794 ΠΙ
770 1764 834 1795 148
851 1772 898 1803 11.,
919 1765 971 1795 tot
988 1763 1166 1805 sapientes
1178 1761 1222 1802 V,
1243 1771 1336 1795 rece.
1352 1760 1447 1804 edd,

108 1811 183 1841 tam
206 1808 352 1851 sapiens
377 1807 464 1840 cett.
486 1806 603 1850 codd,
629 1811 681 1842 tot
704 1809 882 1852 sapientes
907 1811 939 1842 et
963 1811 1039 1842 tota
1065 1809 1192 1842 civitas
1216 1807 1347 1851 Pluyg.
1372 1807 1446 1841 Mn.

110 1857 199 1888 1861
226 1865 261 1898 p.
280 1857 356 1887 107.
380 1874 419 1877 —
447 1852 485 1888 P.
509 1857 582 1888 190.
597 1858 618 1888 4
643 1855 722 1898 ipso
745 1854 861 1888 ‘Coni.
880 1853 990 1887 Tull?
1013 1865 1049 1897 p.
1068 1858 1112 1888 20
1134 1865 1198 1897 sq„
1224 1853 1334 1897 Kays.
1360 1854 1446 1897 tac„

108 1899 297 1934 Weidner.
318 1910 440 1944 progr.
461 1901 601 1934 Dortm.
624 1904 712 1935 1885
738 1912 773 1944 p.
791 1904 844 1943 11,
870 1901 938 1935 isto
957 1900 1057 1945 vulg.
1101 1900 1140 1935 P.
1159 1905 1238 1935 266.
1258 1905 1299 1934 10
1320 1911 1446 1935 omnes

109 1947 215 1981 codd.
235 1948 344 1982 huius
368 1948 484 1989 istius,
511 1951 589 1982 352.
606 1951 648 1981 22
669 1947 701 1980 A
722 1949 801 1990 isto,
829 1951 906 1982 377.
924 1951 966 1982 16
988 1958 1041 1991 sq.
1061 1947 1092 1981 D
1112 1948 1177 1982 hoc
1201 1949 1279 1990 isto,
1307 1951 1386 1982 538.
1404 1951 1445 1982 13

109 2005 134 2037 g
153 1995 241 2037 ista,
264 1999 341 2029 147.
354 1998 374 2028 2
388 1994 448 2037 W,
469 1998 547 2028 350.
563 1998 583 2028 3
600 1993 738 2027 BDES
757 1995 847 2038 ipso,
868 1998 946 2029 397.
960 1999 1002 2028 32
1018 1994 1049 2027 D
1069 1995 1161 2038 ipse,
1183 1994 1231 2028 ad
1249 2006 1284 2039 p.
1299 1998 1377 2029 253.
1390 1999 1446 2038 30,

110 2041 216 2075 Caec.
241 2052 277 2086 p.
299 2045 353 2076 70.
369 2046 400 2075 5.
428 2062 473 2066 -
504 2040 555 2075 Ib.
588 2041 744 2075 hominis
775 2040 880 2076 codd.
905 2043 1054 2086 praeter
1078 2041 1122 2084 V,
1153 2041 1290 2084 Klotz,
1322 2041 1446 2086 Kays.‚

109 2098 180 2123 om.
200 2087 244 2130 V,
275 2087 395 2123 Halm.
424 2110 462 2113 -—
499 2087 538 2122 P.
562 2091 674 2122 190.5
707 2089 829 2123 omnia
857 2093 987 2133 stupra
1018 2087 1117 2123 solus
1141 2088 1186 2131 V,
1223 2099 1316 2125 rece.
1351 2088 1446 2132 edd,

109 2134 180 2169 del.
207 2134 396 2169 Weidner.
428 2146 548 2180 progr.
582 2135 723 2169 Dortm.
752 2139 841 2170 1885
871 2147 907 2180 p.
931 2139 984 2170 11.
1011 2155 1054 2160 —
1087 2136 1124 2170 Ρ.
1148 2140 1284 2171 190.18
1317 2140 1350 2171 et
1378 2147 1446 2180 pro

109 2181 179 2217 Sed
203 2181 324 2216 Madv.
347 2182 440 2216 Adv.
461 2182 511 2215 ΙΙΙ
538 2185 604 2216 148
623 2192 658 2216 n.
683 2192 757 2216 non
781 2183 893 2225 recte,
920 2181 1066 2226 opinor,
1100 2182 1147 2216 ad
1171 2194 1207 2227 p.
1230 2187 1380 2217 106.17.
1401 2203 1446 2208 —

110 2228 148 2264 P.
171 2233 249 2264 190.
264 2233 309 2263 24
338 2230 418 2264 ulla
448 2227 610 2272 EGMS,
646 2228 736 2264 Bak.
766 2241 801 2273 p.
824 2233 903 2272 309,
937 2229 1064 2273 Pluyg.
1096 2228 1171 2264 Mn.
1201 2233 1288 2264 1861
1320 2241 1355 2274 p.
1380 2233 1444 2265 107

107 2274 222 2317 male;
254 2287 287 2310 v.
316 2274 453 2318 Garab„
480 2275 529 2310 ad
553 2287 587 2320 p.
609 2279 664 2310 84.
680 2280 711 2310 9.
738 2296 782 2301 —
808 2276 846 2310 P.
870 2280 946 2310 191.
964 2280 983 2311 5
1009 2277 1216 2311 conlocutus
1239 2276 1274 2311 V
1299 2276 1446 2320 (libros

107 2323 266 2357 veteres’
301 2321 393 2357 dioi‘n
424 2322 585 2366 Lamb.),
622 2333 701 2357 sum
738 2323 801 2358 loc.
833 2322 956 2357 Madv.
988 2335 1024 2367 p.
1046 2327 1153 2367 1453,
1189 2323 1327 2366 Klotz„
1367 2335 1447 2358 cum
