1671 2543
223 72 306 113 186
602 72 653 106 IN
679 72 719 107 L.
746 72 959 106 PISONEM
985 71 1175 107 ORATIO.

221 179 341 233 equis
374 182 418 221 et
448 180 628 234 tribuni,
665 180 766 234 quid
798 180 958 221 clamor
989 180 1189 234 militum,
1222 180 1324 234 quid
1355 182 1449 221 tota
1479 180 1555 222 illa

219 239 406 293 pompa?
467 238 619 279 Inania
657 241 756 279 sunt
787 238 889 293 ista,
927 238 1033 279 mihi
1066 238 1205 291 crede,
1243 239 1556 280 delectamenta

220 311 353 351 paene
396 311 643 351 puerorum,
688 299 858 351 captare
902 297 1096 351 plausus,
1140 297 1236 338 vehi
1279 312 1357 351 per
1392 298 1554 352 urbem,

222 355 411 409 conspici
442 355 562 396 velle.
620 355 785 404 Quibus
818 370 868 396 ex
899 356 1026 397 rebus
1057 355 1166 397 nihil
1199 358 1276 410 est,
1312 356 1426 410 quod
1457 357 1555 398 soli-

221 414 322 455 dum
347 417 502 467 tenere,
527 414 648 468 nihil,
675 414 789 467 quod
813 414 969 455 referre
996 414 1048 455 ad
1074 415 1342 468 voluptatem
1363 415 1553 468 corporis
1590 425 1606 450 5

161 472 372 527 mpossis.
434 472 546 521 Quin
583 475 631 513 tu
662 487 729 514 me
760 472 896 525 vides,
933 473 1023 526 qui,
1061 487 1111 514 ex
1143 488 1227 527 qua
1256 473 1477 527 provincia
1507 473 1553 514 Τ.

220 531 500 584 Flamininus,
526 530 572 571 L.
599 531 771 586 Paulus,
798 531 845 580 Q.
872 530 1084 585 Metellus,
1109 531 1155 572 T.
1174 531 1340 586 Didius,
1364 532 1553 573 innume-

220 590 378 630 rabiles
399 590 472 630 alii
492 590 667 631 levitate
689 592 732 631 et
752 590 986 644 cupiditate
1002 590 1206 632 commoti
1220 590 1552 644 triumpharunt,

221 663 271 689 ex
297 662 347 689 ea
372 648 432 689 sic
458 648 576 702 redii,
602 651 652 689 ut
677 649 729 689 ad
751 651 923 703 portam
941 648 1213 703 Esquilinam
1233 648 1552 691 Macedonicam

220 707 410 748 lauream
443 707 746 760 conculcarim,
784 707 874 761 ipse
908 722 1003 748 cum
1034 707 1279 749 hominibus
1313 708 1554 762 quindecim
1574 718 1607 744 10

220 766 330 807 male
367 766 536 806 vestitis
575 766 626 806 ad
664 768 835 820 portam
871 765 1239 808 Caelimontanam
1276 766 1425 822 sitiens
1463 781 1555 820 per-

219 824 425 879 venerim3
467 839 549 879 quo
589 825 633 865 in
670 825 765 866 loco
804 824 910 865 mihi
947 825 1128 866 libertus
1165 825 1384 879 praeclaro
1423 825 1555 879 impe-

219 883 354 924 ratori
380 883 555 924 domum
581 898 632 924 ex
656 883 737 925 hac
764 883 830 924 die
856 883 984 925 biduo
1012 886 1110 925 ante
1137 884 1413 937 conduxerat3
1446 898 1554 937 quae

218 956 352 982 vacua
384 942 419 982 si
451 956 539 983 non
569 942 739 996 fuisset,
770 942 816 983 in
848 956 997 996 campo
1030 941 1190 983 Martio
1222 942 1329 983 mihi
1360 942 1554 983 taberna-

220 1000 362 1041 culum
406 1000 695 1042 collocassem.
764 1000 976 1042 Nummus
1018 1001 1182 1042 interea
1218 1001 1342 1054 mihi,
1386 1000 1606 1055 Caesam-,1⁵

218 1059 427 1113 neglectis
447 1059 621 1101 ferculis
642 1059 976 1114 triumphalibus
997 1059 1111 1100 domi
1131 1063 1277 1100 manet
1297 1062 1340 1101 et
1353 1060 1554 1101 manebit.

218 1117 425 1159 Rationes
457 1118 509 1158 ad
542 1118 753 1159 aerarium
785 1119 1000 1172 continuo,
1032 1119 1144 1160 sicut
1169 1121 1244 1159 tua
1269 1119 1337 1159 lex
1361 1118 1550 1173 iubebat,

218 1176 353 1217 detuli
389 1191 527 1230 neque
565 1177 650 1217 alia
687 1177 775 1217 ulla
812 1177 858 1217 in
894 1191 938 1218 re
977 1177 1063 1231 legi
1101 1180 1200 1218 tuae
1237 1177 1372 1231 parui.
1438 1176 1553 1226 Quas

218 1235 407 1276 rationes
434 1235 470 1276 si
497 1235 709 1290 cognoris,
734 1235 958 1290 intelleges
983 1235 1145 1276 nemini
1170 1236 1266 1289 plus
1294 1250 1422 1289 quam
1445 1236 1552 1276 mihi

216 1293 386 1334 litteras
418 1293 642 1348 profuisse.
701 1293 769 1334 Ita
801 1294 912 1334 enim
946 1297 1047 1335 sunt
1077 1294 1340 1348 perscriptae
1372 1294 1477 1335 scite
1510 1296 1553 1335 et
1572 1305 1606 1330 20

217 1352 422 1406 litterate,
453 1355 502 1392 ut
534 1353 685 1406 scriba,
718 1353 770 1393 ad
802 1352 1014 1393 aerarium
1046 1353 1119 1406 qui
1152 1367 1221 1393 eas
1248 1352 1430 1406 rettulit,
1461 1367 1553 1406 per-

218 1411 390 1464 scriptis
435 1410 675 1452 rationibus
720 1425 864 1452 secum
907 1411 998 1465 ipse
1044 1414 1172 1465 caput
1210 1411 1385 1452 sinistra
1424 1425 1554 1452 manu

216 1469 453 1522 perfricans
486 1472 874 1510 commurmuratus
908 1469 982 1510 sit:

292 1561 449 1603 Ratio
512 1563 711 1616 quidem
767 1563 938 1605 hercle
994 1564 1224 1618 apparet,
1285 1565 1552 1618 argentum

1362 1621 1604 1676 οἴχεταιῖΞῦ

216 1702 310 1747 Hac
353 1706 402 1744 tu
444 1703 637 1745 oratione
674 1718 760 1745 non
799 1704 948 1745 dubito
988 1703 1092 1758 quin
1127 1703 1251 1745 illum
1288 1703 1376 1744 iam
1413 1717 1552 1746 escen-

218 1762 387 1802 dentem
420 1762 466 1802 in
497 1777 668 1803 currum
700 1777 897 1803 revocare
929 1762 1083 1816 possis.

308 1820 342 1862 O
376 1821 596 1875 tenebrae,
631 1835 655 1863 o
688 1821 846 1875 lutum,
878 1835 902 1862 o
936 1821 1094 1875 sordes,
1125 1835 1150 1862 o
1181 1820 1351 1875 paterni
1382 1820 1550 1875 generis

159 1864 201 1894 62
218 1879 370 1932 oblite,
420 1879 605 1920 materni
653 1879 725 1921 vix
772 1881 954 1921 memor!
1004 1881 1066 1920 ita
1108 1880 1252 1921 nescio
1295 1879 1396 1933 quid
1439 1879 1551 1921 istuc

215 1937 418 1991 fractum,
449 1938 629 1992 humile,
661 1938 912 1992 demissum,
944 1938 1179 1992 sordidum,
1210 1937 1389 1979 inferius
1421 1938 1550 1978 etiam
1569 1947 1603 1973 3⁰

216 1999 293 2050 est,
326 2010 454 2050 quam
485 1999 534 2037 ut
559 1996 869 2038 Mediolanensi
896 2011 1117 2051 praecone,
1150 2011 1227 2037 avo
1254 1999 1341 2050 tuo,
1373 1995 1549 2050 dignum

216 2068 307 2095 esse
334 2055 539 2095 videatur.
580 2054 627 2096 L.
648 2054 840 2109 Crassus,
865 2056 994 2097 homo
1016 2055 1356 2110 sapientissimus
1376 2056 1547 2095 nostrae

216 2112 423 2167 civitatiS,
460 2114 648 2168 specillis
683 2128 815 2168 prope
848 2117 1064 2155 scrutatus
1096 2116 1162 2155 est
1192 2113 1335 2166 Alpis,
1372 2115 1437 2165 ut,
1474 2112 1549 2153 ubi

214 2170 353 2212 hostis
389 2186 477 2213 non
514 2175 624 2226 erat,
661 2172 723 2213 ibi
759 2172 968 2227 triumphi
1003 2186 1175 2214 causam
1206 2171 1394 2225 aliquam
1426 2185 1549 2224 quae-

216 2232 346 2283 reret,
377 2230 525 2271 eadem
557 2230 791 2285 cupiditate
823 2231 887 2272 vir
919 2245 1085 2272 summo
1116 2229 1289 2285 ingenio
1317 2229 1548 2283 praeditus,
1567 2238 1599 2266 35

217 2286 260 2327 C.
294 2286 440 2340 Cotta,
470 2289 590 2330 nullo
623 2291 740 2330 certo
772 2289 897 2330 hoste
929 2288 1140 2344 flagravit.
1202 2288 1365 2329 Eorum
1396 2290 1548 2329 neuter
