1671 2543
617 80 717 115 CAP.
745 85 836 116 3—5
863 85 882 124 ς
910 86 1034 118 7—12.
1432 83 1488 125 69

146 192 270 231 tanto
309 189 452 231 studio
491 189 680 232 civitatis
716 190 879 231 nemini
915 189 1093 232 reddita.
1160 189 1226 232 De
1263 194 1306 232 te
1345 194 1488 234 autem

146 248 343 290 homines
383 248 484 303 quid
523 249 730 302 sentiant,
767 249 813 290 in
848 248 1011 290 honore
1044 249 1210 303 experti
1242 264 1408 304 sumus,
1443 251 1488 292 in

147 307 288 348 salute
321 309 629 361 exspectamus.
693 306 776 349 Sed
808 310 953 349 tamen
982 322 1035 349 ne
1066 321 1134 349 me
1161 322 1258 349 cum
1282 309 1350 350 his
1376 309 1489 363 prin—

148 366 316 420 cipibus
349 366 557 421 civitatis,
590 366 663 420 qui
694 366 852 407 adsunt
883 366 929 407 P.
962 365 1116 420 SestiO,
1148 367 1221 408 sed
1252 369 1302 408 ut
1333 370 1489 421 tecum,

111 440 128 464 5
149 439 245 466 cum
276 424 449 466 homine
480 439 565 466 uno
595 439 684 466 non
715 425 855 466 solum
887 425 1244 480 inpudentissimo
1277 424 1334 451 *ὃς
1359 429 1488 480 atque

146 483 307 537 infimo,
333 483 561 537 conferam,
588 484 638 525 de
664 486 707 524 te
732 484 839 538 ipso,
864 483 1037 525 homine
1061 487 1104 525 et
1124 484 1487 540 adrogantissimo

145 544 191 582 et
225 541 332 582 mihi
363 542 680 595 inimicissimo,
718 557 894 596 quaero,
931 542 1099 597 Vatini,
1136 545 1283 584 utrum
1314 544 1488 584 tandem

144 602 271 654 putes
306 600 406 642 huic
438 601 624 655 civitati,
660 601 761 643 huic
791 601 854 642 rei
884 601 1099 656 publicae,
1135 601 1235 642 huic
1266 602 1382 656 urbi,
1419 602 1487 643 his

145 659 339 713 templis,
371 660 554 714 aerario,
587 660 746 714 curiae,
777 660 881 701 viris
912 660 1000 714 his,
1033 674 1139 715 quos
1172 660 1302 715 vides,
1332 661 1488 702 horum

93 735 126 759 10
146 718 284 772 bonis,
308 717 507 772 fortunis,
532 718 694 773 liberis,
721 719 885 760 civibus
913 719 1078 771 ceteris,
1104 719 1286 773 denique
1312 720 1489 761 deorum

145 777 459 818 immortalium
497 777 705 832 delubris,
750 777 970 831 auspiciis,
1014 777 1296 832 religionibus
1334 779 1488 819 melius

144 835 278 876 fuisse
311 838 355 877 et
385 836 692 889 praestabilius
725 850 793 877 me
826 836 961 877 civem
992 836 1037 877 in
1061 836 1143 877 hac
1169 837 1343 878 civitate
1368 837 1489 878 nasci

145 908 202 935 an
231 896 288 936 te.
349 893 458 936 Cum
489 894 596 935 mihi
627 895 709 936 11οο
737 895 1007 949 responderis
1034 897 1110 936 aut
1134 895 1197 936 ita
1221 895 1489 950 inpudenter,

144 955 195 994 ut
225 967 377 994 manus
410 968 434 994 a
466 956 509 994 te
540 953 736 994 homines
768 954 839 994 vix
871 953 1087 994 abstinere
1112 953 1294 1007 possint,
1326 957 1401 995 aut
1425 954 1489 995 ita

93 1028 126 1054 15
146 1011 358 1065 dolenter,
395 1014 445 1052 ut
484 1012 713 1066 aliquando
751 1012 853 1066 ista,
893 1026 1000 1066 quae
1037 1015 1137 1053 sunt
1169 1012 1335 1066 inflata,
1374 1028 1486 1054 rum-

144 1073 316 1124 pantur,
348 1073 442 1111 tum
473 1071 723 1112 memoriter
754 1071 1010 1125 respondeto
1044 1071 1097 1111 ad
1130 1085 1191 1124 ea,
1224 1085 1332 1124 quae
1364 1073 1407 1112 te
1437 1072 1487 1112 de

144 1132 188 1170 te
225 1129 321 1183 ipso
359 1143 527 1184 rogaro.
588 1129 733 1183 Atque
770 1129 877 1170 illud
908 1129 1351 1170 tenebricosissimum
1383 1132 1488 1170 tem-

144 1202 225 1241 pus
256 1188 446 1228 ineuntis
479 1188 634 1229 aetatis
666 1190 765 1228 tuae
793 1187 935 1242 patiar
959 1188 1104 1229 latere⁶
1166 1187 1288 1229 Licet
1312 1188 1487 1242 impune

144 1260 221 1300 per
263 1261 331 1287 me
373 1246 560 1301 parietes
604 1246 649 1288 in
692 1246 984 1287 adulescentia
1023 1245 1278 1301 perfoderis,
1323 1246 1486 1288 vicinos

92 1320 126 1345 20
146 1305 410 1359 compilaris,
453 1307 636 1346 matrem
678 1305 937 1360 verberaris3
978 1305 1138 1346 habeat
1181 1304 1262 1346 hoc
1306 1306 1488 1359 praemii

143 1370 221 1405 tua
252 1364 506 1419 indignitas,
543 1366 592 1405 ut
623 1364 936 1405 adulescentiae
967 1363 1190 1418 turpitudo
1224 1364 1487 1405 obscuritate

144 1425 189 1464 et
219 1423 417 1464 sordibus
449 1423 536 1463 tuis
569 1425 809 1478 optegatur.

235 1481 520 1530 Quaesturam
555 1481 705 1535 petisti
742 1496 839 1522 cum
869 1481 915 1522 P.
950 1480 1111 1535 Sestio,
1148 1495 1245 1522 cum
1276 1481 1347 1522 hic
1377 1481 1487 1522 nihil

144 1540 412 1594 loqueretur,
447 1540 532 1581 nisi
571 1540 685 1594 quod
717 1540 890 1595 agebat,
928 1542 976 1580 tu
1008 1540 1058 1581 de
1092 1540 1227 1581 altero
1261 1540 1488 1581 consulatu

93 1614 128 1640 25
147 1599 332 1653 gerendo
364 1601 407 1639 te
439 1598 600 1639 diceres
633 1599 835 1653 cogitare.
898 1598 1066 1647 Quaero
1096 1613 1172 1653 aps
1198 1601 1253 1652 te,
1284 1600 1487 1639 teneasne

146 1657 371 1710 memoria,
409 1671 506 1698 cum
536 1656 582 1697 P.
616 1656 781 1698 Sestius
821 1659 1022 1711 quaestor
1054 1657 1111 1698 sit
1143 1657 1308 1698 cunctis
1341 1657 1487 1697 suffra-

147 1716 232 1771 giis
268 1715 426 1769 factus,
465 1717 567 1756 tunc
604 1717 647 1757 te
683 1715 755 1756 vix
791 1715 939 1756 invitis
978 1715 1177 1756 omnibus
1214 1730 1302 1756 non
1337 1715 1487 1769 populi

146 1774 373 1826 beneficio,
418 1773 491 1814 sed
535 1774 721 1814 consulis
766 1776 1003 1814 extremum
1047 1773 1310 1827 adhaesisse3
1352 1773 1400 1813 in
1436 1787 1484 1814 eo
1502 1780 1544 1811 12

146 1833 406 1888 magistratu
439 1846 534 1872 cum
565 1831 647 1872 tibi
672 1846 828 1886 magno
856 1832 1040 1873 clamore
1066 1831 1243 1885 aquaria
1266 1831 1488 1885 provincia

95 1909 129 1933 30
149 1894 264 1933 sorte
297 1890 538 1945 optigisset,
571 1890 784 1930 missusne
817 1890 876 1931 sis
909 1904 934 1930 a
964 1904 1031 1930 me
1064 1889 1238 1931 consule
1269 1889 1487 1943 Puteolos,

147 1952 196 1991 ut
231 1949 328 1991 inde
361 1963 513 1990 aurum
544 1948 760 2002 exportari
792 1950 1103 2002 argentumque
1134 1947 1406 2002 prohiberes3
1441 1948 1488 1988 in

146 2024 197 2051 eo
228 2008 404 2063 negotio
438 2021 534 2048 cum
564 2009 608 2047 te
638 2021 727 2048 non
758 2006 978 2047 custodem
1010 2007 1061 2046 ad
1091 2006 1382 2059 continendas,
1413 2007 1487 2047 sed

146 2067 403 2122 portitorem
432 2066 484 2106 ad
510 2064 753 2119 partiendas
780 2079 940 2106 merces
967 2065 1148 2105 missum
1172 2067 1346 2118 putares
1374 2079 1485 2105 cum-

148 2141 230 2181 que
256 2125 447 2167 omnium
472 2124 634 2177 domos,
665 2123 908 2177 apothecas,
932 2123 1053 2164 navis
1079 2122 1346 2164 furacissime
1373 2137 1486 2164 scru-

94 2202 128 2228 35
146 2187 285 2226 tarere
310 2183 590 2236 hominesque
614 2182 778 2236 negotii
798 2183 995 2236 gerentes
1015 2181 1183 2222 iudiciis
1202 2181 1485 2235 iniquissimis

147 2243 363 2296 inretires,
397 2243 658 2282 mercatores
691 2254 712 2281 e
743 2240 842 2281 navi
875 2239 1130 2295 egredientis
1162 2242 1358 2293 terreres,
1391 2254 1485 2281 con-

148 2301 389 2343 scendentis
410 2313 636 2351 morarere,
661 2301 861 2340 teneasne
882 2298 1088 2339 memoria
1107 2298 1188 2339 tibi
1208 2298 1253 2339 in
1273 2300 1485 2339 conventu

1507 1162 1549 1191 11
