1671 2543
510 105 792 141 ADNOTATIO
819 104 1016 141 CRITICA.
1359 106 1442 141 CIII

192 211 311 246 Phili
380 241 385 247 .
412 212 455 247 II.

191 259 229 294 P.
256 224 374 294 3741.Ίὲ
403 264 584 304 optaram
618 257 697 302 au„
730 258 871 302 Madv.‚
904 257 1036 293 Eberh.
1063 257 1180 292 multo
1205 257 1438 303 probabihus

97 317 210 350 quam
229 318 264 351 p.
280 310 358 341 180.
371 310 391 341 3
412 306 538 340 Garat.
553 310 715 350 optaram
726 305 755 349 ,9,
782 310 940 351 optarem
961 304 1078 348 codd„
1091 304 1191 349 vulg.
1208 325 1251 330 —
1271 305 1310 340 P.
1325 308 1405 340 375.
1418 310 1439 340 9

97 354 188 388 milui
213 365 319 399 quam
339 352 463 398 Camp.
483 364 518 397 p.
533 357 611 396 167,
637 354 730 397 cuiq.
752 364 859 397 quam
883 353 973 387 mihi
993 351 1100 396 Seyff.
1118 351 1238 387 Schol.
1257 352 1292 386 1³
1310 364 1345 397 p.
1360 356 1439 396 110,

96 400 219 444 Kays„
245 401 335 435 mihi
355 400 425 434 del.
439 399 554 434 Koch.
568 410 690 444 progr.
706 399 803 434 Port.
821 403 911 434 1868
936 411 972 443 p.
985 402 1039 442 17,
1066 411 1173 445 quam
1192 411 1245 434 me
1263 400 1322 434 hie
1341 399 1438 444 Ieep.

96 446 275 482 Fleckeis.
303 458 385 482 ann.
408 451 498 482 1860
529 458 564 491 p.
584 450 662 490 620,
688 448 778 481 miltzi
804 448 890 480 ante
917 447 1064 491 plenius
1091 445 1172 480 coll.
1194 446 1260 481 Th.
1281 446 1438 490 Hasper.

96 493 145 528 ib.
162 497 253 529 1878
272 505 307 538 p.
323 497 390 529 269
411 505 476 538 sq„
495 493 602 538 impr.
623 493 684 528 Iw.
699 493 864 528 Mueller.
881 493 1119 528 ‘Jahresben’
1136 493 1222 528 XIV
1235 496 1301 527 221
1324 505 1378 537 sq.
1394 514 1439 518 -

94 540 134 575 P.
156 544 291 576 375.10
311 546 360 576 est
380 541 463 575 add.
484 541 526 584 D,
547 540 693 584 Eberh.,
713 540 820 575 Hein.
859 539 911 575 Of.
932 540 1032 575 Fam.
1052 540 1121 574 XII
1140 544 1195 575 22.
1212 544 1231 574 2
1253 551 1307 575 ex,
1335 541 1440 575 Illud

89 589 265 633 profecto,
291 589 410 633 quoad
428 592 574 633 potero:
599 592 699 623 tuam
725 589 937 633 clz'y'm'tcttem
961 589 1094 631 tuebor,
1122 589 1159 621 et
1181 598 1276 631 quae
1303 587 1439 631 collegi

98 633 164 669 Off.
191 646 226 679 p.
249 639 386 670 186.18
420 635 476 669 ed.
498 638 600 678 1882,
627 634 732 669 Tusc.
754 634 770 667 I
797 638 850 669 25.
868 639 922 678 60,
954 634 1030 669 red.
1052 633 1150 676 Quir.
1171 638 1202 669 4.
1220 639 1251 677 9,
1280 633 1319 675 Q.
1340 634 1383 669 fr.
1405 635 1440 668 II

96 685 116 716 6
138 692 203 725 ex,
223 681 380 717 Vahlen.
400 681 479 717 Ind.
499 681 584 716 leet.
605 682 724 716 Berol.
746 683 836 716 aest.
860 685 950 716 1880
976 693 1010 726 p.
1028 686 1044 715 7
1068 693 1120 725 sq.
1143 682 1181 716 eb
1204 681 1328 716 Herm.
1346 685 1437 716 1882

95 740 130 773 p.
147 732 214 763 608
235 740 305 772 sq.;
332 728 380 762 ad
405 740 440 774 p.
457 733 487 763 6.
503 732 558 764 20.
580 749 623 753 ——
648 728 688 764 P.
709 731 787 763 375.
805 732 848 762 22
874 730 930 763 uti
948 727 1097 763 Halmio
1124 730 1220 763 auct.
1240 739 1332 763 rece.
1354 728 1438 763 edd.

95 786 234 819 omnes,
256 776 355 820 quod
374 775 413 809 in
431 775 465 810 V
485 778 543 810 est
566 777 639 817 uit3
667 775 715 809 ad
739 787 774 819 p.
796 780 826 810 3.
843 779 905 817 ‘203
932 775 976 810 of.
998 775 1047 809 ad
1071 778 1150 810 415.
1166 779 1199 819 4,
1226 779 1305 810 536.
1321 780 1375 810 36,
1392 796 1437 800 -·

95 822 134 857 P.
155 827 234 858 375.
250 826 295 856 24
315 823 381 868 [Q.
404 823 542 868 Fadu']
562 822 687 866 camp.
707 822 801 857 Phil.
822 823 854 856 X
875 826 952 866 631,
972 822 1093 857 Halm.
1114 823 1164 866 II,
1190 822 1336 866 Eberh.,
1364 822 1437 858 def.

94 868 256 904 Hirschf.
282 881 317 914 p.
337 873 400 912 40,
430 870 473 905 G.
496 869 614 905 Fadia·
643 869 748 903 Boot.
774 869 851 904 Att.
877 869 962 903 XVI
988 872 1043 904 11.
1060 873 1089 904 1.
1111 889 1155 894 —
1180 869 1219 904 P.
1240 873 1378 904 376.14
1407 871 1440 904 ii

95 918 159 961 qui
188 916 238 958 D3
277 916 320 951 cf.
349 920 427 951 399.
443 920 498 951 36.
525 936 569 942 —
600 915 653 951 Π).
684 918 816 951 servati
849 916 892 960 D,
930 916 1066 958 motz.;
1103 916 1152 950 ad
1182 928 1218 961 p.
1240 920 1318 951 109.
1334 920 1365 951 5.
1392 937 1419 942 —

95 963 134 998 P.
155 967 235 998 376.
251 967 294 998 35
316 965 455 1008 pudiea
476 962 601 998 Cobet.
621 975 656 1007 p.
670 967 737 997 116
764 963 808 998 cf.
829 962 907 998 398.
925 967 968 997 18
993 963 1095 997 haud
1114 962 1263 1005 inseite3
1291 963 1335 998 of.
1357 967 1424 998 392

98 1014 152 1044 10.
173 1030 217 1036 -
243 1009 282 1044 P.
304 1014 382 1044 376.
398 1015 441 1044 37
468 1015 555 1046 tam
581 1011 667 1044 ante
693 1022 810 1055 mayn.
836 1010 970 1054 Halm„
996 1010 1107 1054 Kays.
1129 1010 1191 1054 (ad
1216 1022 1252 1055 p.
1273 1013 1424 1055 32223)

97 1059 170 1091 iam
188 1056 223 1091 V
243 1057 305 1101 (ad
326 1060 484 1101 151.16>,
510 1068 596 1092 saue
614 1056 775 1091 Hirschf.
795 1069 830 1102 p.
846 1061 891 1092 40
911 1058 949 1091 et
972 1069 1007 1101 p.
1024 1061 1102 1101 208,
1128 1057 1276 1101 Eberh.,
1302 1068 1372 1092 om.
1393 1057 1437 1101 D,

95 1103 226 1147 Klotz„
258 1103 382 1145 Hein.;
415 1103 459 1139 cf.
487 1104 535 1137 ad
567 1108 716 1139 346.37.
744 1124 789 1129 -
820 1104 860 1139 P.
888 1108 1001 1138 377.7
1029 1105 1244 1148 politiormn
1275 1106 1342 1138 aut
1372 1105 1437 1140 ele-

93 1152 303 1196 ycmtiorum
319 1150 445 1195 Camp.
465 1162 500 1195 p.
514 1155 592 1194 167,
612 1152 782 1186 urbcmor.
797 1150 932 1186 Eberh.
948 1152 1045 1185 auct.
1058 1150 1232 1194 Hirschf„
1251 1152 1437 1186 homiuum

95 1197 229 1232 Eberh.
246 1218 289 1222 —
308 1197 347 1232 P.
365 1201 496 1232 37712
517 1199 656 1242 epistul.
672 1197 761 1232 Vnt
779 1201 924 1242 401.19,
944 1197 1068 1241 Kays.,
1088 1197 1209 1232 Halm.
1224 1198 1269 1242 Π,
1289 1198 1435 1242 Eberh.,

95 1246 231 1289 epistol.
246 1243 357 1289 vulg„
383 1256 418 1289 p.
433 1248 576 1288 449.12‚
604 1248 748 1288 52525,
775 1248 907 1279 55327
929 1255 1054 1279 omnes
1075 1245 1192 1288 codd,
1212 1246 1255 1279 ut
1271 1245 1435 1287 videbun

96 1291 145 1325 ad
171 1291 258 1325 Suu.
286 1303 321 1336 p.
343 1296 421 1326 363.
438 1295 468 1327 8.
491 1312 534 1317 —
560 1291 598 1327 P.
621 1295 754 1326 37714
779 1296 862 1327 tuae
886 1291 930 1335 D,
955 1292 1076 1326 Halm.
1094 1292 1126 1336 I,
1152 1292 1276 1336 Kays„
1301 1291 1435 1328 Eberh.

95 1337 179 1373 fort.
193 1340 304 1382 reete,
325 1349 395 1373 om.
406 1339 451 1382 V,
471 1338 601 1383 Klotz„
622 1338 744 1373 Halm.
760 1339 808 1381 Π;
836 1338 884 1372 ad
902 1351 937 1383 p.
953 1342 1096 1374 371.10.
1113 1359 1156 1364 —-
1176 1339 1216 1374 P.
1231 1342 1364 1374 377.15
1383 1350 1436 1383 sq.

96 1390 138 1420 ut
163 1385 276 1420 Must.
303 1390 335 1420 et
364 1386 437 1421 Τίῳ.
465 1386 576 1421 Num.
602 1387 735 1421 videris
767 1397 851 1430 sor,
883 1397 962 1421 mus
994 1390 1025 1421 et
1058 1387 1259 1421 Iaetamesse
1289 1387 1366 1421 uid.
1393 1386 1437 1430 V,

95 1437 138 1467 ut
161 1433 330 1467 mustelae
355 1437 474 1468 tamen
497 1434 570 1468 scio
591 1434 747 1477 (tautum
764 1435 860 1470 seius
877 1432 913 1477 b,
939 1438 1081 1468 tautum
1100 1435 1195 1468 seius
1214 1435 1253 1478 g)
1273 1437 1306 1468 et
1323 1435 1439 1468 tironi

95 1481 252 1514 numisio
277 1481 353 1515 uid.
373 1479 417 1524 D,
445 1484 488 1514 ut
512 1480 690 1515 Illustelae
719 1481 877 1515 Tumz'sio
903 1484 936 1515 et
963 1481 1092 1515 Tironi
1116 1480 1288 1515 Numisio
1313 1481 1386 1516 vid.
1411 1479 1436 1524 i,

95 1531 137 1561 ut
160 1527 305 1561 mustele
329 1530 402 1561 tam
427 1528 541 1562 inscio
566 1531 599 1562 et
629 1528 752 1573 tyroni
781 1528 938 1562 mwm'sio
963 1528 1035 1562 vid.
1063 1527 1140 1562 eod.
1168 1526 1437 1571 Cheltenham„

99 1572 272 1607 ‘welches
291 1573 541 1608 unverandert
560 1573 631 1608 den
654 1573 841 1618 rioht-igen
860 1574 955 1608 Text
974 1573 1147 1618 ergiebb',
1173 1573 1297 1618 inquii]
1315 1574 1437 1608 Land-

97 1619 185 1663 graf
213 1619 450 1655 ‘Jahresberf
485 1621 600 1654 XLIII
631 1624 687 1664 47,
725 1620 818 1654 mihi
853 1632 928 1655 non
961 1620 1125 1665 videtur,
1163 1626 1205 1656 ut
1239 1622 1368 1656 Tironi
1405 1626 1438 1656 et

98 1666 276 1701 Mustelae
301 1668 375 1701 ium
400 1678 470 1702 esse
494 1669 566 1703 vid.
586 1667 720 1711 Halm,
748 1668 818 1702 del.
842 1670 916 1702 iam
941 1667 1066 1702 Cobet.
1092 1680 1127 1712 p.
1150 1672 1228 1711 117,
1254 1672 1297 1702 ut
1321 1668 1436 1703 Must.

97 1715 173 1747 iam
203 1724 272 1747 esse
298 1718 330 1748 et
357 1714 431 1748 Τῶν.
456 1716 528 1750 vicl.
554 1714 683 1758 Kays„
715 1714 866 1758 Eberh.,
898 1719 941 1750 ut
965 1715 1077 1749 Must.
1105 1719 1138 1749 et
1166 1715 1240 1749 Tio:
1267 1725 1338 1749 esse
1363 1716 1436 1750 vid.

97 1759 228 1803 Klotz„
253 1764 295 1794 ut
320 1761 432 1795 Must.
459 1762 533 1795 iam
559 1772 628 1795 esse
653 1766 685 1796 et
707 1762 781 1796 Tir.
802 1761 914 1796 Num.
940 1763 1013 1796 vid.
1038 1761 1158 1804 Hein.,
1183 1765 1225 1795 ut
1250 1762 1326 1796 Τίν’.
1347 1766 1438 1796 certe

97 1811 131 1841 et
155 1807 270 1842 Must.
295 1811 369 1841 tam
395 1818 464 1841 esse
487 1808 560 1842 vicl.
586 1807 653 1842 Th.
678 1807 834 1852 Hasper.
860 1807 1039 1842 Fleukeis.
1066 1818 1149 1842 ann.
1178 1811 1268 1842 1878
1299 1819 1334 1852 p.
1356 1811 1436 1851 269,

97 1853 205 1898 impr.
235 1853 296 1888 Iw.
323 1853 488 1888 Mueller.
517 1853 755 1889 ‘Jahresberst
777 1854 861 1889 XIV
881 1858 959 1889 221.
987 1874 1031 1879 -
1056 1853 1095 1888 P.
1123 1858 1201 1888 377.
1217 1857 1262 1888 24
1287 1856 1435 1899 [qua-nt.

97 1902 171 1935 iam
191 1901 313 1945 profi]
339 1899 378 1935 Ο.
399 1900 564 1935 Mueller.
590 1901 713 1935 Herm.
736 1904 826 1935 1875
851 1913 886 1945 p.
908 1904 987 1944 119,
1012 1900 1146 1935 Eberh.
1167 1920 1211 1926 —
1236 1900 1275 1935 P.
1297 1905 1376 1936 377.
1391 1904 1435 1936 32

97 1947 244 1993 [tuum]
256 1947 397 1981 Manut.
413 1948 508 1981 auct.
523 1947 634 1991 Kays.
646 1968 690 1972 —
704 1947 742 1983 P.
758 1952 836 1982 377.
847 1952 890 1982 33
906 1949 1124 1982 scribebam
1139 1947 1196 1990 ‘V,
1210 1948 1254 1981 ub
1268 1947 1436 1982 Muretus

99 1993 245 2038 edidjt’,
270 1993 391 2029 Halm.
412 1994 462 2036 ΙΙ,
489 1994 538 2028 ad
562 2005 596 2038 p.
613 1998 755 2029 163.10.
775 2014 819 2019 —
844 1994 883 2030 P.
904 1998 1011 2029 378.1
1031 2006 1084 2038 sq.
1104 1996 1318 2039 impetrasti
1342 1994 1435 2030 Bak.

97 2052 133 2085 p.
154 2044 238 2084 198,
263 2040 454 2084 Wesenb,
485 2040 614 2084 Kays,
646 2040 767 2076 Halm.
794 2041 843 2085 II,
881 2041 1031 2085 Eberh.,
1064 2043 1234 2085 impetras
1263 2041 1363 2086 vulg.
1390 2062 1437 2067 —

97 2087 137 2122 P.
163 2091 242 2122 378.
258 2091 301 2122 25
332 2089 539 2123 sententiae
563 2088 606 2131 V,
638 2087 662 2122 i.
684 2098 713 2122 e.
739 2087 822 2122 fort.
849 2088 1051 2123 sententia?
1077 2089 1145 2132 Et,
1176 2098 1264 2122 nam
1289 2090 1332 2123 ut,
1355 2099 1376 2123 e
1400 2100 1434 2124 v.

99 2138 150 2169 est
174 2133 227 2169 sic
247 2145 291 2169 ex
310 2139 343 2170 et
368 2134 517 2179 saepius
542 2139 556 2169 t
580 2134 708 2178 perium
736 2135 783 2169 ad
808 2146 842 2179 p.
865 2139 943 2170 149.
959 2138 1014 2179 25,
1040 2138 1143 2169 4.18.
1164 2155 1208 2160 -
1232 2135 1273 2171 Ρ.
1294 2139 1372 2171 378.
1389 2139 1434 2170 28

99 2182 338 2227 Publiumque
362 2181 401 2216 P.
422 2181 668 2225 R.Mue11er.‚
699 2181 838 2226 Halm,
870 2182 1000 2226 Kays„
1032 2181 1184 2226 Eberh.,
1217 2194 1274 2227 φ·
1301 2187 1367 2217 aut
1390 2182 1435 2226 V,

98 2233 132 2263 et
154 2228 198 2263 P.
223 2228 333 2272 Mur.,
364 2228 501 2272 Elem,
530 2232 677 2273 praeter
700 2229 743 2264 P.
772 2229 874 2264 Olod.
900 2229 942 2264 D.
970 2249 1014 2254 ——
1045 2228 1084 2263 P.
1111 2233 1190 2264 378.
1205 2232 1250 2264 29
1280 2231 1390 2264 sicuti
1415 2240 1436 2264 e

98 2275 188 2310 vett.
203 2275 285 2310 edd.
304 2275 435 2319 Klotz„
460 2275 584 2319 Kays„
604 2274 778 2319 Hirschf.,
796 2275 930 2311 Eberh.
946 2296 990 2301 ——
1010 2275 1048 2310 P.
1070 2279 1148 2311 378.
1163 2280 1208 2311 30
1234 2277 1370 2311 domus
1388 2276 1435 2320 V,

98 2321 220 2357 Halm.
240 2322 291 2366 H,
315 2322 450 2357 Eberh.
471 2322 598 2367 (‘doeh
622 2321 673 2356 ist
693 2322 791 2357 wohl
816 2324 941 2358 domui
965 2334 1009 2358 zu
1033 2322 1179 2368 lesen’),
1205 2324 1329 2358 domui
1355 2323 1434 2358 cod.
