1671 2543
153 1058 197 1089 46

139 1910 196 1952 20

150 1970 194 2001 47

215 122 300 164 132
394 122 458 157 DE
485 121 757 157 PROVINCIIS
784 121 1141 158 CONSULARIBUS
1168 122 1359 159 ORATIO.

212 231 423 273 dicebant.
484 230 638 285 Itaque
670 230 736 271 vir
768 244 936 271 summa
967 229 1239 285 auctoritate,
1271 245 1440 272 summa
1471 231 1556 272 elo-

212 290 389 344 quentia
426 289 534 330 dixit
569 289 759 344 graviter
791 293 937 330 casum
967 289 1093 330 illum
1123 303 1269 331 meum
1299 288 1428 331 funus
1461 303 1554 331 esse

211 348 274 390 rei
301 348 510 403 publicae,
543 348 616 389 sed
640 347 768 388 funus
795 347 957 389 iustum
984 350 1028 389 et
1052 347 1273 389 indictum.
1334 347 1446 389 Mihi
1470 348 1555 402 ipsi

211 407 386 449 omnino
414 406 778 461 perhonorificum
803 409 861 448 est
884 406 1120 448 discessum
1145 421 1288 448 meum
1312 405 1442 448 funus
1469 406 1555 449 dici

210 466 273 507 rei
309 466 526 520 publicae,
563 464 730 519 reliqua
768 479 856 506 non
893 465 1119 519 reprendo,
1158 465 1232 507 sed
1269 464 1377 506 mihi
1414 465 1468 507 ad
1497 465 1553 519 id,
1572 476 1590 502 5

211 524 325 578 quod
357 524 514 578 sentio,
559 523 748 565 adsumo.
816 522 949 578 Nam,
999 523 1035 565 si
1072 523 1180 565 illud
1217 518 1310 565 iure
1350 526 1555 580 rogatum

210 583 350 624 dicere
378 582 471 624 ausi
498 584 610 636 sunt,
637 581 752 636 quod
776 581 895 623 nullo
921 582 1116 636 exemplo
1139 582 1233 624 fieri
1252 582 1409 637 potuit,
1433 583 1554 624 nulla

208 641 306 696 lege
331 641 465 696 licuit,
492 641 593 695 quia
616 655 743 682 nemo
770 640 820 682 de
847 640 963 682 63610
991 643 1196 695 servarat,
1222 641 1404 683 oblitine
1430 644 1554 683 erant

210 702 317 754 tum,
349 714 446 741 cum
474 699 560 753 1116,
593 699 667 754 qui
692 699 736 740 id
761 702 922 754 egerat,
953 699 1147 754 plebeius
1174 702 1241 741 est
1265 699 1361 755 lege
1387 700 1554 742 curiata

209 758 475 812 factus,‚dici
507 758 557 799 de
590 758 708 799 caelo
741 772 834 799 6886
866 759 1114 800 servatum?
1177 758 1260 807 Qui
1292 758 1329 800 si
1357 758 1552 813 plebeius
1573 770 1606 795 10

211 817 385 858 omnino
417 831 510 858 6886
541 831 629 858 11011
658 816 816 871 potuit,
848 817 921 871 qui
949 817 1150 858 tribunus
1176 816 1232 871 pl.
1258 817 1404 871 potuit
1430 818 1553 859 esse?

211 878 265 930 et,
298 875 417 917 6111118
450 875 697 917 tribunatus
731 875 768 916 si
798 878 919 916 ratus
952 878 1030 930 est,
1059 875 1169 916 nihil
1201 878 1280 930 est,
1312 875 1426 930 quod
1453 876 1554 917 inri-

210 937 304 975 tum
348 949 399 975 ex
443 933 552 976 actis
590 933 789 977 Caesaris
826 934 968 988 possit
1005 948 1116 988 esse,
1160 934 1250 975 61118
1286 948 1377 976 11011
1413 934 1554 976 80111111

209 993 470 1047 tribunatus,
497 993 571 1034 sed
598 993 729 1034 etiam
753 993 1145 1047 perniciosissimae
1168 1007 1239 1034 res
1262 992 1554 1047 auspiciorum

212 1052 419 1107 religione
446 1055 701 1093 conservata
725 1051 817 1093 iure
843 1051 957 1093 latae
983 1051 1271 1093 videbuntur?
1316 1051 1457 1101 Quare
1477 1055 1553 1094 aut
1576 1063 1606 1089 15

209 1111 332 1152 vobis
372 1110 649 1152 statuendum
687 1113 753 1152 est
790 1110 932 1165 legem
969 1110 1141 1152 Aeliam
1178 1124 1368 1164 manere,
1411 1111 1553 1167 legem

208 1168 378 1210 Fufiam
401 1183 491 1210 non
515 1183 609 1210 esse
636 1169 905 1224 abrogatam,
930 1184 1017 1211 non
1043 1169 1242 1211 omnibus
1265 1168 1391 1210 fastis
1411 1169 1553 1225 legem

208 1227 313 1269 ferri
344 1228 485 1281 licere,
517 1242 615 1269 cum
645 1227 715 1268 lex
745 1228 922 1280 feratur,
954 1228 1005 1268 de
1037 1227 1155 1269 63610
1186 1227 1358 1282 servari,
1391 1228 1553 1270 obnun-

210 1286 323 1339 tiari,
351 1286 561 1327 intercedi
585 1286 728 1341 licere,
755 1285 998 1327 censorium
1023 1286 1229 1328 iudicium
1255 1301 1303 1328 ac
1328 1286 1551 1328 notionem

210 1347 253 1385 et
290 1344 397 1385 illud
434 1359 604 1385 morum
641 1344 961 1386 severissimum
998 1345 1298 1399 magisterium
1335 1359 1423 1386 non
1458 1359 1551 1387 esse
1572 1358 1605 1383 20

208 1402 385 1444 nefariis
416 1403 586 1458 legibus
619 1403 669 1444 de
702 1403 878 1445 civitate
911 1403 1143 1457 sublatum,
1176 1403 1212 1444 si
1240 1403 1451 1458 patricius
1477 1404 1552 1445 tri-

209 1461 350 1502 bunus
387 1461 443 1515 pl.
480 1461 630 1516 fuerit,
675 1464 827 1503 contra
863 1461 981 1517 leges
1021 1464 1230 1515 sacratas,
1271 1461 1308 1503 si
1345 1462 1552 1517 plebeius,

210 1522 361 1561 contra
401 1520 593 1574 auspicia
629 1519 780 1574 fuisse,
825 1523 899 1561 aut
937 1520 1044 1561 mihi
1081 1520 1316 1561 concedant
1353 1520 1551 1563 homines

210 1580 384 1632 oportet
420 1578 465 1619 in
501 1578 629 1620 rebus
666 1578 792 1620 bonis
829 1593 917 1620 non
954 1578 1175 1633 exquirere
1210 1593 1259 1620 63
1289 1579 1402 1634 11113,
1442 1594 1550 1634 quae

209 1636 293 1690 ipsi
321 1636 366 1677 in
391 1637 570 1691 perditis
595 1652 683 1678 non
708 1637 946 1691 exquirant,
977 1637 1233 1692 praesertim
1258 1652 1356 1679 cum
1382 1638 1435 1679 ab
1462 1638 1550 1680 illis
1570 1651 1604 1676 25

210 1695 470 1749 aliquotiens
503 1695 695 1737 condicio
722 1695 767 1738 C.
795 1695 968 1738 Caesari
993 1697 1083 1737 lata
1109 1696 1179 1750 sit,
1209 1698 1260 1738 ut
1285 1697 1456 1738 easdem
1481 1711 1550 1738 res

210 1753 294 1795 alio
327 1754 454 1795 modo
483 1753 628 1809 ferret,
660 1769 745 1808 qua
770 1754 1018 1796 condicione
1044 1754 1237 1809 auspicia
1261 1755 1550 1810 requirebant,

207 1812 326 1867 leges
365 1813 707 1867 conprobabant,
745 1813 791 1854 in
827 1812 978 1856 Clodio
1017 1813 1307 1868 auspiciorum
1343 1813 1455 1856 ratio
1491 1814 1550 1855 sit

210 1871 368 1925 eadem,
398 1871 516 1926 leges
549 1886 696 1913 omnes
730 1871 818 1913 sint
849 1887 1021 1914 eversae
1052 1886 1101 1914 ac
1125 1872 1319 1926 perditae
1345 1872 1549 1914 civitatis.

297 1929 553 1971 Extremum
593 1930 700 1971 illud
738 1932 815 1972 est.
883 1930 997 1986 Ego,
1041 1931 1079 1972 si
1115 1933 1259 1972 essent
1295 1931 1548 1973 inimicitiae
1567 1943 1603 1969 30

210 1988 317 2029 mihi
346 2003 443 2030 cum
469 1987 515 2030 C.
541 1987 734 2043 Caesare,
765 1991 912 2031 tamen
935 1989 1018 2031 1106
1043 1991 1236 2044 tempore
1262 1989 1325 2030 rei
1350 1989 1548 2044 publicae

210 2047 443 2101 consulere,
474 2047 725 2088 inimicitias
757 2047 803 2088 in
834 2047 951 2089 aliud
981 2050 1152 2102 tempus
1183 2061 1400 2089 reservare
1427 2048 1548 2089 debe-

209 2119 318 2159 rem3
342 2120 516 2159 possem
542 2106 674 2147 etiam
699 2120 965 2148 summorum
984 2107 1175 2147 virorum
1195 2105 1388 2160 exemplo
1408 2105 1548 2147 inimi-

210 2163 334 2204 citias
373 2164 435 2205 rei
471 2164 667 2218 publicae
706 2178 835 2206 causa
870 2164 1095 2219 deponere.
1156 2162 1239 2206 Sed
1277 2178 1372 2206 cum
1407 2164 1547 2205 inimi-

211 2221 337 2262 citiae
373 2222 535 2263 fuerint
568 2237 820 2276 numquam,
859 2223 1004 2277 opinio
1036 2222 1217 2264 iniuriae
1247 2222 1455 2264 beneficio
1489 2222 1547 2264 sit
1565 2237 1599 2264 35

211 2279 417 2333 extincta,
450 2281 666 2322 sententia
697 2295 803 2335 mea,
834 2284 979 2336 patres
1012 2279 1256 2335 conscripti,
1289 2280 1326 2321 si
1357 2281 1545 2336 dignitas

211 2337 353 2392 agitur
393 2337 605 2394 Caesaris,
647 2339 814 2381 homini
857 2340 1065 2394 tribuam,
1108 2339 1146 2381 81
1183 2338 1321 2380 1101108
1359 2339 1548 2393 quidam,
