1671 2543
211 127 298 169 502
394 127 444 162 IN
472 127 519 162 M.
546 126 803 162 ANTOMUM
830 126 1006 162 ORATIO
1034 125 1303 161 PHILIPPICA
1328 128 1370 162 X.

211 250 336 278 nemo
369 239 435 278 est
466 239 635 290 praeter
669 238 892 277 veteranos
926 235 1084 277 milites
1118 235 1200 289 vir,
1233 235 1304 289 qui
1337 234 1389 276 ad
1422 235 1544 276 servi—

212 297 347 336 tutem
380 294 714 349 propulsandam
745 295 930 349 ingenuo
963 294 1109 335 dolore
1142 294 1371 348 excitetur3
1402 296 1548 348 potest

210 354 345 409 igitur
389 357 502 395 stare
549 367 615 395 res
653 353 826 407 publica
863 352 974 394 freta
1013 352 1223 394 veteranis
1263 352 1352 394 sine
1391 366 1548 408 magno

211 412 402 454 subsidio
443 411 690 454 iuventutis.
748 411 864 461 Quos
904 411 1073 466 quidem
1113 425 1187 453 vos
1226 411 1441 453 libertatis
1480 411 1548 452 ad-

211 471 373 513 iutores
423 471 652 525 complecti
702 470 884 523 debetis,
929 470 1149 512 servitutis
1191 472 1386 512 auctores
1427 470 1548 524 sequi
1586 487 1600 511 5

156 532 195 562 19
210 545 296 572 non
328 529 504 571 debetis.
556 529 780 571 Postremo
815 527 1029 584 (erumpat
1056 529 1169 570 enim
1195 529 1423 583 aliquando
1450 543 1549 570 vera

210 592 253 630 et
286 603 351 630 me
384 588 514 644 digna
540 587 670 642 vox!)‚
703 589 738 629 si
773 591 1071 629 veteranorum
1096 592 1203 629 nutu
1230 590 1394 630 mentes
1420 587 1548 628 huius

211 647 370 689 ordinis
412 647 708 703 gubernantur
747 647 973 701 omniaque
1011 647 1064 688 ad
1101 661 1248 688 eorum
1283 646 1549 688 voluntatem

208 709 358 748 nostra
389 706 515 758 dicta,
548 706 661 748 facta
690 706 944 759 referuntur,
977 706 1164 760 optanda
1190 719 1305 747 mors
1331 707 1409 759 est,
1441 719 1549 760 quae

209 765 373 807 civibus
400 764 606 806 Romanis
641 779 807 819 semper
839 764 922 806 fuit
954 765 1159 806 servitute
1190 764 1346 819 potior.
1397 762 1548 806 Omnis
1571 781 1601 805 10

209 827 275 865 est
319 824 475 865 misera
518 825 721 877 servitus3
766 823 837 864 sed
879 824 1010 864 fuerit
1047 823 1255 878 quaedam
1291 823 1550 877 necessaria3

207 883 237 938 †
257 883 520 938 ecquodnam
540 882 981 937 principiumputatis
1003 882 1216 923 libertatis
1238 881 1549 936 capessendae?

207 943 296 995 An,
338 956 434 983 cum
470 942 591 983 illum
631 942 917 983 necessarium
957 943 1000 982 et
1030 940 1205 982 fatalem
1237 955 1370 995 paene
1403 954 1550 982 casum

207 1015 294 1042 11011
343 1001 586 1054 tulerimus,
641 1000 754 1042 hunc
805 1000 989 1043 feremus
1040 999 1358 1042 voluntarium?
1438 999 1549 1041 Tota

208 1058 337 1100 Italia
375 1059 583 1101 desiderio
615 1059 831 1100 libertatis
865 1059 1042 1112 exarsit,
1080 1059 1238 1100 servire
1270 1058 1432 1100 diutius
1462 1072 1551 1100 non
1572 1072 1602 1097 15

208 1121 352 1172 potest
390 1118 560 1173 civitas3
602 1119 736 1159 serius
774 1118 932 1172 populo
970 1117 1159 1159 Romano
1197 1117 1310 1159 hunc
1344 1117 1549 1158 vestitum

209 1179 336 1231 atque
370 1191 488 1218 arma
520 1177 737 1229 dedimus,
764 1191 890 1231 quam
923 1177 975 1218 ab
1009 1191 1058 1218 eo
1090 1176 1277 1232 flagitati
1309 1190 1466 1217 sumus.

296 1235 455 1291 Magna
492 1250 570 1278 nos
610 1235 779 1290 quidem
819 1250 893 1290 spe
932 1238 975 1276 et
1006 1249 1138 1290 prope
1171 1235 1394 1289 explorata
1424 1234 1548 1275 liber-

209 1294 312 1336 tatis
358 1308 531 1336 causam
570 1295 852 1348 suscepimus3
897 1294 968 1335 sed
1010 1297 1059 1335 ut
1097 1293 1324 1335 concedam
1361 1294 1548 1335 incertos

208 1353 346 1394 exitus
386 1367 476 1394 esse
514 1352 617 1394 belli
655 1352 923 1406 Martemque
962 1366 1249 1405 communem,
1286 1354 1431 1393 tamen
1469 1365 1547 1405 pro
1568 1366 1602 1390 20

207 1411 406 1452 libertate
445 1411 558 1452 vitae
596 1411 786 1465 periculo
825 1411 1127 1452 decertandum
1165 1412 1242 1451 est.
1303 1409 1402 1451 Non
1435 1409 1549 1451 enim

207 1471 251 1511 in
284 1469 437 1524 spiritu
470 1470 559 1511 vita
592 1472 670 1524 est,
702 1470 772 1511 sed
807 1484 855 1510 ea
887 1469 1004 1510 nulla
1036 1471 1102 1511 est
1133 1469 1306 1510 omnino
1334 1468 1548 1510 servienti.

211 1528 370 1570 Omnes
402 1528 599 1570 nationes
632 1529 883 1569 servitutem
916 1528 1025 1569 ferre
1051 1530 1246 1582 possunt,
1277 1529 1427 1569 nostra
1452 1527 1550 1569 civi·

207 1590 275 1629 tas
307 1602 392 1629 non
424 1590 581 1641 potest,
612 1602 688 1629 nec
714 1587 846 1628 ullam
874 1586 1001 1627 aliam
1030 1587 1083 1628 ob
1112 1600 1294 1638 causam,
1325 1586 1408 1628 nisi
1436 1586 1548 1640 quod

207 1646 306 1687 illae
338 1646 528 1687 laborem
562 1645 837 1700 doloremque
869 1646 1060 1701 fugiunt,
1099 1645 1252 1700 quibus
1283 1648 1333 1686 ut
1365 1648 1548 1697 careant,
1569 1657 1601 1684 2⁵

209 1705 353 1746 omnia
389 1706 555 1759 perpeti
594 1707 794 1759 possunt,
832 1718 909 1745 nos
942 1705 1002 1745 ita
1035 1719 1058 1744 a
1090 1704 1324 1745 maioribus
1356 1703 1549 1744 instituti

208 1767 336 1818 atque
368 1763 523 1805 imbuti
557 1778 715 1816 sumus,
746 1766 795 1804 ut
828 1764 969 1804 omnia
997 1763 1176 1804 consilia
1201 1765 1329 1817 atque
1355 1762 1471 1804 facta
1496 1761 1549 1803 ad

207 1823 464 1878 dignitatem
503 1825 546 1864 et
583 1823 635 1863 ad
667 1822 870 1863 virtutem
903 1822 1168 1863 referremus.
1230 1820 1298 1862 Ita
1329 1821 1549 1875 praeclara

208 1884 274 1922 est
311 1881 577 1935 recuperatio
617 1881 850 1933 libertatis,
891 1884 940 1922 ut
977 1895 1028 1921 ne
1064 1894 1178 1921 mors
1212 1879 1384 1934 quidem
1414 1879 1472 1921 sit
1503 1879 1549 1921 in

207 1940 437 1994 repetenda
457 1940 656 1981 libertate
681 1939 894 1994 fugienda.
941 1938 1099 1987 Quodsi
1126 1938 1430 1980 immortalitas
1452 1952 1547 1980 con·
1566 1950 1600 1976 30

209 2001 458 2053 sequeretur
488 1998 726 2053 praesentis
758 1998 937 2052 periculi
969 1998 1129 2052 fugam,
1161 2000 1305 2038 tamen
1330 2011 1380 2038 eo
1407 1997 1546 2052 magis

209 2072 258 2098 ea
295 2057 497 2112 fugienda
534 2057 766 2110 videretur,
805 2072 888 2110 quo
929 2056 1171 2097 diuturnior
1206 2055 1390 2097 servitus
1422 2057 1545 2097 esset.

209 2115 316 2157 Cum
365 2130 464 2157 vero
510 2115 598 2157 dies
643 2117 686 2156 et
728 2118 876 2156 noctes
923 2115 1066 2156 omnia
1107 2120 1186 2156 nos
1229 2114 1415 2168 undique
1455 2112 1546 2154 fata.

209 2175 499 2227 circumstent,
531 2189 618 2216 11011
650 2176 716 2215 est
746 2174 827 2215 viri
853 2174 1111 2227 minimeque
1138 2172 1323 2214 Romani
1349 2171 1545 2213 dubitare

209 2247 305 2273 eum
337 2233 557 2287 spiritum,
595 2247 721 2287 quem
752 2235 930 2274 naturae
964 2232 1133 2285 debeat,
1163 2231 1328 2286 patriae
1360 2229 1544 2271 reddere.
1563 2241 1599 2268 ⁸5

151 2296 193 2328 21
211 2288 489 2333 Concurritur
531 2291 715 2346 undique
767 2291 819 2332 ad
857 2305 1080 2333 commune
1117 2289 1358 2332 incendium
1395 2287 1546 2329 restin-

209 2349 434 2402 guendum.
495 2348 717 2403 Veterani,
750 2350 821 2404 qui
853 2350 982 2403 primi
1014 2348 1210 2391 Caesaris
1241 2346 1569 2388 auctoritatem*

142 1214 194 1255 10

149 1274 193 1304 20
