1671 2543
229 103 313 144 176
613 100 665 135 IN
690 100 730 134 L.
756 98 970 135 PISONEM
995 98 1186 134 ORATIO.

226 210 412 264 Lentuli,
437 207 801 264 praestantissimi
827 207 908 248 viri
934 209 1062 261 atque
1089 206 1243 261 optimi
1264 206 1463 260 consulis,
1490 205 1566 248 Cn.

226 269 419 324 Pompei,
451 266 679 309 clarissimi
705 268 834 319 atque
859 265 1133 307 invictissimi
1161 265 1277 319 civis,
1310 267 1568 307 ceterorum-

229 343 309 383 que
352 326 595 382 principum
640 324 828 366 civitatis
873 324 1175 365 celeberrimae
1213 326 1256 365 et
1294 323 1568 379 gratissimae

169 394 214 425 35
231 387 453 428 contiones
493 385 679 425 fuerunt.
745 381 810 424 De
848 397 914 423 me
953 385 1127 424 senatus
1166 382 1230 423 ita
1267 382 1455 423 decrevit
1492 381 1567 424 Gn.

228 444 434 499 Pompeio
480 446 654 484 auctore
695 443 739 482 et
776 441 866 483 eius
905 441 1143 482 sententiae
1179 440 1391 495 principe,
1432 443 1494 494 ut,
1531 440 1569 481 si
1606 451 1623 476 5

230 505 324 559 quis
362 502 614 556 impedisset
651 500 837 541 reditum
873 514 1034 554 meum,
1077 500 1123 540 in
1158 499 1352 541 hostium
1389 513 1568 540 numero

228 564 473 618 putaretur,
512 561 656 614 eisque
688 559 830 600 verbis
863 573 913 599 ea
943 559 993 599 de
1025 573 1092 599 me
1125 561 1298 599 senatus
1331 558 1569 599 auctoritas

230 621 445 662 declarata
476 622 553 673 est,
584 621 633 659 ut
663 617 824 659 nemini
857 617 916 658 sit
945 617 1189 672 triumphus
1214 616 1569 658 honorificentius

232 694 359 734 quam
385 678 491 720 mihi
518 677 633 718 salus
659 675 964 729 restitutioque
989 675 1240 730 perscripta.
1287 673 1351 716 De
1377 689 1445 716 me
1473 689 1570 716 cum

232 752 378 780 omnes
410 736 693 791 magistratus
722 734 1072 789 promulgassent
1097 737 1269 788 praeter
1293 748 1426 774 unum
1451 748 1569 788 prae·
1591 744 1624 769 10

230 792 388 850 torem',
426 810 450 836 a
488 809 571 849 quo
603 808 692 835 non
721 793 805 834 fuit
836 792 1159 847 postulandum,
1195 792 1376 833 fratrem
1406 791 1570 833 inimici

231 855 327 908 mei,
352 856 607 908 praeterque
633 852 739 893 duos
765 852 814 893 de
840 851 980 907 lapide
1005 854 1172 905 emptos
1194 851 1404 904 tribunos,
1428 850 1571 905 legem

233 913 419 955 comitiis
442 911 693 953 centuriatis
714 910 818 951 tulit
837 909 883 951 P.
909 909 1118 951 Lentulus
1140 909 1289 951 consul
1309 910 1359 950 de
1380 908 1570 964 collegae

234 972 281 1021 Q.
307 971 474 1013 Metelli
501 970 728 1022 sententia,
762 984 888 1023 quem
913 983 1082 1010 mecum
1108 968 1256 1010 eadem
1286 982 1354 1009 res
1385 967 1571 1022 publica,

234 1045 339 1085 quae
364 1031 411 1071 in
435 1029 661 1070 tribunatu
688 1028 777 1069 eius
799 1028 1057 1082 diiunxerat,
1088 1027 1134 1068 in
1159 1026 1385 1069 censulatu
1409 1026 1571 1067 virtute
1592 1036 1625 1062 15

175 1096 218 1128 36
236 1088 389 1143 optimi
415 1103 464 1129 ac
490 1087 718 1129 iustissimi
743 1086 825 1127 viri
852 1086 1148 1140 sapientiaque
1175 1085 1406 1127 coniunxit.
1454 1084 1572 1133 Quae

171 1715 219 1757 16

174 1776 219 1805 37

231 1148 301 1188 lex
322 1161 448 1202 quem
468 1146 521 1187 ad
541 1146 716 1187 modum
735 1147 911 1199 accepta
931 1145 999 1198 sit,
1020 1144 1122 1199 quid
1141 1159 1208 1185 me
1229 1144 1386 1185 attinet
1403 1143 1572 1184 dicere?

231 1206 299 1247 Ex
329 1205 452 1247 vobis
485 1204 610 1245 audio
639 1203 800 1245 nemini
828 1203 910 1244 civi
935 1203 1080 1257 ullam,
1113 1217 1196 1257 quo
1223 1202 1364 1244 minus
1391 1202 1572 1256 adesset,

233 1265 339 1306 satis
372 1264 533 1304 iustam
565 1262 884 1304 excusationem
917 1276 1009 1303 esse
1040 1262 1195 1316 visam3
1225 1261 1355 1302 nullis
1383 1260 1571 1302 comitiis

232 1336 438 1377 umquam
470 1335 608 1375 neque
640 1320 962 1362 multitudinem
992 1319 1217 1361 hominum
1242 1322 1410 1360 tantam
1434 1333 1571 1372 neque
1592 1330 1626 1354 20

234 1381 504 1435 splendorem
549 1379 700 1433 fuisse3
748 1379 831 1420 hoc
875 1380 989 1420 certe
1031 1378 1172 1432 video,
1224 1377 1336 1431 quod
1378 1377 1572 1418 indicant

234 1439 405 1480 tabulae
440 1438 656 1492 publicae,
694 1451 770 1478 vos
802 1439 1045 1492 rogatores,
1083 1451 1158 1477 vos
1192 1436 1459 1490 diribitores,
1494 1449 1571 1477 vos

235 1497 432 1539 custodes
452 1496 585 1537 fuisse
606 1495 876 1548 tabellarum,
896 1497 950 1548 et,
972 1495 1085 1549 quod
1103 1495 1148 1535 in
1161 1494 1398 1536 honoribus
1411 1496 1573 1536 vestro-

233 1570 330 1596 rum
360 1556 701 1610 propinquorum
731 1569 818 1595 non
848 1553 992 1594 facitis
1022 1553 1089 1594 vel
1115 1553 1271 1594 aetatis
1299 1552 1573 1594 excusatione
1651 1604 1654 1605 ⁷

233 1614 301 1655 vel
326 1614 516 1667 honoris,
547 1613 590 1654 id
619 1614 664 1654 in
690 1613 828 1654 salute
854 1627 949 1653 mea
973 1612 1092 1653 nullo
1119 1614 1301 1667 rogante
1327 1626 1403 1653 vos
1428 1613 1573 1653 vestra
1593 1622 1626 1647 25

235 1676 386 1726 sponte
418 1672 595 1714 fecistis.

323 1730 480 1773 Confer
508 1731 586 1783 [te]
614 1744 739 1784 nunc,
764 1729 950 1784 Epicure
975 1732 1123 1771 noster
1150 1744 1201 1770 ex
1224 1728 1331 1770 hara
1353 1728 1572 1783 producte,

235 1804 322 1831 non
352 1804 403 1830 ex
435 1789 593 1842 schola,
625 1788 782 1843 confer,
813 1788 851 1829 si
882 1787 1023 1842 audes,
1055 1787 1296 1829 absentiam
1327 1790 1448 1828 tuam
1476 1801 1574 1828 cum

234 1862 341 1889 mea.
410 1847 651 1902 Optinuisti
692 1847 958 1902 provinciam
1003 1846 1271 1887 consularem
1311 1845 1469 1886 finibus
1507 1845 1574 1898 iis,

236 1920 343 1960 quos
385 1906 455 1947 lex
499 1906 748 1960 cupiditatis
789 1908 906 1959 tuae,
948 1919 1036 1946 non
1074 1918 1180 1958 quos
1219 1904 1287 1945 lex
1324 1903 1471 1959 generi
1507 1903 1574 1944 tui
1593 1914 1627 1939 30

236 1965 471 2019 pepigerat.
521 1963 636 2006 Nam
661 1964 756 2019 lege
778 1963 972 2006 Caesaris
998 1963 1239 2004 iustissima
1258 1965 1387 2016 atque
1408 1961 1574 2016 optima

235 2023 385 2077 populi
422 2023 548 2064 liberi
584 2023 710 2077 plane
750 2025 792 2063 et
828 2037 926 2064 vere
964 2024 1087 2063 erant
1121 2021 1264 2075 liberi,
1301 2020 1395 2075 lege
1428 2023 1573 2060 autem

236 2096 301 2135 ea,
340 2096 468 2135 quam
502 2096 629 2123 nemo
667 2081 806 2136 legem
843 2083 1015 2135 praeter
1052 2083 1095 2121 te
1133 2082 1176 2120 et
1207 2078 1418 2133 collegam
1449 2080 1573 2118 tuum

235 2141 424 2193 putavit,
463 2140 601 2181 omnis
634 2143 727 2181 erat
757 2139 839 2180 tibi
871 2139 1051 2193 Achaia,
1089 2137 1329 2190 Thessalia,
1363 2136 1572 2190 Athenae,

237 2201 390 2238 cuncta
434 2197 615 2239 Graecia
658 2198 845 2252 addieta3
886 2197 1076 2239 habebas
1119 2195 1351 2237 exercitum
1389 2196 1572 2249 tantum,
1591 2204 1626 2230 35

238 2259 444 2308 quantum
476 2257 559 2297 tibi
585 2271 673 2298 non
699 2259 872 2298 senatus
899 2259 973 2296 aut
996 2255 1181 2310 populus
1206 2253 1426 2305 Romanus
1453 2252 1573 2294 dede—

236 2316 321 2367 rat,
360 2315 430 2355 sed
472 2318 680 2368 quantum
717 2318 793 2356 tua
825 2314 959 2355 libido
992 2313 1322 2367 conscripserat3
1360 2312 1573 2352 aerarium
