1671 2543
543 68 644 103 CAP.
671 72 809 104 34—36
835 72 854 111 g
881 72 1030 104 83—89.
1373 68 1458 109 237

120 177 327 231 exercitu,
366 177 438 232 qui
481 177 630 231 armis,
669 176 743 231 qui
782 177 934 231 opibus
973 176 1208 231 plurimum
1245 179 1459 231 poterant,

121 251 230 291 cum,
254 236 356 291 quid
376 236 598 291 sentirent,
622 235 872 289 nesciretur,
898 235 1065 277 furialis
1085 236 1162 276 illa
1181 250 1263 277 vox
1281 235 1459 276 nefariis

120 295 282 350 stupris
308 295 339 350 †
365 295 577 350 religiosis
610 294 820 336 altaribus
847 294 1093 336 effeminata
1118 309 1264 336 secum
1289 296 1333 335 et
1359 294 1459 335 illos

121 356 165 395 et
196 354 392 396 consules
424 353 562 395 facere
595 353 869 395 acerbissime
901 353 1181 408 personabat,
1213 355 1388 408 egentes
1415 352 1460 394 in

85 423 100 449 5
120 412 365 467 locupletis,
402 412 560 467 perditi
597 412 643 453 in
683 412 838 466 bonos,
877 412 989 453 servi
1020 412 1066 453 in
1096 411 1293 453 dominos
1326 425 1460 452 arma-

120 471 288 512 bantur.
355 470 416 512 At
459 474 552 513 erat
595 485 763 512 mecum
806 474 999 525 senatus,
1043 473 1087 512 et
1131 470 1303 525 quidem
1340 473 1458 511 veste
1474 476 1518 508 87

119 532 305 584 mutata,
344 530 458 583 quod
491 544 570 584 pro
603 544 670 570 me
702 544 786 571 uno
819 532 920 584 post
950 529 1176 571 hominum
1206 529 1460 571 memoriam

117 588 292 643 publico
332 588 512 630 consilio
552 590 800 643 susceptum
837 591 915 629 est.
984 587 1067 630 Sed
1104 589 1345 642 recordare,
1386 588 1461 641 qui

119 650 214 689 tum
244 646 406 688 fuerint
437 647 661 689 consulum
691 647 863 688 nomine
894 647 1055 701 hostes,
1089 647 1162 701 qui
1194 647 1275 688 soli
1306 646 1352 688 in
1379 646 1461 688 hac

69 717 101 742 10
119 707 224 747 urbe
251 709 449 747 senatum
476 706 644 747 senatui
667 720 818 760 parere
842 720 930 747 non
955 706 1107 747 sierint
1133 705 1357 760 edictoque
1382 719 1459 746 suo

118 779 206 806 non
248 764 414 806 luctum
458 765 655 819 patribus
695 765 968 819 conscriptis,
1013 765 1087 805 sed
1123 764 1281 806 indicia
1317 764 1459 805 luctus

120 823 368 865 ademerint.
434 824 496 865 At
540 826 632 865 erat
676 838 844 865 mecum
885 826 1063 865 cunctus
1102 825 1300 877 equester
1338 823 1460 877 ordo3

121 897 248 936 quem
292 882 464 937 quidem
506 883 551 924 in
596 882 868 924 contionibus
914 882 1099 923 saltator
1135 881 1208 923 ille
1247 881 1459 924 Catilinae

121 941 269 983 consul
300 941 629 995 proscriptionis
661 940 984 982 denuntiatione
1014 941 1216 981 terrebat.
1278 940 1340 981 At
1365 942 1461 981 tota

68 1011 100 1036 15
120 999 251 1041 Italia
283 1002 558 1054 convenerat3
590 999 658 1041 cui
690 1000 862 1054 quidem
894 999 996 1041 belli
1027 999 1224 1041 intestini
1256 1002 1300 1040 et
1331 998 1460 1040 vasti-

120 1059 224 1100 tatis
257 1061 398 1100 metus
429 1058 706 1100 inferebatur.

207 1117 339 1159 Hisce
377 1131 456 1172 ego
495 1117 665 1158 auxiliis
702 1116 974 1158 studentibus
1008 1119 1136 1171 atque
1168 1116 1361 1158 incitatis
1393 1116 1459 1157 uti
1474 1113 1529 1155 36

120 1190 205 1230 me,
236 1175 501 1230 Laterensis,
531 1176 725 1230 potuisse
758 1176 976 1229 confiteor,
1009 1176 1083 1217 sed
1115 1178 1207 1216 erat
1237 1190 1325 1216 non
1355 1176 1459 1230 iure,

118 1249 206 1276 non
235 1234 417 1290 legibus,
448 1249 536 1276 non
567 1234 845 1288 disceptando
878 1234 1182 1276 decertandum
1216 1232 1334 1289 (nam
1364 1249 1460 1288 pro-

67 1305 101 1329 20
120 1293 246 1347 fecto,
276 1293 532 1348 praesertim
563 1295 655 1334 tam
686 1294 800 1334 bona
830 1293 876 1334 in
907 1308 1052 1347 causa,
1089 1307 1342 1347 numquam,
1375 1307 1459 1347 quo

120 1353 251 1393 ceteri
284 1366 408 1406 saepe
441 1352 724 1406 abundarunt,
755 1352 799 1392 id
830 1351 936 1393 inihi
967 1351 1052 1406 ipsi
1084 1351 1290 1392 auxilium
1316 1366 1460 1393 meum

120 1408 356 1466 defuisset),
383 1411 513 1452 armis
540 1410 634 1465 fuit,
662 1411 805 1462 armis,
830 1411 1018 1465 inquam,
1043 1410 1127 1451 fuit
1153 1410 1459 1465 dimicandum3

121 1469 276 1523 quibus
303 1483 328 1510 a
354 1470 487 1511 servis
514 1472 643 1524 atque
671 1484 696 1510 a
721 1484 943 1511 servorum
969 1469 1148 1510 ducibus
1173 1470 1345 1510 caedem
1365 1469 1459 1510 fieri

122 1530 296 1569 senatus
341 1530 385 1568 et
426 1528 639 1569 bonorum
682 1528 745 1569 rei
787 1528 983 1582 publicae
1025 1528 1256 1569 exitiosum
1293 1527 1459 1569 fuisset.

69 1598 101 1622 25
122 1585 250 1627 Vinci
288 1589 432 1627 autem
467 1586 689 1640 improbos
725 1601 749 1627 a
779 1587 905 1628 bonis
937 1586 1078 1628 fateor
1108 1586 1242 1627 fuisse
1272 1586 1460 1640 praecla-
1474 1594 1519 1625 88

122 1659 234 1699 rum,
272 1644 309 1685 si
339 1644 468 1685 finem
499 1647 593 1685 tum
626 1645 822 1686 vincendi
854 1645 1041 1686 viderem
1075 1646 1233 1698 [,quem
1264 1644 1458 1698 profecto

120 1716 209 1745 non
244 1702 472 1755 videbam}
534 1702 622 1745 Ubi
660 1703 774 1745 enim
811 1703 918 1744 mihi
954 1706 1127 1757 praesto
1167 1703 1350 1744 fuissent
1385 1706 1461 1743 aut

123 1765 214 1802 tam
232 1761 367 1802 fortes
389 1761 584 1802 consules
606 1775 735 1815 quam
754 1761 800 1802 L.
828 1761 1037 1815 Opimius,
1065 1776 1192 1814 quam
1213 1760 1257 1803 C.
1284 1760 1460 1815 Marius,

127 1835 256 1874 quam
286 1819 333 1860 L.
365 1819 563 1873 Flaccus,
602 1820 757 1873 quibus
794 1820 972 1861 ducibus
1010 1820 1216 1873 inprobos
1256 1819 1359 1860 civis
1392 1834 1459 1860 res

70 1891 105 1916 30
123 1878 296 1932 publica
326 1878 431 1919 vicit
463 1878 659 1931 armatis,
691 1880 782 1932 aut,
815 1878 851 1919 si
882 1878 1023 1919 minus
1054 1877 1207 1931 fortes,
1240 1880 1285 1918 at
1316 1881 1462 1919 tamen

124 1941 215 1978 tam
250 1937 356 1978 iusti
388 1951 517 1991 quam
548 1935 593 1977 P.
625 1912 810 1991 Blucius,
849 1937 921 1990 qui
954 1951 1088 1990 arma,
1127 1951 1233 1990 quae
1264 1936 1459 1990 privatus

124 1995 169 2037 P.
217 1994 362 2050 Scipio
406 1997 593 2049 ceperat,
638 2009 688 2036 ca
723 1995 785 2035 Ti.
825 1994 1019 2037 Graccho
1063 1996 1324 2049 interempto
1368 1995 1460 2037 iure

125 2054 290 2109 optimo
329 2057 503 2108 sumpta
539 2067 631 2094 esse
666 2053 883 2095 defendit?
944 2054 1073 2095 Esset
1104 2054 1240 2108 igitur
1270 2067 1461 2109 pugnan-

125 2113 227 2155 dum
265 2128 361 2155 cum
399 2112 657 2154 consulibus.
718 2111 840 2154 Nihil
879 2112 972 2154 dico
1005 2112 1189 2166 amplius
1220 2112 1305 2153 nisi
1336 2113 1460 2154 illud:

73 2182 107 2208 35
130 2170 346 2213 Victoriae
376 2174 550 2213 nostrae
580 2171 722 2226 gravis
749 2171 1014 2212 adversarios
1040 2174 1227 2225 paratos,
1258 2171 1460 2213 interitus

128 2230 268 2272 nullos
294 2245 386 2272 esse
412 2230 574 2271 ultores
600 2229 807 2271 videbam.
855 2229 985 2271 Hisce
1012 2244 1091 2285 ego
1116 2229 1285 2271 auxiliis
1307 2231 1460 2272 salutis
1476 2239 1518 2269 89

128 2303 246 2330 meae
278 2289 315 2330 si
344 2289 503 2330 idcirco
533 2288 659 2342 defui,
692 2288 791 2342 quia
814 2288 934 2330 nolui
960 2288 1173 2343 dimicare,
1204 2289 1386 2345 fatebor,
1417 2290 1462 2331 id
