1671 2543
533 77 634 112 CAP.
662 81 751 112 5—7
779 81 798 119 ς
826 81 974 112 11-19.
1334 79 1416 119 561

84 187 158 230 sed
207 187 338 228 etiam
383 185 658 228 celeberrima
706 185 854 239 populi
899 185 1081 226 Romani
1131 186 1421 240 gratulatione

85 245 264 288 auxerit.

172 303 290 345 Haec
319 303 567 357 interposui,
598 305 743 356 patres
770 303 1014 357 conscripti,
1044 317 1131 344 non
1155 306 1246 345 tam
1271 307 1320 344 ut
1345 319 1421 357 pro
1441 309 1479 340 17

85 378 152 405 1118
196 362 375 404 dixerim
418 361 545 416 (male
584 361 697 402 8111111
734 376 901 403 mecum
938 365 1155 417 ageretur,
1198 362 1235 403 si
1272 377 1424 416 parum

48 438 65 464 5
85 421 206 463 vobis
239 435 376 462 essem
408 420 498 462 sine
529 419 772 461 defensione
800 421 1043 475 purgatus),
1074 435 1201 474 quam
1227 423 1275 462 ut
1302 435 1424 475 quos·

85 480 183 521 dam
211 479 337 520 nimis
364 479 505 521 ieiuno
533 479 674 520 animo
702 482 745 520 et
771 482 954 534 angusto
981 494 1209 533 monerem,
1241 479 1284 520 id
1311 480 1424 534 quod

84 552 252 592 semper
276 539 368 592 ipse
392 537 601 592 fecissem,
626 538 692 579 uti
718 538 1017 579 excellentium
1043 538 1199 579 civium
1219 539 1424 580 virtutem

83 597 326 638 imitatione
358 597 544 652 dignam,
574 611 661 638 non
691 597 852 638 invidia
882 599 1093 651 putarent.
1142 596 1326 652 Magnus
1359 600 1425 638 est

84 656 130 698 in
154 670 199 696 re
224 655 397 710 publica
422 670 608 710 campus,
633 658 682 697 ut
708 656 923 710 sapienter
948 656 1085 697 dicere
1113 654 1292 697 Crassus
1320 656 1425 697 sole-

33 731 67 757 ιο
85 715 174 769 bat,
199 714 346 755 multis
373 717 546 769 apertus
573 729 721 755 cursus
748 715 799 755 ad
825 715 1003 755 laudem.
1053 713 1233 756 Utinam
1254 714 1425 768 quidem
1441 715 1464 755 7

86 773 150 814 illi
180 773 395 838 principes
423 773 627 827 viverent,
659 773 731 838 qui
757 788 824 815 me
850 776 950 827 post
974 787 1115 815 meum
1143 773 1426 825 consulatum,

88 846 182 873 cum
215 831 268 872 iis
299 832 391 885 ipse
424 832 632 886 cederem,
663 833 900 897 principem
930 846 1018 873 non
1047 832 1173 872 inviti
1204 832 1424 872 videbant!

86 889 181 932 Hoc
226 904 326 931 vero
371 893 563 945 tempore
607 891 652 932 in
695 893 818 932 tanta
860 891 1005 945 inopia
1049 890 1339 932 constantium
1383 893 1426 931 et

85 948 265 991 fortium
315 950 602 991 consularium
653 964 736 1003 quo
785 964 852 990 me
896 949 1041 991 dolore
1085 948 1198 990 affici
1241 949 1426 1002 creditis,

35 1025 67 1050 15
88 1021 184 1049 cum
229 1007 335 1049 alios
380 1009 489 1050 male
534 1008 710 1062 sentire,
757 1009 864 1049 alios
907 1008 1015 1049 nihil
1061 1008 1233 1049 omnino
1278 1022 1424 1049 curare

88 1066 272 1120 videam,
321 1067 427 1108 alios
475 1081 627 1121 parum
677 1069 924 1108 constanter
969 1067 1014 1107 in
1056 1069 1255 1120 suscepta
1299 1080 1427 1107 causa

86 1139 334 1179 permanere
373 1126 714 1179 sententiamque
753 1139 875 1166 suam
911 1140 998 1166 non
1035 1139 1201 1179 semper
1234 1125 1426 1166 utilitate

87 1183 150 1225 rei
169 1183 377 1238 publicae,
397 1184 470 1225 sed
493 1187 586 1225 tum
606 1199 692 1238 spe,
711 1187 804 1225 tum
823 1184 977 1225 timore
997 1184 1237 1225 moderari?
1289 1183 1425 1233 Quod-
1444 1191 1484 1221 18

89 1242 126 1283 81
158 1242 253 1296 quis
285 1243 335 1284 de
368 1243 640 1284 contentione
671 1243 937 1297 principatus
961 1243 1142 1292 laborat,
1175 1257 1282 1296 quae
1307 1242 1427 1283 nulla

35 1318 70 1343 20
89 1315 181 1342 esse
225 1301 369 1355 debet,
419 1301 674 1342 stultissime
716 1301 837 1355 facit,
887 1302 923 1342 si
966 1301 1083 1342 vitiis
1127 1316 1223 1342 cum
1266 1301 1425 1342 virtute

89 1359 326 1414 contendit3
356 1362 406 1400 ut
438 1360 551 1401 enim
583 1375 709 1401 cursu
741 1374 907 1414 cursus,
939 1359 998 1401 sic
1029 1360 1075 1400 in
1104 1359 1207 1401 viris
1239 1359 1426 1400 fortibus

89 1417 226 1458 virtus
269 1419 429 1459 virtute
474 1421 709 1473 superatur.
769 1418 851 1473 Tu,
895 1419 930 1460 si
969 1432 1047 1473 ego
1085 1418 1135 1459 de
1173 1433 1217 1459 re
1254 1418 1427 1472 publica

91 1476 252 1529 optime
291 1477 489 1531 sentiam,
528 1479 577 1518 ut
614 1492 681 1518 me
718 1478 881 1531 vincas,
917 1477 1008 1531 ipse
1045 1477 1229 1530 pessime
1268 1477 1425 1517 senties

91 1536 183 1586 aut,
221 1534 257 1574 si
295 1534 348 1574 ad
384 1550 450 1575 me
487 1536 699 1576 bonorum
736 1550 988 1577 coneursum
1024 1535 1116 1576 fieri
1155 1535 1337 1588 videbis,
1375 1535 1426 1575 ad

37 1610 70 1636 25
90 1595 133 1634 te
164 1592 385 1646 improbos
416 1593 647 1634 invitabis?
702 1593 875 1634 Nollem
909 1594 1095 1647 primum
1132 1593 1192 1634 rei
1230 1592 1426 1646 publicae

91 1665 235 1705 causa,
278 1651 426 1692 deinde
471 1651 600 1692 etiam
644 1651 867 1705 dignitatis
906 1655 1016 1692 tuae.
1082 1650 1163 1692 Sed
1201 1651 1237 1692 si
1274 1651 1426 1704 princi-

81 1712 216 1764 ·patus
243 1713 453 1765 ageretur,
486 1723 611 1763 quem
639 1724 873 1763 numquam
899 1709 1096 1764 expetivi,
1128 1710 1230 1763 quid
1254 1710 1427 1750 tandem

90 1768 198 1809 mihi
229 1771 342 1810 esset
374 1768 592 1822 optatius?
640 1767 736 1822 Ego
769 1768 882 1809 enim
914 1768 1037 1808 malis
1065 1767 1288 1809 sententiis
1314 1768 1425 1809 vinci

89 1842 177 1868 non
206 1841 395 1881 possum,
426 1827 549 1868 bonis
581 1826 764 1867 forsitan
794 1827 957 1880 possim
990 1829 1033 1867 et
1063 1826 1258 1867 libenter.
1308 1825 1425 1867 Haec
1444 1834 1484 1865 19

38 1903 72 1928 30
90 1885 296 1939 populum
315 1884 557 1926 Romanum
582 1885 736 1938 videre,
762 1885 1110 1939 animadvertere,
1131 1884 1318 1926 iudicare
1339 1885 1428 1938 qui-

92 1943 190 1984 dam
221 1944 400 1985 moleste
430 1943 584 1985 ferunt.
644 1943 876 1984 Poteratne
907 1943 1016 1996 fieri,
1053 1945 1102 1983 ut
1132 1957 1219 1984 non
1249 1943 1426 1997 proinde

90 2001 285 2042 homines
316 2003 362 2043 de
394 2016 573 2056 quoque,
603 2004 652 2043 ut
678 2002 857 2056 quisque
883 2004 1129 2055 mereretur,
1159 2001 1426 2042 iudicarent?

91 2058 154 2101 Ut
191 2060 305 2100 enim
341 2060 391 2101 de
423 2060 620 2102 universo
653 2063 802 2101 senatu
832 2060 1016 2114 populus
1048 2059 1267 2101 Romanus
1299 2060 1427 2101 veris-

94 2118 199 2159 sime
253 2118 414 2160 iudicat
466 2119 595 2160 nullis
645 2119 706 2160 rei
754 2119 949 2173 publicae
998 2118 1265 2172 temporibus
1314 2118 1426 2159 hunc

42 2191 74 2217 35
94 2176 285 2217 ordinem
321 2176 555 2218 firmiorem
592 2180 665 2218 aut
701 2176 925 2218 fortiorem
962 2175 1112 2230 fuisse,
1155 2176 1216 2218 810
1255 2177 1304 2218 (18
1341 2190 1426 2217 11110

95 2247 261 2288 quoque
298 2237 496 2276 nostrum
532 2238 575 2276 et
612 2236 812 2290 maxime,
850 2235 922 2289 qui
952 2235 1034 2276 hoc
1063 2235 1159 2276 loco
1192 2235 1427 2277 sententias

94 2291 290 2347 dicimus,
321 2293 597 2335 sciscitantur
629 2308 792 2348 omnes,
830 2296 956 2335 avent
987 2293 1150 2347 audire,
1183 2292 1285 2347 quid
1316 2294 1428 2348 quis-

168 2366 238 2393 010,
258 2368 301 2393 11.
321 2370 346 2394 3.
1172 2365 1216 2394 36
