1671 2543
620 71 971 107 ARGUMENTUM.
1353 72 1404 113 27
1413 73 1436 114 7

100 180 262 217 occisum
289 189 380 223 esse,
406 178 628 223 anulumque
654 177 766 224 [eius]
795 177 829 212 ei
854 177 1027 212 morienti
1055 178 1280 220 extractum,
1306 176 1438 211 deinde

102 227 298 271 Milonem,
334 238 416 261 cum
456 225 567 260 sciret
603 224 642 260 in
679 225 825 259 Albano
864 224 917 259 ali
946 223 1141 268 parvulum
1170 223 1288 258 filium
1320 222 1437 267 Clodi,

99 275 247 310 venisse
285 273 333 308 ad
369 272 514 316 villam,
553 274 591 307 et
627 282 711 306 cum
748 282 840 316 puer
876 273 962 306 ante
994 271 1206 306 subtractus
1241 272 1357 314 esset,
1395 281 1439 305 ex

101 332 208 357 servo
233 320 409 355 Halicore
441 318 698 363 quaestionem
732 318 787 352 ita
811 318 1003 361 habuisse,
1036 319 1079 352 ut
1103 329 1187 353 eum
1213 317 1439 352 articulatim

101 370 357 409 consecarent3
392 366 545 401 vilicum
576 368 615 400 et
646 366 738 400 duos
769 367 966 410 praeterea
996 376 1121 400 servos
1152 364 1359 410 iugulasse;
1395 375 1440 399 ex

102 415 219 451 servis
252 414 375 457 Clodi,
409 414 471 458 qui
503 412 693 448 dominum
725 412 977 454 defenderint,
1009 411 1182 447 undecim
1214 422 1294 446 esse
1325 411 1438 446 inter—

101 463 237 506 fectos,
285 461 436 496 Milonis
481 460 572 495 duos
618 460 717 494 solos
762 459 907 494 saucios
946 458 1066 494 factos
1111 469 1207 501 esse;
1252 459 1300 494 ob
1343 469 1439 502 quae

100 509 278 544 Milonem
315 510 465 554 postero
498 507 559 541 die
590 506 786 542 duodecim
818 516 962 549 serVOS,
1001 506 1064 549 qui
1095 507 1255 540 maxime
1289 516 1439 550 operam

100 557 314 599 navassent,
339 565 452 589 manu
477 553 623 589 misisse
647 553 861 598 populoque
887 552 1057 587 tributim
1083 553 1231 597 singula
1254 552 1361 587 milia
1380 563 1439 587 ae-

100 603 152 638 ris
183 603 231 638 ad
263 601 513 637 defendendos
546 601 591 636 de
625 612 662 636 se
695 611 858 634 rumores
890 600 1047 635 dedisse.
1097 600 1187 634 Milo
1218 599 1365 634 misisse
1392 599 1440 634 ad

102 651 166 686 Cn.
193 649 411 694 Pompeium
436 648 645 691 dicebatur,
673 647 737 691 qui
761 648 935 692 Hypsaeo
962 657 1103 681 summe
1129 646 1314 691 studebat,
1341 646 1441 690 quod

100 697 223 732 fuerat
255 698 333 731 eius
366 699 555 741 quaestor,
590 694 769 730 desistere
796 706 834 729 se
859 694 1041 739 petitione
1068 693 1298 737 consulatus,
1331 694 1363 728 si
1387 694 1442 727 ita

101 744 137 779 ei
167 744 365 779 videretur.
415 742 630 787 Pompeium
654 741 888 787 respondisse
913 740 1054 775 nemini
1081 752 1119 775 se
1143 751 1264 784 neque
1287 740 1442 785 petendi

100 802 222 835 neque
253 790 458 825 desistendi
489 792 680 824 auctorem
718 799 797 823 esse
833 799 951 832 neque
984 787 1115 832 populi
1144 787 1304 821 Romani
1334 789 1442 832 pote-

103 840 239 873 statem
264 839 330 872 aut
354 836 510 872 consilio
537 838 603 870 aut
629 835 817 870 sententia
842 834 1175 879 interpellaturum.
1212 834 1354 868 Deinde
1374 845 1442 878 per

102 884 139 920 C.
171 884 369 928 Lucilium,
404 884 468 928 qui
501 885 655 928 propter
679 882 728 917 M.
756 882 942 917 Ciceronis
975 881 1270 916 familiaritatem
1301 881 1442 915 amicus

102 933 184 966 erat
208 931 358 971 Miloni,
391 931 512 975 egisse
538 940 682 974 quoque
709 928 918 971 dicebatur,
944 939 990 963 ne
1017 939 1055 962 se
1082 928 1126 963 de
1152 928 1221 962 hac
1247 940 1286 963 re
1311 938 1444 962 consu-

100 979 212 1014 lendo
238 978 381 1012 invidia
406 980 587 1012 oneraret.

195 1025 296 1059 Inter
327 1025 419 1060 haec
450 1035 534 1058 cum
564 1024 813 1058 crebresceret
843 1033 968 1056 rumor
994 1021 1057 1057 Cn.
1084 1022 1296 1065 Pompeium
1321 1020 1439 1055 creari

101 1072 325 1107 dictatorem
356 1073 526 1116 oportere
556 1081 676 1114 neque
708 1069 818 1104 aliter
847 1069 948 1103 mala
983 1068 1149 1103 civitatis
1177 1068 1298 1103 sedari
1322 1078 1442 1112 posse,

101 1119 222 1153 visum
255 1121 312 1154 est
343 1117 587 1163 optimatibus
613 1117 729 1152 tutius
756 1127 836 1151 esse
861 1127 946 1150 eum
971 1115 1161 1150 consulem
1187 1115 1267 1149 sine
1295 1114 1442 1159 collega

104 1166 238 1209 creari,
270 1167 308 1200 et
338 1176 421 1199 cum
456 1167 620 1199 tractata
651 1175 696 1199 ea
726 1174 784 1198 res
816 1165 915 1198 esset
944 1162 984 1196 in
1018 1164 1166 1205 senatu,
1192 1162 1294 1197 facto
1326 1161 1366 1195 in
1393 1161 1443 1197 M.

103 1213 229 1247 Bibuli
262 1213 485 1247 sententiam
511 1211 544 1247 S.
573 1212 610 1246 C.
637 1210 833 1255 Pompeius
867 1210 914 1244 ab
940 1209 1126 1254 interrege
1154 1209 1253 1244 Serv.
1281 1208 1444 1253 Sulpicio

103 1259 135 1295 V
160 1260 245 1295 Kal.
269 1259 378 1308 Mart.
410 1269 536 1293 mense
568 1257 807 1293 intercalario
835 1257 963 1292 consul
990 1259 1135 1291 creatus
1161 1257 1218 1290 est
1243 1256 1444 1298 statimque

105 1306 339 1343 consulatum
370 1306 464 1342 iniit.
513 1305 769 1350 Deindepost
794 1304 891 1339 diem
917 1303 1070 1338 tertium
1096 1303 1142 1338 de
1166 1303 1312 1348 legibus
1338 1302 1444 1337 novis

104 1353 267 1389 ferendis
288 1352 462 1398 rettulit,
495 1353 587 1387 duas
620 1363 664 1387 ex
697 1351 731 1387 S.
758 1350 795 1385 C.
828 1350 1097 1396 promulgavit,
1130 1350 1287 1384 alteram
1318 1349 1364 1383 de
1394 1349 1444 1392 vi,

105 1411 178 1445 qua
207 1399 437 1439 nominatim
476 1400 627 1434 caedem
661 1399 700 1433 in
736 1398 859 1443 Appia
893 1397 956 1432 via
992 1398 1131 1432 factam
1163 1400 1201 1432 et
1229 1395 1444 1431 incendium

106 1447 232 1485 curiae
258 1449 296 1482 et
321 1447 472 1484 domum
486 1448 537 1482 M.
558 1445 690 1491 Lepidi
714 1444 912 1490 interregis
932 1446 1187 1489 oppugnatam
1207 1444 1445 1488 comprehen-

106 1493 178 1537 dit,
210 1494 367 1528 alteram
399 1494 456 1529 de·
476 1493 620 1534 ambitu
646 1492 972 1537 poena-graviore
1005 1494 1043 1526 et
1080 1491 1199 1525 forma
1222 1490 1444 1525 iudiciorum

113 1541 290 1575 breviore.
314 1548 321 1554 ·
340 1540 504 1584 Utraque
532 1538 629 1574 enim
654 1539 715 1574 lex
740 1538 841 1584 prius
866 1540 981 1573 testes
1007 1538 1099 1581 dari,
1126 1538 1259 1572 deinde
1283 1548 1357 1571 uno
1384 1537 1444 1571 die

108 1588 220 1630 atque
254 1587 385 1621 eodem
416 1589 454 1621 et
485 1587 531 1621 ab
558 1587 773 1621 accusatore
799 1587 837 1620 et
862 1596 884 1619 a.
908 1595 970 1620 reo
996 1584 1162 1629 perorari
1187 1584 1358 1628 iubebat,
1390 1583 1446 1617 ita

106 1636 149 1668 ut
175 1633 269 1667 duae
293 1633 408 1668 horae
434 1633 657 1676 accusatori,
689 1635 765 1667 tres
790 1643 852 1666 reo
880 1631 1066 1666 darentur.
1115 1631 1182 1665 His
1207 1630 1354 1675 legibus
1381 1631 1444 1665 ob-

106 1680 238 1715 sistere
263 1679 311 1714 M.
339 1678 484 1719 Caeh'us
515 1681 561 1713 tr.
592 1679 643 1724 pl.
676 1678 970 1713 studiosissimus
1002 1677 1152 1711 Milonis
1185 1679 1338 1711 conatus
1376 1679 1444 1718 est,

108 1727 207 1771 quod
235 1728 273 1761 et
296 1725 534 1770 privilegium
560 1725 701 1760 diceret
724 1726 763 1760 in
782 1725 961 1759 Milonem
985 1724 1073 1758 ferri
1092 1725 1130 1758 et
1147 1723 1287 1758 iudicia
1304 1723 1445 1767 praeci-

106 1773 231 1819 pitari.
293 1773 341 1807 Et
384 1773 467 1807 cum
500 1773 724 1816 pertinacius
762 1772 884 1816 legem
921 1770 1066 1805 Caelius
1102 1770 1350 1814 vituperaret,
1396 1780 1439 1804 eo

108 1819 292 1865 processit
317 1820 394 1853 irae
420 1818 629 1863 Pompeius,
654 1820 697 1852 ut
722 1818 873 1860 diceret,
901 1818 931 1851 si
957 1818 1107 1850 coactus
1134 1818 1242 1859 esset,
1269 1827 1307 1850 se
1333 1815 1445 1850 armis

107 1878 187 1901 rem
211 1866 401 1911 publicam
427 1864 673 1899 defensurum.
717 1863 890 1898 Timebat
908 1865 1032 1898 autem
1052 1862 1249 1908 Pompeius
1269 1862 1446 1897 Milonem

109 1925 173 1949 seu
205 1914 335 1947 timere
368 1923 407 1947 se
439 1912 654 1953 simulabat3
685 1910 903 1955 plerumque
933 1920 1008 1944 non
1041 1909 1143 1944 domi
1174 1919 1279 1951 suae,
1312 1909 1378 1943 sed
1407 1910 1447 1943 in

107 1960 227 1995 hortis
254 1959 441 2002 manebat,
466 1958 577 2002 idque
602 1958 726 2002 ipsum
750 1958 790 1991 in
815 1956 1076 2000 superioribus,
1102 1957 1200 1990 circa
1219 1967 1310 2000 quos
1331 1956 1447 1990 etiam

107 2018 246 2052 magna
283 2017 414 2040 manus
453 2005 617 2040 militum
654 2004 873 2039 excubabat.
935 2003 1112 2038 Senatum
1149 2014 1295 2047 quoque
1332 2003 1447 2037 semel

108 2056 262 2098 repente
289 2053 484 2087 dimiserat
504 2051 711 2096 Pompeius,
739 2050 839 2094 quod
864 2050 1005 2084 diceret
1029 2049 1161 2084 timere
1187 2060 1226 2084 se
1245 2049 1446 2084 adventum

108 2100 271 2136 Milonis.
324 2099 420 2134 Dein
451 2098 618 2143 proximo
645 2099 775 2133 senatu
800 2097 840 2132 P.
867 2096 1083 2132 Cornificius
1108 2096 1246 2131 fen-um
1269 2096 1448 2131 Milonem

107 2147 208 2181 intra
231 2147 397 2182 tunicam
416 2146 554 2180 habere
575 2145 622 2179 ad
642 2145 760 2180 femur
779 2144 975 2188 alh'gatum
995 2143 1155 2186 (Κητεὺς
1181 2143 1447 2188 postulaverat,

110 2195 152 2228 ut
183 2195 303 2228 femur
333 2194 506 2235 nudaret;
542 2194 581 2226 et
617 2191 683 2226 ille
714 2191 793 2225 sine
825 2201 929 2225 mora
961 2189 1125 2224 tunicam
1149 2191 1305 2225 levarat.
1354 2190 1448 2224 Tum

107 2240 157 2276 M.
183 2239 312 2276 Cicero
344 2240 618 2276 exclamaverat
649 2238 774 2273 omnia
797 2237 855 2272 illi
880 2237 1019 2272 similia
1044 2237 1199 2272 crimina
1224 2247 1320 2281 esse,
1353 2248 1448 2282 quae

107 2287 147 2321 in
172 2287 351 2322 Milonem
377 2288 587 2322 dicerentur
612 2285 695 2321 ah'a.
