1671 2543
561 87 660 124 CAP.
686 92 776 124 6—8
803 93 822 132 g
850 93 996 125 18—25.
1361 88 1448 130 473

105 200 158 241 ad
189 199 438 241 libertatem
468 197 801 251 recuperandam
828 197 1133 251 excitaverunt,
1166 211 1296 249 arma,
1330 211 1446 252 saga,

104 259 266 299 bellum
297 257 618 312 flagitaverunt,
651 270 717 296 me
749 271 834 297 una
865 270 962 297 cum
992 256 1151 310 populo
1178 254 1374 296 Romano
1401 256 1446 296 in

107 317 350 358 contionem
387 317 662 368 vocaverunt,
700 314 745 355 hi
783 315 1020 356 Antonium
1058 314 1240 370 diligent
1272 317 1315 355 et
1347 329 1443 356 cum

103 375 171 416 his
202 389 352 430 pacem
384 373 572 415 servabit
599 372 844 414 Antonius?
899 372 1012 414 Nam
1039 373 1140 427 quid
1165 386 1244 428 ego
1272 373 1321 414 de
1346 373 1435 414 11111-
1454 380 1499 410 22

70 448 228 476 5verso
270 433 429 487 populo
472 431 668 473 Romano
712 432 878 473 dicam?
918 432 989 486 qui
1032 433 1160 486 pleno
1202 446 1250 473 ac
1281 430 1442 473 referto

106 492 199 533 foro
248 492 316 533 bis
366 506 433 532 me
476 505 561 531 una
604 492 746 531 mente
791 493 918 544 atque
963 505 1064 532 voce
1108 491 1153 531 in
1198 490 1443 532 contionem

105 550 275 592 vocavit
301 549 615 603 declaravitque
643 549 873 590 maximam
895 549 1111 590 libertatis
1131 548 1443 603 recuperandae

107 609 397 663 cupiditatem.
479 607 630 662 Itaque
687 611 779 649 erat
836 608 1025 662 optabile
1077 611 1220 661 antea,
1275 610 1324 648 ut
1372 622 1444 661 po-

106 668 256 723 pulum
288 667 530 709 Romanum
563 667 764 708 comitem
794 667 1063 719 haberemus,
1094 681 1206 708 nunc
1236 666 1444 707 habemus

58 743 89 768 ιο
108 726 270 768 ducem.
339 725 456 774 Quae
495 728 560 766 est
596 725 731 780 igitur
763 740 877 779 spes,
918 725 989 779 qui
1023 724 1236 766 Mutinam
1268 725 1444 766 circum-

0 784 5 790 ’
109 786 274 838 sedent,
328 785 632 850 imperatorem
686 784 834 838 populi
893 783 1077 825 Romani
1127 784 1444 837 exercitumque

110 847 372 898 oppugnant,
397 843 450 883 iis
468 857 624 908 pacem
651 857 746 884 cum
771 843 930 896 populo
957 842 1150 883 Romano
1179 856 1269 883 esse
1290 841 1444 896 posse?

108 902 178 943 An
221 916 317 943 cum
361 901 604 966 municipiis
648 916 730 955 pax
774 902 873 954 erit,
918 915 1099 955 quorum
1142 903 1265 941 tanta
1303 900 1444 941 studia
1458 909 1503 940 23

109 964 428 1016 cognoscuntur
464 960 509 1000 in
546 960 728 1001 decretis
766 959 990 1013 faciendis,
1033 960 1244 1000 militibus
1283 958 1444 1009 dandis,

56 1036 88 1061 15
108 1019 300 1073 pecuniis
344 1018 615 1073 pollicendis,
663 1021 712 1059 ut
755 1018 800 1059 in
844 994 1024 1074 singulis
1070 1018 1238 1072 oppidis
1283 1018 1443 1059 curiam

107 1077 256 1131 populi
299 1076 484 1118 Romani
523 1091 611 1118 non
647 1077 926 1118 desideretis?
994 1076 1215 1117 Laudandi
1257 1079 1357 1117 sunt
1393 1063 1516 1120 exffl)

106 1136 234 1177 huius
261 1136 420 1177 ordinis
448 1135 661 1176 sententia
687 1135 889 1189 Firmani,
915 1135 986 1190 qui
1006 1136 1220 1189 plincipes
1240 1135 1444 1189 pecuniae

107 1194 386 1259 pollicendae
390 1194 575 1247 fuer,unt
595 1169 935 1248 respondendiim
954 1194 1186 1235 honorifice
1203 1196 1268 1234 est
1282 1193 1443 1234 Marru-

109 1253 228 1306 cinis,
266 1253 338 1307 qui
376 1252 613 1308 ignominia
648 1253 858 1294 notandos
893 1255 1148 1294 censuerunt
1180 1267 1271 1305 eos,
1303 1252 1338 1293 si
1371 1252 1440 1305 qui

56 1328 90 1353 20
109 1286 309 1352 militiam
342 1310 715 1366 supterfugissent.
777 1311 895 1352 Haec
926 1311 1012 1352 iam
1043 1314 1138 1351 tota
1168 1286 1299 1351 Italia
1330 1311 1444 1352 fient.

107 1369 267 1425 Magna
292 1384 376 1423 pax
400 1370 592 1411 Antonio
620 1385 716 1411 cum
742 1370 806 1423 113,
831 1370 899 1411 1113
925 1370 1031 1411 item
1057 1384 1153 1410 cum
1179 1369 1266 1410 illo.
1327 1369 1443 1418 Quae

107 1431 252 1482 potest
282 1443 374 1469 esse
407 1429 543 1469 maior
574 1428 814 1470 discordia?
875 1428 927 1469 In
952 1428 1165 1470 discordia
1191 1431 1335 1469 autem
1360 1442 1443 1482 pax

109 1486 246 1528 civilis
279 1501 369 1528 esse
400 1487 518 1528 nullo
551 1490 678 1541 pacto
710 1490 867 1541 potest.
925 1486 987 1528 Ut
1019 1487 1219 1528 omittam
1251 1487 1441 1527 multitu·
1456 1495 1503 1525 ‘24

110 1545 268 1598 dinem,
305 1544 352 1585 L.
383 1544 569 1599 Visidio,
607 1546 741 1600 equiti
773 1546 986 1597 Romano,
1022 1545 1187 1586 homini
1219 1545 1264 1585 in
1294 1545 1445 1599 primis

56 1620 90 1646 25
111 1606 262 1645 ornato
302 1606 429 1657 atque
466 1603 648 1645 honesto
688 1604 851 1658 civique
891 1618 1057 1657 semper
1096 1603 1288 1658 egregio,
1325 1604 1444 1645 cuius

110 1676 189 1717 ego
241 1661 440 1702 excubias
491 1665 534 1702 et
583 1663 798 1703 custodias
849 1662 933 1703 mei
977 1662 1130 1715 capitis
1176 1662 1359 1716 cognovi
1401 1662 1447 1702 in

111 1720 337 1762 consulatu
374 1734 486 1773 meo,
526 1720 600 1773 qui
637 1720 798 1761 vicinos
838 1735 936 1761 suos
973 1735 1058 1761 non
1097 1719 1348 1761 cohortatus
1381 1723 1447 1761 est

111 1774 267 1832 solum,
299 1781 348 1819 ut
378 1778 538 1819 milites
570 1778 739 1831 fierent,
779 1779 850 1819 sed
884 1778 1014 1819 etiam
1044 1777 1324 1819 facultatibus
1358 1778 1446 1819 suis

111 1837 369 1889 sublevavit,
399 1837 510 1889 huic,
541 1836 727 1890 inquam,
759 1837 837 1876 tali
869 1837 973 1889 viro,
1006 1851 1130 1890 quem
1161 1851 1240 1877 nos
1273 1839 1446 1877 senatus

58 1913 92 1937 30
112 1895 307 1936 consulto
347 1895 599 1936 conlaudare
637 1895 855 1947 debemus,
892 1895 1106 1948 poteritne
1145 1909 1236 1936 esse
1268 1898 1446 1949 pacatus

111 1953 354 1994 Antonius?
417 1953 557 2002 Quid?
595 1952 639 1995 C.
673 1952 862 2006 Caesari,
899 1953 972 2006 qui
1004 1953 1126 1993 illum
1156 1954 1278 2006 urbe,
1317 1953 1446 2007 quid?

110 2011 162 2053 D.
199 2011 354 2064 Bruto,
401 2012 472 2065 qui
511 2010 651 2052 Gallia
693 2011 942 2065 prohibuit?
1004 2011 1096 2052 Iam
1135 2026 1233 2053 vero
1272 2012 1363 2065 ipse
1401 2026 1444 2053 se
1460 2017 1506 2050 2¹5

111 2069 301 2124 placabit
339 2073 382 2110 et
413 2070 544 2110 leniet
575 2069 818 2124 provinciae
853 2068 1036 2123 Galliae,
1073 2085 1098 2110 a
1131 2084 1214 2123 qua
1245 2070 1446 2123 expulsus

112 2131 155 2169 et
186 2127 433 2182 repudiatus
460 2128 553 2168 est?
611 2127 764 2168 Omnia
789 2128 1001 2181 videbitis,
1032 2131 1176 2182 patres
1203 2129 1447 2182 conscripti,

58 2203 92 2229 35
110 2186 196 2227 nisi
226 2186 485 2240 prospicitis,
510 2186 636 2240 plena
663 2186 869 2241 odiorum,
899 2187 1026 2240 plena
1051 2186 1369 2239 discordiarum,
1397 2202 1447 2228 ex

113 2245 267 2299 quibus
306 2244 502 2285 oriuntur
541 2244 653 2284 bella
691 2244 844 2285 civilia.
904 2244 1052 2285 Nolite
1090 2245 1224 2299 igitur
1253 2244 1296 2285 id
1328 2245 1448 2299 velle,

112 2303 224 2356 quod
255 2303 347 2344 fieri
378 2317 462 2343 non
490 2305 646 2357 potest,
679 2305 721 2343 et
748 2305 903 2357 cavete,
934 2317 1010 2355 per
1037 2303 1136 2344 deos
1162 2303 1446 2345 immortales!
