1671 2543
484 83 585 117 CAP.
612 86 751 117 33—35
778 85 797 124 ξ
824 85 973 117 81-86.
1369 80 1453 121 195

109 190 246 240 Quem
288 205 342 232 ne
387 190 600 232 maiorum
639 189 811 244 quidem
849 203 967 230 more
1005 187 1218 243 supplicio
1258 187 1451 241 affecisti,

108 263 206 291 cum
241 249 371 291 miser
396 249 469 290 ille
496 248 716 290 securibus
742 248 928 302 hospitis
955 247 1021 289 sui
1047 247 1232 289 cervices
1258 246 1451 288 subicere

109 307 308 362 gestiret,
345 308 420 349 sed
456 307 496 349 ei
532 307 716 361 medico,
755 321 882 361 quem
918 309 1061 348 tecum
1092 306 1123 361 †
1154 308 1202 346 tu
1234 305 1452 357 eduxeras,

108 366 352 421 imperasti,
395 369 445 408 ut
481 380 610 407 venas
647 365 836 407 hominis
873 365 1098 419 incideret3
1142 379 1239 406 cum
1278 364 1450 418 quidem
1465 372 1509 403 84

72 438 89 463 5
110 425 190 466 tibi
229 425 360 466 etiam
393 425 578 467 accessio
610 423 695 466 fuit
727 424 780 465 ad
809 438 958 465 necem
990 423 1178 465 Platoris
1208 422 1451 476 Pleuratus,

109 484 200 526 eius
227 498 382 538 comes,
418 498 545 538 quem
569 483 734 525 necasti
760 483 1009 524 verberibus
1036 496 1204 524 summa
1230 483 1450 523 senectute

110 542 363 584 confectum.
424 541 628 596 Idemque
661 544 710 583 tu
735 541 1045 595 Rabocentum,
1069 540 1267 582 Bessicae
1297 540 1517 595 gentisoeu

107 601 359 656 principem,
391 616 488 643 cum
521 602 600 653 [te]
634 600 841 641 trecentis
873 600 1050 641 talentis
1082 600 1175 655 regi
1201 598 1329 653 Cotyi
1354 613 1451 640 ven-

109 659 308 714 didisses,
343 659 481 701 securi
511 659 780 714 percussisti,
813 673 910 700 cum
941 659 1013 699 ille
1046 658 1099 699 ad
1130 662 1173 699 te
1204 658 1374 713 legatus
1405 657 1451 697 in

57 735 89 760 ιο
110 722 251 760 castra
288 718 478 760 venisset
514 720 559 760 et
596 718 678 759 tibi
715 731 874 773 magna
909 717 1123 771 praesidia
1160 719 1204 757 et
1236 716 1395 757 auxilia
1426 730 1451 756 a

108 776 255 818 Bessis
293 777 487 832 peditum
525 777 804 831 equitumque
842 776 1136 830 polliceretur,
1178 789 1316 829 neque
1353 789 1451 816 eum

109 836 262 890 solum,
294 836 367 878 sed
399 836 531 877 etiam
563 838 729 877 ceteros
759 835 940 890 legatos,
974 835 1046 889 qui
1073 834 1201 875 simul
1226 835 1450 887 venerant3

110 909 293 949 quorum
332 895 523 936 omnium
561 894 705 949 capita
741 893 834 949 regi
873 892 1001 948 Cotyi
1038 892 1279 934 vendidisti.
1340 891 1451 933 Den-

109 953 275 1008 seletis,
325 967 433 1008 quae
476 953 597 994 natio
641 967 809 1007 semper
853 951 1082 993 oboediens
1124 951 1226 992 huic
1268 950 1450 1005 imperio

58 1028 90 1054 15
110 1012 242 1053 etiam
285 1012 331 1053 in
373 1012 449 1053 illa
489 1011 680 1053 omnium
717 1011 1001 1052 barbarorum
1038 1009 1276 1051 defectione
1313 1008 1451 1051 Mace-

111 1071 283 1112 doniam
308 1070 354 1113 O.
382 1070 530 1112 Sentio
555 1073 754 1125 praetore
780 1072 924 1111 tutata
950 1071 1027 1122 est,
1051 1068 1263 1110 nefarium
1288 1068 1451 1109 bellum

111 1132 154 1170 et
186 1130 353 1171 crudele
384 1129 591 1183 intulisti,
627 1129 771 1183 eisque
804 1143 901 1170 cum
931 1103 1193 1169 fidelissimis
1227 1127 1355 1168 sociis
1386 1127 1451 1168 uti

109 1202 271 1243 posses,
301 1188 502 1230 hostibus
530 1188 596 1229 uti
622 1187 841 1229 acerrimis
867 1187 1071 1228 maluisti.
1126 1185 1197 1226 Ita
1221 1188 1451 1240 perpetuos

111 1246 354 1288 defensores
386 1246 661 1288 Macedoniae
698 1248 923 1287 vexatores
961 1260 1009 1287 ac
1042 1245 1319 1299 praedatores
1358 1244 1452 1285 effe-

57 1322 92 1347 20
111 1305 228 1360 cisti3
263 1305 496 1361 vectigalia
530 1308 682 1347 nostra
716 1304 1044 1359 perturbarunt,
1079 1303 1207 1345 urbes
1237 1306 1453 1357 ceperunt,

110 1366 337 1406 vastarunt
369 1378 509 1419 agros,
540 1364 680 1405 socios
710 1366 884 1405 nostros
915 1363 960 1404 111
993 1362 1246 1404 servitutem
1272 1361 1453 1402 abduxe-

111 1426 229 1477 runt,
264 1422 451 1464 familias
484 1423 782 1477 abripuerunt,
819 1436 948 1476 pecus
981 1422 1236 1476 abegerunt,
1273 1420 1453 1461 Thessa-

111 1482 368 1536 lonicenseS,
411 1496 509 1524 cum
553 1481 710 1536 oppido
749 1481 1069 1534 desperassent,
1104 1479 1272 1520 mum're
1311 1493 1452 1520 arcem
1501 1520 1518 1527 a

114 1543 357 1595 coegerunt.
430 1540 470 1581 A
518 1542 561 1581 te
604 1539 720 1581 Iovis
764 1539 860 1581 Urii
905 1539 1053 1580 fanum
1103 1538 1453 1592 antiquissimum
1468 1522 1523 1587 32³

60 1618 92 1643 25
113 1599 396 1639 barbarorum
411 1598 816 1652 sanctissimumque
831 1598 1044 1651 direptum
1061 1600 1138 1638 est.
1188 1596 1280 1637 Tua
1294 1597 1453 1638 scelera
1469 1581 1511 1611 8³

113 1657 155 1698 di
180 1657 447 1698 immortales
472 1657 518 1697 in
542 1659 716 1698 nostros
742 1656 902 1697 milites
929 1656 1225 1709 expiaverunt3
1258 1655 1331 1709 qui
1357 1669 1455 1696 cum

112 1727 224 1754 novo
252 1727 405 1768 genere
426 1713 566 1754 morbi
586 1714 879 1769 affligerentur
896 1729 1034 1768 neque
1062 1729 1105 1755 se
1124 1727 1315 1754 recreare
1343 1713 1455 1766 quis-

114 1786 244 1826 quam
280 1774 446 1826 posset,
491 1771 564 1825 qui
602 1772 733 1813 semel
768 1772 1008 1825 incidisset,
1052 1771 1280 1812 dubitabat
1316 1785 1455 1824 nemo,

114 1830 217 1884 quin
248 1830 400 1871 violati
430 1829 637 1883 hospites,
668 1830 802 1885 legati
832 1830 985 1884 necati,
1017 1829 1161 1883 pacati
1193 1832 1321 1883 atque
1349 1829 1454 1870 socii

61 1911 94 1935 30
113 1888 278 1930 nefario
316 1889 431 1930 bello
462 1888 670 1942 lacessiti,
707 1888 808 1929 fana
838 1891 993 1929 vexata
1023 1888 1134 1929 hanc
1166 1890 1335 1928 tantam
1367 1887 1454 1928 effi-

114 1951 260 1989 cerent
290 1947 555 1988 vastitatem.
610 1945 846 2001 Cognoscis
879 1961 929 1987 ex
960 1946 1174 2000 particula
1204 1961 1337 2000 parva
1369 1960 1454 1987 sce-

113 2006 251 2048 lerum
283 2009 326 2047 et
358 2005 625 2048 crudelitatis
657 2008 756 2046 tuae
789 2019 923 2060 genus
954 2005 1212 2046 universum.

204 2064 316 2114 Quid
348 2064 565 2117 avaritiae,
598 2078 704 2118 quae
739 2063 989 2105 criminibus
1020 2063 1202 2104 infinitis
1231 2062 1454 2117 implicata
1468 2071 1511 2102 86

115 2127 197 2178 est,
242 2138 456 2166 summam
498 2137 611 2164 nunc
655 2122 891 2176 explicem?
943 2121 1191 2163 Generatim
1236 2136 1302 2175 ea,
1346 2136 1454 2175 quae

61 2202 95 2228 35
117 2182 298 2224 maxime
328 2185 434 2224 nota
466 2184 578 2234 sunt,
610 2181 759 2222 dicam.
808 2179 962 2222 Nonne
989 2180 1237 2221 sestertium
1264 2180 1454 2221 centiens

115 2245 159 2284 et
190 2241 425 2296 octogiens,
458 2240 571 2294 quod
604 2240 725 2293 quasi
757 2239 912 2280 vasarii
940 2239 1112 2280 nomine
1137 2239 1183 2279 in
1207 2238 1454 2280 venditione

114 2302 199 2343 mei
242 2300 396 2354 capitis
442 2299 720 2352 ascripseraS,
765 2313 815 2339 ex
859 2297 1024 2339 aerario
1063 2297 1145 2338 tibi
1184 2297 1453 2338 adtributum

1174 2367 1242 2399 13*
