1671 2543
552 546 614 594 M.
653 545 842 593 TULLI
879 545 1212 593 CICERONIS

388 679 524 734 PRO
568 679 637 733 M.
683 648 1058 762 MARCELLO
1103 676 1375 733 ORATIO.

631 927 637 934 ⁸
688 920 1078 961 ARGUMENTUM.

304 1009 352 1044 Μ.
392 1009 570 1045 Claudius
607 1010 806 1044 Marcellus
840 1009 888 1044 M.
926 1008 1025 1043 filius
1071 1008 1200 1043 consul
1243 1019 1340 1044 anno
1379 1019 1413 1053 p.
1454 1018 1489 1042 u.
1527 1018 1559 1042 o.

212 1060 280 1091 703
309 1067 393 1091 cum
413 1056 489 1092 Ser.
515 1056 680 1101 Sulpicio
706 1056 803 1091 Rufo
830 1055 877 1090 iis
902 1055 1011 1090 rebus
1032 1055 1214 1100 omnibus,
1241 1067 1334 1100 quas
1354 1054 1392 1090 C.
1412 1052 1559 1099 Caesar,

210 1114 295 1138 cum
320 1105 419 1138 esset
443 1105 482 1138 in
502 1103 636 1147 Gallia,
663 1115 686 1138 a
712 1104 844 1138 senatu
868 1102 1087 1147 postulavit,
1114 1113 1195 1138 sese
1221 1103 1446 1148 opposuerat
1464 1101 1560 1136 eius-

209 1161 282 1194 que
309 1150 468 1185 consilia
493 1161 599 1185 secus
625 1149 757 1193 etiam,
791 1160 834 1184 ac
859 1149 979 1184 voluit
1005 1149 1152 1194 collega
1177 1149 1273 1193 eius,
1300 1148 1560 1194 impediverat¹

210 1198 254 1230 ut
289 1207 410 1241 neque
443 1198 481 1232 C.
515 1196 667 1232 Caesari
705 1196 903 1242 imperium
934 1197 1199 1241 prorogaretur
1230 1207 1351 1240 neque
1382 1196 1461 1231 eius
1495 1194 1559 1230 ab·

211 1242 328 1277 sentis
374 1243 470 1278 ratio
515 1243 676 1278 comitiis
716 1243 973 1279 consularibus
1010 1243 1212 1277 haberetur
1246 1252 1367 1286 neque
1404 1241 1558 1285 colonis,

211 1300 304 1333 quos
330 1290 366 1326 C.
396 1290 533 1325 Caesar
557 1290 704 1324 Novum
730 1290 883 1324 Comum
909 1289 1130 1331 deduxerat,
1163 1289 1221 1323 ius
1248 1300 1355 1323 suum
1378 1290 1557 1331 maneret,

211 1335 345 1380 quibus
371 1336 482 1371 rebus
508 1336 679 1371 omnibus
705 1336 945 1371 vehementer
971 1335 1008 1370 C.
1030 1335 1200 1370 Caesaris
1227 1335 1371 1370 animus
1398 1335 1559 1370 offensus

211 1384 303 1416 erat.
355 1382 493 1417 Exorto
531 1384 656 1417 autem
682 1382 762 1427 ipso
789 1382 892 1416 civili
915 1381 1015 1416 bello
1042 1381 1104 1417 Cn.
1131 1382 1284 1427 Pompei
1310 1383 1432 1416 castra
1456 1393 1558 1417 secu-

210 1430 272 1462 tus
315 1428 355 1462 in
392 1429 472 1463 acie
510 1428 729 1463 Pharsalica
765 1430 896 1463 contra
931 1428 1128 1463 Caesarem
1166 1431 1408 1474 pugnaverat.
1469 1428 1560 1464 Post

211 1474 412 1519 Mytilenas
451 1486 489 1510 se
527 1476 753 1519 contulerat,
791 1477 834 1510 ut
866 1475 1006 1511 otiosus
1041 1475 1179 1511 litteris
1212 1487 1362 1521 operam
1392 1477 1558 1510 navaret.

210 1521 364 1556 Frustra
395 1521 524 1566 amici,
556 1523 718 1557 reditum
751 1524 794 1557 ut
825 1522 860 1557 ei
885 1522 1122 1566 concederet,
1154 1534 1177 1557 a
1207 1521 1244 1558 C.
1273 1524 1429 1559 Caesare
1454 1521 1560 1568 flagi-

210 1570 394 1603 taverunt.
444 1569 536 1604 Post
566 1580 651 1604 cum
683 1569 818 1604 Caesar
849 1580 894 1604 ex
925 1568 1052 1604 Africa
1083 1569 1243 1605 redisset
1274 1580 1371 1604 anno
1402 1581 1438 1614 p.
1465 1580 1500 1605 u.
1527 1580 1557 1605 c.

211 1619 291 1659 708,
319 1615 356 1650 C.
377 1615 585 1660 Marcellus,
611 1616 658 1651 M.
681 1615 850 1651 Marcelli
875 1616 1000 1659 frater,
1025 1616 1188 1651 reditum
1213 1616 1321 1652 fratri
1347 1616 1394 1651 ab
1420 1626 1464 1651 eo
1491 1615 1559 1650 im-

209 1662 382 1706 petravit.
445 1662 601 1698 Fecerat
637 1663 737 1698 enim
773 1663 845 1698 hoc
877 1664 1046 1707 senatus,
1082 1665 1140 1707 ut,
1180 1674 1263 1698 cum
1295 1674 1318 1698 a
1347 1663 1385 1698 L.
1423 1662 1559 1698 Pisone

210 1709 351 1744 mentio
383 1712 482 1744 esset
512 1710 616 1744 facta
647 1710 692 1744 de
724 1709 920 1753 Marcello,
956 1712 994 1745 et
1024 1721 1107 1745 cum
1140 1710 1177 1746 C.
1210 1709 1408 1745 Marcellus
1439 1720 1478 1745 se
1511 1709 1559 1744 ad

212 1755 380 1790 Caesaris
406 1756 520 1801 pedes
547 1757 756 1800 abiecisset,
787 1759 942 1792 cunctus
968 1758 1208 1802 consurgeret
1235 1759 1274 1792 et
1293 1756 1341 1791 ad
1361 1756 1559 1792 Caesarem

212 1803 368 1847 supplex
403 1804 606 1839 accederet.
664 1803 733 1838 Hic
772 1803 852 1838 dies
889 1804 937 1840 M.
971 1803 1138 1846 Ciceroni
1175 1804 1231 1839 ita
1266 1803 1422 1848 pulcher
1458 1802 1560 1838 visus

212 1851 310 1892 erat,
343 1851 385 1883 ut
417 1851 580 1895 speciem
613 1850 778 1894 aliquam
803 1850 991 1885 videretur
1015 1850 1142 1885 videre
1168 1849 1277 1895 quasi
1301 1849 1560 1885 reviviscentis

211 1896 265 1930 rei
303 1896 486 1940 publicae.
544 1897 676 1940 Itaque
707 1908 791 1931 cum
822 1908 948 1932 omnes
982 1897 1059 1932 fere
1090 1899 1177 1932 ante
1209 1908 1294 1932 eum
1325 1896 1449 1942 rogati
1480 1907 1560 1931 sen—

210 1942 370 1976 tentiam
402 1943 543 1987 gratias
570 1943 719 1978 Caesari
745 1943 928 1988 egissent,
960 1943 1041 1989 ipse
1067 1954 1212 1989 quoque
1237 1943 1364 1978 Cicero
1390 1942 1559 1988 pluribus

210 1989 336 2023 verbis
368 1990 448 2034 egit
480 1988 631 2024 Caesari
664 1990 825 2034 gratias,
863 2001 975 2034 quam
1008 1990 1193 2026 actionem
1224 1990 1448 2035 gratiarum,
1485 2001 1561 2034 qua.

213 2035 380 2070 diuturni
412 2036 451 2070 in
489 2038 621 2071 senatu
661 2037 803 2071 silentii
834 2037 943 2072 finem
980 2036 1137 2080 fecerat,
1175 2038 1307 2082 postea
1338 2035 1559 2080 conscripsit

212 2083 354 2125 orator,
393 2084 436 2117 ut
472 2083 549 2118 fere
583 2083 730 2118 solebat
761 2083 902 2127 facere,
939 2083 1260 2128 conscriptamque
1292 2082 1422 2118 edidit.
1480 2082 1566 2117 Nec-

210 2128 359 2162 videtur
384 2129 462 2164 ullo
487 2129 598 2165 modo
625 2129 791 2165 dubitari
816 2141 944 2175 posse,
976 2130 1066 2174 quin
1090 2131 1183 2165 haec
1208 2130 1307 2175 ipsa,
1340 2139 1434 2173 quae
1460 2128 1559 2164 infra

210 2173 366 2219 legitur,
404 2175 525 2210 oratio
559 2187 604 2211 ea
633 2177 718 2221 ipsa
748 2177 955 2221 gratiarum
980 2177 1078 2212 actio
1111 2177 1175 2221 sit,
1207 2186 1302 2221 quae
1333 2186 1407 2210 non
1438 2175 1558 2210 solum

210 2221 340 2256 multis
373 2222 703 2266 grammaticorum
735 2222 827 2258 locis
861 2225 900 2258 et
923 2223 1179 2259 notationibus
1211 2223 1400 2263 laudatur,
1430 2233 1559 2257 verum

211 2266 325 2300 etiam
362 2267 446 2312 ipsa
484 2269 748 2304 auctoritatem
778 2269 974 2305 Tullianae
1012 2269 1249 2314 eloquentiae
1288 2267 1438 2303 videtur
1468 2279 1558 2314 prae

211 2322 249 2345 se
286 2314 392 2349 ferre.
433 2334 477 2340 —
517 2315 564 2350 M.
605 2318 732 2351 autem
763 2316 963 2355 Marcellus
994 2316 1137 2353 diutius
1168 2314 1360 2358 Mytilenis
1391 2318 1557 2351 moratus
