1671 2543
27 749 60 773 10

29 1041 62 1066 15

30 1340 65 1365 20

31 1634 66 1659 25

34 1919 115 1958 30P

512 89 614 125 OAP.
643 93 783 125 24—26
811 93 830 132 g
856 93 995 125 59—63
1340 87 1426 129 227

75 199 403 254 triumpharint,
447 200 490 241 et
531 213 636 252 non,
680 198 781 252 quia
822 196 1040 239 commissi
1077 199 1178 238 sunt
1209 195 1262 237 iis
1295 195 1428 250 magi-

77 261 253 312 stratus,
277 258 324 299 in
350 258 505 312 quibus
531 271 576 298 re
595 257 703 298 bene
724 259 847 312 gesta
867 255 1198 310 triumpharent,
1212 258 1428 307 propterea

78 317 384 370 triumpharint.
433 316 592 372 Rogas,
624 329 731 370 quae
765 318 907 357 castra
931 314 1105 368 viderit3
1137 313 1211 368 qui
1237 315 1280 354 et
1305 312 1429 354 miles

77 376 124 417 in
161 375 290 418 Creta
333 375 417 417 hoc
458 375 719 429 imperatore
767 377 811 415 et
854 374 1054 415 tribimus
1095 373 1141 414 in
1177 371 1431 413 Macedonia

81 435 303 487 [militum]
348 433 481 475 fuerit
524 436 568 475 et
611 436 815 488 quaestor
858 436 1029 474 tantum
1073 447 1123 474 ex
1166 445 1211 473 re
1248 430 1429 472 militari

79 493 313 534 detraxerit
362 492 588 547 temporis,
639 494 848 546 quantum
896 492 942 532 in
989 506 1056 532 me
1105 489 1431 532 custodiendum

79 551 312 593 transferre
337 551 550 592 maluerit.
602 550 793 605 Quaeris,
817 565 921 592 num
946 550 1133 591 disertus
1159 549 1227 590 sit.
1277 547 1430 602 Immo,

78 610 123 651 id
155 610 268 665 quod
299 610 532 652 secundum
564 613 641 664 est,
675 624 727 651 ne
761 609 842 651 sibi
876 609 1047 663 quidem
1078 608 1257 650 videtur.
1313 605 1431 648 Num

79 668 186 710 iuris
228 669 459 711 consultus.
528 668 661 718 Quasi
700 668 928 722 quisquam
965 668 1040 721 sit,
1085 667 1159 722 qui
1197 666 1281 708 sibi
1317 666 1432 706 hunc

79 727 237 769 falsum
272 727 322 768 de
353 727 444 769 iure
476 727 747 782 respondisse
780 727 905 768 dicat.
968 726 1126 768 Omnes
1159 725 1274 766 enim
1304 724 1431 765 istius

79 786 196 828 modi
239 788 353 828 artes
396 786 442 828 in
477 786 532 828 iis
570 786 957 841 reprehenduntur,
1003 785 1076 839 qui
1114 799 1211 826 cum
1247 783 1432 838 professi

80 847 193 899 sunt,
219 845 324 886 satis
349 844 489 887 facere
513 859 601 886 non
625 847 819 899 possunt,
844 859 931 886 non
956 844 1002 885 in
1020 843 1086 898 iis,
1114 843 1186 898 qui
1207 857 1252 884 se
1273 841 1432 883 afuisse

82 904 134 945 ab
160 903 258 945 istis
284 903 438 945 studiis
466 904 736 946 confitentur.
780 903 945 956 Virtus,
970 903 1178 957 probitas,
1204 901 1432 956 integritas

81 963 127 1004 in
165 962 408 1017 candidato,
450 977 538 1004 non
574 962 747 1017 linguae
784 962 1053 1015 volubilitas,
1095 975 1183 1002 non
1220 974 1306 1013 ars,
1345 973 1434 1001 non

82 1021 264 1063 scientia
300 1021 461 1075 requiri
499 1021 619 1063 solet.
680 1019 743 1062 Ut
774 1035 854 1062 nos
890 1021 936 1061 in
973 1019 1199 1074 mancipiis
1231 1017 1433 1073 parandis

84 1080 278 1135 quamvis
315 1079 432 1135 frugi
465 1080 685 1121 hominem
716 1080 753 1121 si
783 1094 861 1134 pro
893 1079 1017 1120 fabro
1051 1081 1126 1120 aut
1156 1092 1235 1132 pro
1268 1079 1432 1118 tectore

83 1139 282 1192 emimus,
318 1138 429 1180 ferre
460 1139 642 1180 moleste
675 1139 880 1192 solemus,
915 1139 952 1179 si
983 1151 1055 1179 eas
1087 1139 1219 1190 artes,
1252 1150 1357 1191 quas
1388 1135 1435 1176 in

83 1197 260 1238 emendo
281 1197 418 1239 secuti
437 1211 596 1251 sumus,
620 1196 734 1238 forte
753 1197 963 1251 nesciunt,
989 1197 1056 1237 sin
1076 1198 1221 1237 autem
1241 1195 1434 1247 emimus,

83 1270 210 1311 quem
232 1255 408 1298 vilicum
426 1256 757 1310 imponeremus,
784 1270 910 1310 quem
928 1255 1074 1310 pecori
1093 1254 1434 1309 praeficeremus,

83 1315 192 1356 nihil
216 1315 262 1355 in
287 1328 336 1357 eo
361 1314 447 1356 nisi
471 1314 782 1370 frugalitatem,
812 1314 1016 1367 laborem,
1042 1312 1317 1368 vigilantiam
1342 1326 1434 1353 esse

85 1387 301 1427 curamus,
349 1373 411 1415 sic
458 1374 643 1428 populus
690 1373 910 1414 Romanus
954 1372 1108 1427 deligit
1150 1371 1434 1426 magistratus

85 1433 208 1487 quasi
239 1432 301 1473 rei
331 1432 528 1486 publicae
559 1432 729 1487 vilicos,
766 1432 810 1473 in
842 1432 996 1486 quibus
1029 1431 1066 1472 si
1099 1445 1183 1485 qua
1213 1432 1436 1484 praeterea

85 1494 152 1533 est
189 1505 275 1544 ars,
317 1490 443 1533 facile
480 1491 663 1546 patitur,
704 1491 772 1533 sin
808 1491 968 1544 minus,
1005 1490 1165 1531 virtute
1205 1503 1353 1530 eorum
1391 1491 1437 1529 et

84 1549 330 1590 innocentia
352 1552 579 1591 contentus
599 1553 676 1591 est.
716 1550 882 1599 Quotus
903 1549 1016 1591 enim
1037 1548 1217 1603 quisque
1237 1547 1436 1595 disertuS,

86 1611 245 1663 quotus
278 1608 457 1662 quisque
487 1608 593 1650 iuris
625 1609 790 1664 peritus
823 1611 900 1661 est,
937 1610 984 1649 ut
1017 1621 1088 1648 eos
1119 1620 1331 1660 numeres,
1363 1605 1436 1660 qui

86 1667 238 1709 volunt
276 1667 396 1707 esse?
461 1665 622 1715 Quodsi
659 1670 882 1722 praeterea
918 1680 1044 1707 nemo
1084 1667 1150 1706 est
1179 1665 1344 1706 honore
1378 1664 1436 1705 di-

87 1740 210 1782 gnus,
243 1725 445 1778 quidnam
477 1727 545 1766 tot
581 1726 756 1780 optimis
789 1728 832 1767 et
864 1723 1152 1766 ornatissimis
1180 1723 1343 1765 civibus
1371 1725 1437 1763 est

86 1784 310 1827 futurum?

176 1843 303 1884 Iubes
336 1842 560 1884 Plancium
591 1842 641 1883 de
673 1842 791 1883 vitiis
822 1841 1070 1884 Laterensis
1103 1840 1253 1881 dicere.
1314 1838 1436 1880 Nihil

119 1904 234 1945 otest
257 1902 342 1943 nisi
369 1916 465 1944 eum
489 1901 618 1942 nimis
643 1901 689 1941 in
714 1914 758 1942 se
784 1900 1035 1942 iracundum
1061 1898 1270 1953 [putabis]
1292 1897 1437 1939 fuisse.

88 1961 210 2003 Idem
241 1960 375 2003 ecfers
406 1959 684 2001 Laterensem
713 1960 923 2001 laudibus.
972 1958 1117 1999 Facile
1148 1957 1292 2012 patior
1322 1956 1366 1998 id
1394 1959 1437 1997 te

89 2035 216 2077 agere
248 2021 397 2062 multis
428 2019 590 2073 verbis,
628 2019 741 2074 quod
773 2018 825 2059 ad
856 2017 1061 2059 iudicium
1091 2030 1180 2057 non
1209 2015 1437 2070 pertineat,

89 2084 133 2123 et
161 2081 204 2122 id
229 2083 272 2121 te
299 2080 572 2122 accusantem
598 2079 689 2119 tam
715 2077 786 2118 diu
812 2077 962 2129 dicere,
995 2075 1108 2130 quod
1134 2088 1214 2130 ego
1241 2073 1438 2115 defensor

91 2140 181 2182 sine
212 2139 401 2194 periculo
433 2137 598 2192 possim
636 2135 842 2178 confiteri.
904 2134 1040 2188 Atqui
1070 2147 1158 2175 non
1189 2132 1315 2174 modo
1342 2146 1438 2174 con-

38 2218 72 2244 35
91 2201 217 2242 fiteor
260 2211 427 2240 summa
469 2211 516 2237 m
556 2194 789 2237 Laterense
834 2194 1086 2235 ornamenta
1130 2206 1240 2246 esse,
1285 2191 1359 2232 sed
1395 2193 1438 2232 te

93 2259 224 2301 etiam
248 2255 524 2311 reprehendo,
550 2254 663 2308 quod
689 2268 738 2295 ea
761 2267 847 2295 non
868 2265 1100 2305 enumeres,
1127 2250 1212 2291 alia
1231 2249 1438 2304 quaedam

92 2317 237 2359 inania
279 2318 322 2358 et
356 2314 469 2357 levia
507 2313 744 2368 conquiras.
813 2311 1061 2352 ‘Praeneste
1097 2309 1249 2351 fecisse
1286 2307 1437 2350 ludos.'

1159 2378 1229 2412 15*

1452 1814 1506 1855 26

1452 1875 1497 1905 63
