1671 2543
532 121 635 157 CAP.
663 126 798 157 15-17
825 126 845 165 g
870 125 1019 158 34—39.
1395 122 1448 162 17

110 230 282 272 homine
309 233 352 271 et
377 229 423 271 in
448 243 576 271 031183
600 230 798 284 populari
825 229 861 271 si
886 245 972 271 non
997 229 1235 284 moderate,
1260 231 1305 270 at
1337 232 1451 270 certe

110 289 377 344 populariter
426 288 775 342 abstinenterque
819 291 1001 330 versato.
1062 287 1225 342 Cessit,
1273 302 1327 329 ne
1377 291 1452 329 aut

110 349 248 389 victus
277 363 301 388 a
326 347 512 389 fortibus
535 346 639 387 viris
666 362 763 388 cum
789 347 991 388 dedecore
1018 347 1188 388 caderet
1214 348 1289 387 aut
1313 346 1453 387 victor

111 407 260 447 multis
311 409 355 447 et
403 405 591 447 fortibus
641 406 805 446 civibus
856 420 946 447 rem
992 405 1211 459 publicam
1267 405 1452 446 orbaret.

75 478 91 503 5
111 464 253 506 Meam
284 479 456 505 causam
483 466 656 505 senatus
687 464 843 518 palam,
876 467 1072 518 equester
1098 464 1200 505 ordo
1233 463 1450 518 acerrime,
1466 477 1510 508 38

111 525 265 564 cuncta
301 521 432 564 Italia
467 522 656 576 publice,
702 537 848 564 omnes
886 523 988 564 boni
1031 522 1203 577 proprie
1247 522 1452 576 enixeque

111 583 400 635 susceperant.
467 581 555 622 Eas
600 595 667 622 res
712 596 947 636 gesseram,
991 595 1171 635 quarum
1212 595 1299 622 non
1342 595 1452 621 unus

112 642 283 694 auctor,
315 640 388 680 sed
420 639 505 680 dux
536 640 728 680 omnium
759 639 995 681 voluntatis
1027 639 1222 693 fuissem,
1261 653 1453 693 quaeque

110 713 198 740 non
228 699 354 740 modo
388 698 441 739 ad
474 698 737 753 singularem
762 713 902 739 meam
934 698 1129 753 gloriam,
1162 698 1235 739 sed
1265 698 1317 738 ad
1344 712 1454 739 com-

60 771 94 795 10
113 772 287 798 munem
331 757 515 798 salutem
559 757 751 798 omnium
797 757 953 798 civium
997 759 1040 797 et
1082 771 1215 810 prope
1259 756 1453 811 gentium

110 816 394 870 pertinerent,
427 830 476 856 ea
502 815 750 856 condicione
777 829 1007 870 gesseram,
1037 818 1087 855 ut
1118 829 1260 856 meum
1290 814 1454 856 factum

113 889 281 928 semper
301 887 447 915 omnes
468 877 686 928 praestare
707 874 902 927 tuerique
922 874 1136 914 deberent.
1181 873 1290 914 Erat
1309 876 1455 914 autem
1473 875 1521 916 17

111 932 219 973 mihi
262 932 482 974 contentio
524 947 612 973 non
656 947 752 973 cum
792 932 955 977 victore
993 932 1198 986 exercitu,
1246 932 1320 973 sed
1359 946 1457 972 cum

111 991 254 1045 operis
293 990 513 1032 conductis
552 993 595 1031 et
627 991 679 1031 ad
711 991 992 1044 diripiendam
1028 991 1180 1031 urbem
1212 990 1456 1044 concitatis3

59 1064 92 1089 15
111 1049 325 1090 habebam
356 1049 577 1090 inimicum
601 1064 689 1090 non
714 1048 759 1091 C.
785 1049 982 1103 Marium,
1013 1052 1222 1090 terrorem
1252 1048 1457 1102 hostium,

113 1122 233 1161 spem
277 1107 598 1161 subsidiumque
635 1108 818 1161 patriae,
862 1108 935 1148 sed
973 1107 1056 1148 duo
1093 1107 1327 1161 inportuna
1362 1116 1461 1161 pro-'

114 1166 247 1221 digia,
303 1180 410 1219 quos
460 1169 648 1220 egestas,
698 1180 805 1220 quos
855 1166 964 1207 aeris
1014 1165 1143 1207 alieni
1193 1165 1457 1220 magnitudo,

114 1239 221 1278 quos
260 1224 431 1278 levitas,
472 1239 577 1278 quos
616 1225 857 1278 inprobitas
897 1225 1070 1265 tribuno
1102 1224 1160 1278 pl.
1197 1224 1456 1265 constrictos

114 1283 354 1337 addixerat3
414 1297 492 1324 nec
535 1283 642 1323 mihi
685 1286 777 1324 erat
820 1297 887 1324 res
939 1298 1034 1324 cum
1081 1281 1333 1336 Saturnino,
1385 1283 1457 1336 qui
1472 1292 1515 1323 39

60 1359 96 1382 20
115 1341 229 1395 quod
278 1356 303 1382 a
353 1355 396 1382 se
447 1344 672 1396 quaestore
716 1341 907 1383 Ostiensi
955 1356 1031 1396 per
1079 1341 1361 1396 ignominiam
1406 1341 1459 1381 ad

114 1399 351 1454 principem
389 1402 433 1441 et
470 1402 642 1441 senatus
682 1403 724 1441 et
762 1400 969 1454 civitatis,
1006 1399 1063 1441 M.
1104 1399 1328 1453 Scaurum,
1367 1414 1458 1441 rem

115 1458 441 1499 frumentariam
472 1459 676 1499 tralatam
709 1459 883 1512 sciebat,
918 1459 1111 1500 dolorem
1143 1472 1268 1499 suum
1300 1472 1458 1513 magna

116 1517 390 1558 contentione
423 1517 554 1558 animi
585 1518 940 1571 persequebatur,
980 1518 1053 1558 sed
1085 1531 1181 1558 cum
1213 1531 1458 1558 scurrarum

115 1575 397 1629 locupletium
423 1579 578 1630 scorto,
611 1590 707 1617 cum
736 1576 895 1617 sororis
923 1576 1129 1629 adultero,
1162 1590 1257 1616 cum
1291 1578 1459 1629 stupro-

63 1650 98 1676 25
118 1648 213 1674 rum
245 1634 476 1688 sacerdote,
507 1649 603 1675 cum
628 1635 828 1687 venefico,
861 1649 957 1675 cum
989 1634 1329 1687 testamentario,
1362 1648 1458 1674 cum

119 1691 286 1744 sicariO,
319 1706 416 1732 cum
447 1692 633 1746 latrone3
665 1707 771 1746 quos
803 1693 998 1733 homines
1031 1692 1079 1745 si,
1110 1692 1154 1733 id
1186 1692 1299 1746 quod
1330 1692 1458 1733 facile

117 1750 236 1791 factu
261 1749 356 1802 fuit,
388 1753 431 1790 et
463 1751 576 1804 quod
601 1751 694 1791 fieri
726 1742 885 1805 debuit,
918 1751 1114 1804 quodque
1148 1765 1172 1791 a
1203 1764 1270 1790 me
1305 1749 1459 1803 optimi

118 1811 162 1849 et
180 1808 409 1849 fortissimi
435 1808 546 1849 cives
573 1809 841 1863 flagitabant,
866 1809 909 1850 vi
935 1809 1147 1861 armisque
1175 1823 1458 1862 superassem,

118 1881 205 1908 non
234 1867 430 1920 verebar,
465 1881 519 1908 ne
552 1867 646 1920 quis
680 1870 754 1908 aut
785 1867 872 1908 vim
903 1867 945 1907 vi
977 1867 1198 1920 depulsam
1234 1866 1459 1920 reprehen—

41 1952 45 1957 ·
66 1941 101 1967 ao
122 1926 241 1966 deret
267 1927 342 1966 aut
372 1925 639 1978 perditorum
672 1925 829 1966 civium
854 1925 921 1966 vel
952 1926 1098 1979 potius
1125 1925 1459 1965 domesticorum

119 1983 311 2024 hostium
354 1986 538 2024 mortem
576 1986 796 2024 maereret,
859 1982 942 2024 Sed
984 1998 1051 2024 me
1094 1983 1171 2023 illa
1215 1986 1459 2024 moverunt:

122 2041 330 2082 Omnibus
369 2042 415 2082 in
447 2041 719 2083 contionibus
751 2042 827 2082 illa
856 2041 969 2083 furia
1000 2041 1216 2082 clamabat
1247 2055 1310 2095 se,
1352 2056 1459 2095 quae

120 2099 281 2141 faceret
331 2103 480 2142 contra
530 2100 713 2141 salutem
762 2114 922 2154 meam,
970 2100 1110 2141 facere
1161 2102 1334 2141 auctore
1384 2099 1458 2142 Cn.

120 2157 345 2212 Pompeio,
387 2159 624 2199 clarissimo
656 2158 748 2199 viro
780 2158 970 2212 mihique
1004 2161 1047 2199 et
1077 2172 1190 2199 nunc
1222 2161 1281 2211 et,
1320 2161 1458 2212 quoad

68 2231 102 2259 35
122 2216 256 2270 licuit,
288 2216 574 2258 amicissumo.
636 2215 693 2257 M.
726 2215 917 2271 Crassus,
956 2231 1140 2271 quocum
1172 2216 1278 2257 mihi
1311 2231 1458 2257 omnes

122 2277 244 2315 erant
293 2275 508 2316 amicitiae
556 2275 910 2328 necessitudines,
959 2275 1025 2315 vir
1073 2274 1354 2328 fortissimus,
1405 2275 1457 2315 ab

123 2333 268 2374 eadem
317 2333 393 2374 illa
440 2336 560 2388 peste
611 2333 916 2375 infestissimus
970 2347 1061 2374 esse
1111 2333 1217 2374 meis
1273 2333 1459 2375 fortunis

194 2407 264 2433 010.
283 2408 324 2433 Π.
344 2409 368 2435 3.
1226 2405 1247 2432 2
