1671 2543
199 106 280 146 106
579 103 672 138 PRO
699 103 748 137 M.
776 102 949 138 CAELIO
976 102 1165 137 ORATIO.

195 228 366 255 sensum
395 212 447 253 ad
472 211 725 253 memoriam
749 210 812 251 rei
836 210 1033 264 publicae
1059 209 1319 263 reservabat,
1350 222 1447 250 cum
1468 222 1536 249 me

193 272 366 313 intuens
398 271 572 312 flentem
599 268 872 324 significabat
892 269 1149 323 interruptis
1177 283 1224 310 30
1250 267 1535 309 morientibus

193 331 383 383 vocibus,
417 331 576 384 quanta
606 327 857 382 inpenderet
881 328 1070 381 procella
1095 327 1213 381 mihi,
1246 328 1407 380 quanta
1431 328 1536 367 tem-

193 391 339 444 pestas
379 388 563 441 civitati,
607 390 649 428 et
688 401 783 427 cum
820 386 1029 440 parietem
1068 400 1193 439 saepe
1230 385 1387 426 feriens
1426 399 1534 438 eum,

196 448 268 502 qui
302 462 397 489 cum
429 446 474 487 P.
509 445 662 487 Catulo
694 444 836 486 fuerat
866 445 904 486 ei
937 445 1194 498 communis,
1227 444 1375 485 crebro
1409 442 1535 485 Catu-

194 506 302 560 lum,
341 520 466 559 saepe
499 519 583 558 me,
619 503 868 557 saepissime
900 518 991 544 rem
1022 503 1241 557 publicam
1271 502 1536 555 nominabat,

194 567 243 606 ut
273 579 360 606 non
385 567 475 605 tam
502 578 545 604 se
573 562 709 604 emori
736 577 865 616 quam
891 562 1068 616 spoliari
1095 576 1171 603 suo
1197 560 1410 616 praesidio
1439 575 1537 602 cum

134 634 180 665 60
194 623 391 678 patriam,
424 626 516 663 tum
548 622 679 662 etiam
705 635 771 662 me
798 621 973 663 doleret.
1037 620 1173 669 Quem
1201 620 1370 675 quidem
1395 619 1535 660 virum

194 683 231 723 si
255 682 376 723 nulla
400 681 464 722 vis
489 680 702 734 repentini
722 679 894 721 sceleris
916 679 1174 731 sustulisset,
1202 693 1387 733 quonam
1407 678 1533 719 modo

193 741 265 781 ille
303 740 462 781 furenti
497 739 622 779 fratri
655 753 731 780 suo
767 738 985 792 [patrueli]
1022 737 1258 779 consularis
1290 736 1535 790 restitisset,

194 799 267 854 qui
304 798 451 840 consul
484 798 761 852 incipientem
792 797 932 838 furere
965 800 1091 851 atque
1124 798 1350 838 conantem
1382 810 1459 836 sua
1490 809 1534 835 se

193 872 324 899 manu
354 856 683 898 interfecturum
713 856 909 896 audiente
942 857 1093 896 senatu
1119 854 1302 896 dixerit?
1364 854 1430 894 Ex
1454 853 1536 895 1130

192 917 327 971 igitur
359 916 485 956 domo
517 929 747 969 progressa
778 915 863 956 ista
889 914 1041 955 mulier
1066 914 1116 954 de
1141 913 1293 954 veneni
1318 913 1536 954 celeritate

193 976 332 1016 dicere
360 974 562 1015 audebit?
606 973 759 1015 Nomie
780 973 920 1027 ipsam
940 973 1115 1014 domum
1135 974 1310 1025 metuet,
1333 986 1387 1012 ne
1408 986 1536 1026 quam

192 1048 341 1075 vocem
374 1033 512 1086 eiciat,
543 1047 630 1074 non
655 1032 840 1086 parietes
869 1032 1074 1085 conscios,
1105 1046 1193 1072 non
1216 1033 1389 1072 noctem
1414 1030 1535 1071 illam

192 1092 410 1133 funestam
437 1106 486 1133 36
511 1092 753 1132 luctuosam
779 1090 1105 1144 perhorrescet?
1160 1088 1242 1131 Sed
1267 1091 1458 1130 revertar
1483 1089 1536 1129 ad

194 1151 373 1204 crimen,
400 1150 558 1191 etenim
582 1150 688 1190 haec
713 1149 829 1190 facta
851 1149 967 1190 illius
989 1148 1217 1190 clarissimi
1238 1163 1287 1189 30
1306 1147 1536 1189 fortissimi

192 1210 274 1250 viri
300 1208 461 1250 mentio
489 1211 532 1249 et
558 1223 706 1249 vocem
731 1222 871 1249 meam
897 1208 1000 1248 fletu
1024 1207 1266 1248 debilitavit
1286 1209 1329 1248 et
1349 1208 1532 1247 mentem

194 1268 340 1309 dolore
372 1267 608 1320 impedivit.

123 1312 179 1354 25
284 1325 366 1367 Sed
397 1328 543 1366 tamen
574 1340 782 1366 venenum
814 1324 923 1366 unde
954 1324 1096 1378 fuerit,
1129 1339 1254 1379 quem
1283 1323 1336 1364 ad
1361 1324 1536 1365 modum

134 1373 178 1403 61
192 1387 395 1439 paratum
430 1384 503 1436 sit,
541 1398 629 1424 non
659 1384 825 1424 dicitur.
888 1382 1051 1425 Datum
1084 1397 1175 1424 esse
1208 1383 1330 1423 aiunt
1359 1383 1459 1424 huic
1490 1382 1535 1423 P.

194 1443 381 1495 Licinio,
420 1442 599 1496 pudenti
638 1442 901 1483 adulescenti
940 1444 983 1482 et
1014 1442 1127 1483 bono
1162 1440 1280 1483 Caeli
1311 1440 1536 1495 familiari,

195 1501 480 1543 constitutum
517 1500 680 1542 factum
718 1515 810 1541 esse
849 1515 945 1541 cum
983 1500 1134 1554 servis,
1173 1503 1222 1541 ut
1258 1500 1453 1540 venirent
1484 1499 1537 1540 ad

194 1559 370 1600 balneas
405 1557 571 1612 Senias3
605 1559 754 1600 eodem
786 1558 999 1600 Licinium
1032 1573 1123 1599 esse
1155 1561 1381 1600 venturum
1408 1560 1536 1612 atque

195 1619 249 1660 iis
292 1618 445 1659 veneni
487 1617 687 1671 pyxidem
731 1617 1002 1658 traditurum.
1073 1617 1156 1658 Hic
1199 1618 1386 1671 primum
1430 1615 1537 1658 illud

149 1693 153 1697 ·
194 1676 378 1730 requiro,
406 1676 506 1730 quid
532 1676 757 1717 attinuerit
781 1676 874 1717 fieri
897 1676 942 1716 in
961 1690 1059 1717 eum
1077 1676 1220 1717 locum
1241 1676 1537 1728 constitutum,

195 1750 270 1776 cur
306 1735 372 1776 illi
410 1734 522 1776 servi
559 1750 647 1776 non
685 1735 737 1775 ad
775 1733 967 1776 Caelium
1005 1735 1176 1775 domum
1217 1734 1421 1775 venerint.
1491 1733 1538 1775 81

194 1793 396 1835 manebat
422 1796 544 1834 tanta
569 1793 645 1834 illa
671 1794 933 1835 consuetudo
958 1792 1089 1847 Caeli,
1115 1795 1238 1834 tanta
1262 1792 1536 1834 familiaritas

195 1867 291 1893 cum
324 1851 492 1906 Clodia,
531 1852 632 1906 quid
671 1852 925 1906 suspicionis
962 1854 1093 1906 esset,
1132 1852 1168 1894 si
1200 1852 1312 1906 apud
1344 1850 1537 1893 Caelium

194 1910 385 1951 mulieris
437 1925 583 1951 servus
634 1910 749 1952 visus
800 1910 941 1952 esset‘?
1017 1909 1093 1952 Sin
1136 1913 1279 1951 autem
1322 1910 1409 1951 iam
1450 1910 1537 1951 iam

194 1970 369 2010 suberat
402 1969 617 2022 simultas,
653 1969 844 2010 extincta
875 1971 967 2010 erat
999 1969 1279 2023 consuetudo,
1312 1968 1538 2010 discidium

195 2027 408 2079 extiterat,
442 2027 556 2069 ‘hinc
586 2027 686 2068 illae
717 2027 935 2069 lacrimae’
961 2028 1177 2081 nimirum,
1210 2029 1253 2068 et
1277 2027 1383 2068 haec
1409 2041 1538 2068 causa

136 2096 179 2126 62
196 2088 261 2126 est
288 2088 480 2127 omnium
505 2086 661 2127 horum
688 2086 896 2127 scelerum
922 2089 1051 2140 atque
1072 2085 1309 2128 criminum.
1354 2084 1537 2138 ‘Immo',

195 2144 353 2198 inquit,
392 2143 506 2185 ecum
545 2144 657 2185 servi
695 2144 748 2184 ad
786 2145 1002 2185 dominam
1039 2159 1130 2185 rem
1167 2144 1298 2184 istam
1335 2145 1378 2184 et
1409 2143 1536 2184 male-

195 2201 339 2242 ficium
378 2201 496 2243 Caeli
541 2202 813 2256 detulissent,
857 2203 1010 2244 mulier
1053 2202 1277 2257 ingeniosa
1315 2202 1534 2256 praecepit

197 2259 296 2313 suis,
323 2260 467 2301 omnia
494 2260 639 2302 Caelio
666 2260 988 2315 pollicerentur,
1020 2261 1093 2302 sed
1118 2263 1167 2301 ut
1192 2274 1412 2313 venenum,
1439 2274 1537 2301 cum

197 2331 221 2356 a
257 2316 423 2358 Licinio
468 2319 726 2373 traderetur,
770 2319 1000 2360 manifesto
1039 2317 1340 2373 comprehendi
1375 2321 1537 2372 posset,

1555 739 1588 764 10

1556 1036 1589 1062 15

1555 1330 1589 1355 20

1556 1627 1590 1654 25

1556 1921 1591 1947 30

1554 2211 1588 2238 35
