1671 2543
542 82 643 118 CAP.
669 85 760 118 6-8
787 86 805 125 5
834 86 970 117 17—23
1350 81 1432 123 351

83 194 221 249 igitur
247 206 400 234 causae
427 190 663 246 excogitari
690 193 847 244 potest,
875 205 949 232 cur
974 192 1017 232 te
1043 190 1212 232 lautum
1236 189 1433 243 voluerit,

86 254 286 294 cenatum
333 249 522 292 noluerit
575 248 796 291 occidere?
871 248 937 289 ‘In
976 247 1233 303 posterum',
1277 248 1483 303 inquit—,21

85 309 215 352 ‘diem
247 309 435 362 distulit,
466 310 527 362 ut,
560 322 656 349 cum
687 307 733 348 in
766 307 993 349 castellum
1023 307 1224 349 Blucium
1255 310 1431 349 ventum

86 372 216 422 esset,
266 369 328 409 ibi
379 367 572 423 cogitata
621 366 874 421 perficeret.'
948 365 1050 408 Non
1089 366 1212 407 video
1258 380 1431 408 causam

52 440 69 466 5
89 427 284 469 mutandi
310 427 406 480 loci,
433 426 507 468 sed
532 428 678 467 tamen
698 428 794 466 acta
814 439 881 466 res
903 425 1131 466 criminose
1152 427 1228 466 est.
1279 423 1432 473 ‘eumz

85 486 246 541 inquit,
284 485 469 527 ‘vomere
501 487 602 539 post
633 498 782 526 cenam
814 487 857 524 te
889 484 997 525 velle
1030 483 1229 538 dixisses,
1266 483 1312 524 in
1343 483 1431 524 bal-

85 560 214 587 neum
258 547 300 585 te
344 544 496 585 ducere
537 545 786 597 coeperunt3
829 542 890 583 ibi
928 543 1042 584 enim
1080 544 1203 584 erant
1238 542 1431 583 insidiae.

85 604 147 646 At
184 606 227 644 te
265 603 412 644 eadem
443 604 518 643 tua
549 602 724 643 fortuna
756 601 960 655 servavit3
998 601 1043 642 in
1075 600 1271 642 cubiculo
1303 601 1431 642 malle

87 661 262 704 dixisti.’
335 661 393 702 Di
443 663 486 702 te
535 660 756 715 perduint,
803 660 1004 715 fugitive!
1055 659 1119 700 ita
1168 673 1256 700 non
1304 660 1431 701 modo

35 735 68 760 10
85 735 271 776 nequam
311 723 354 761 et
391 720 634 774 improbus,
672 719 745 760 sed
779 719 910 760 etiam
942 718 1088 759 fatuus
1122 720 1165 758 et
1197 732 1343 759 amens
1375 732 1432 759 es.

88 779 228 829 Quid?
273 779 346 820 ille
389 779 512 833 signa
552 781 682 819 aenea
718 778 764 818 in
800 777 967 818 insidiis
1006 779 1225 831 posuerat,
1265 790 1371 830 quae
1410 791 1432 818 e

86 839 241 880 balneo
278 838 325 879 in
363 837 607 879 cubiculum
639 836 865 877 transferri
896 850 984 877 non
1014 835 1222 890 possent?
1283 834 1431 876 Habes

87 897 268 940 crimina
286 896 558 949 insidiarum3
582 895 692 936 nihil
712 895 826 936 enim
846 894 954 935 dixit
975 894 1170 948 amplius.
1221 892 1433 947 ‘Horum'‚

86 955 246 1010 inquit,
284 955 416 997 ‘eram
455 952 677 996 conscius.’
741 953 853 1002 Quid
889 953 1012 994 tum?
1049 953 1112 993 ita
1148 952 1220 993 ille
1259 951 1432 993 demens

35 1027 68 1052 15
88 1018 196 1068 erat,
234 1016 283 1056 ut
321 1028 436 1067 eum,
468 1027 594 1067 quem
633 1012 851 1053 conscium
883 1011 995 1052 tanti
1028 1011 1200 1052 sceleris
1231 1010 1433 1065 habebat,

89 1088 113 1115 a
145 1087 189 1115 se
222 1072 473 1125 dimitteret7
504 1070 689 1112 Romam
722 1070 854 1111 etiam
885 1070 1093 1123 mitteret,
1124 1069 1200 1110 ubi
1227 1071 1269 1109 et
1294 1069 1433 1109 inimi-

88 1132 310 1174 cissimum
348 1131 478 1172 sciret
516 1143 608 1170 esse
645 1131 847 1183 nepotem
882 1143 1006 1169 suum
1037 1130 1081 1169 et
1114 1126 1158 1170 C.
1192 1126 1430 1181 Caesarem,

89 1191 156 1233 cui
199 1190 374 1232 fecisset
416 1188 612 1241 insidias,
655 1187 911 1242 praesertim
951 1201 1048 1228 cum
1083 1186 1121 1227 is
1159 1200 1269 1227 unus
1309 1188 1434 1240 esset,

90 1249 162 1304 qui
193 1250 342 1304 posset
374 1247 424 1289 de
451 1247 626 1288 absente
654 1260 698 1288 se
724 1245 944 1287 indicare?
1000 1244 1075 1286 ‘Et
1100 1244 1256 1286 fratres
1282 1243 1489 1299 meos',22

36 1318 69 1344 20
89 1307 248 1363 inquit,
280 1306 409 1362 ‘quod
441 1308 563 1347 erant
595 1304 767 1359 conscii,
801 1304 847 1345 in
878 1304 1020 1345 vincla
1052 1302 1262 1345 coniecit.'
1325 1302 1433 1344 Cum

88 1366 224 1421 igitur
261 1379 334 1407 eos
372 1364 570 1418 vinciret,
609 1378 715 1419 quos
748 1378 893 1405 secum
922 1363 1129 1416 habebat,
1167 1364 1210 1403 te
1243 1361 1433 1403 solutum

89 1424 274 1466 Romam
288 1423 501 1476 mittebat,
522 1422 594 1477 qui
614 1422 761 1464 eadem
777 1421 920 1476 scires,
935 1435 1043 1475 quae
1057 1421 1156 1462 illos
1173 1420 1281 1462 scire
1297 1420 1433 1461 dicis?

109 1479 116 1485 ’
178 1482 363 1536 Reliqua
394 1496 494 1536 pars
528 1481 814 1522 accusationis
847 1480 1003 1534 duplex
1033 1479 1134 1533 fuit,
1171 1493 1257 1520 una
1288 1477 1474 1534 regemS

92 1555 260 1595 semper
285 1540 330 1581 in
356 1539 539 1594 speculis
565 1539 710 1592 fuisse,
737 1554 833 1580 cum
859 1553 884 1580 a
908 1541 950 1579 te
977 1541 1091 1579 esset
1111 1537 1253 1578 animo
1281 1537 1434 1591 alieno,

38 1610 72 1636 25
94 1601 231 1641 altera
262 1599 497 1639 exercitum
529 1612 626 1638 eum
659 1601 809 1652 contra
842 1600 883 1638 te
916 1610 1123 1651 magnum
1150 1609 1434 1649 comparasse.

91 1659 155 1700 De
189 1657 377 1699 exercitu
409 1656 548 1697 dicam
576 1655 766 1696 breviter
797 1657 846 1696 ut
879 1657 1031 1696 cet-era.
1086 1653 1337 1706 Numquam
1363 1668 1433 1694 eas

93 1717 238 1771 copias
285 1729 360 1756 rex
396 1713 628 1754 Deiotarus
665 1713 836 1766 habuit,
882 1712 1037 1765 quibus
1076 1711 1233 1752 inferre
1271 1711 1435 1751 bellum

90 1774 252 1830 populo
284 1772 480 1814 Romano
515 1774 680 1825 posset,
717 1771 791 1812 sed
823 1770 978 1824 quibus
1010 1769 1117 1810 fines
1150 1782 1250 1809 suos
1283 1768 1336 1809 ab
1369 1783 1435 1808 ex-

93 1832 363 1876 cursionibus
409 1833 452 1871 et
496 1828 736 1870 latrociniis
781 1830 976 1869 tueretur
1019 1830 1062 1868 et
1098 1826 1435 1880 imperatoribus

41 1902 75 1928 3⁰
92 1891 255 1933 nostris
285 1889 443 1931 auxilia
469 1888 674 1929 mitteret.
731 1886 873 1940 Atque
900 1887 1027 1927 antea
1053 1885 1225 1939 quidem
1251 1885 1435 1925 maiores

95 1949 240 2004 copias
279 1948 391 1989 alere
429 1948 617 2000 poterat,
654 1959 766 1986 nunc
804 1943 980 1999 exiguas
1020 1943 1091 1984 vix
1128 1942 1241 1984 tueri
1277 1944 1436 1996 potest.

94 2008 156 2050 At
193 2007 314 2048 misit
352 2006 405 2046 ad
442 2004 677 2046 Caecilium
713 2002 857 2044 nescio
897 2016 1043 2056 quem;
1086 2001 1160 2042 sed
1197 2014 1288 2054 eos,
1326 2014 1433 2054 quos
1449 2007 1492 2038 23

95 2066 234 2120 misit,
279 2064 392 2119 quod
429 2063 490 2103 ire
528 2062 776 2115 noluerunt,
814 2061 859 2102 in
895 2060 1037 2101 vincla
1074 2058 1268 2101 coniecit.
1335 2057 1438 2099 Non

97 2138 267 2179 quaero,
301 2137 429 2177 quam
461 2120 550 2162 veri
582 2119 721 2161 simile
754 2119 812 2160 sit
838 2121 913 2160 aut
937 2132 1025 2160 non
1048 2117 1252 2158 habuisse
1277 2129 1437 2171 regem,

43 2194 77 2221 35
98 2197 204 2237 quos
243 2182 455 2230 mitteret,
493 2181 568 2220 aut
599 2192 689 2231 eos,
727 2191 833 2232 quos
866 2176 1076 2229 misisset,
1111 2189 1199 2216 non
1230 2174 1437 2228 paruisse,

99 2244 185 2295 aut,
218 2240 292 2294 qui
324 2240 438 2281 dicto
473 2237 694 2279 audientes
725 2235 771 2276 in
801 2237 926 2276 tanta
957 2249 1002 2276 re
1029 2248 1117 2275 non
1141 2233 1338 2286 fuissent,
1364 2247 1437 2274 eos

96 2299 264 2340 vinctos
307 2298 452 2353 potius
497 2309 626 2349 quam
662 2296 851 2336 necatos.
918 2291 1003 2334 Sed
1043 2294 1206 2341 tamen,
1251 2305 1347 2332 cum
1385 2290 1438 2332 ad
