1671 2543
582 90 681 126 CAP.
712 94 801 125 1-3
828 94 846 133 g
873 88 977 125 248.
1353 89 1440 130 433

103 203 171 244 est
189 200 437 243 iudicemus.
473 198 696 241 Praeclare
717 201 760 240 et
778 199 886 252 loco,
913 196 1114 252 Quirites,
1136 197 1440 240 reclamatione

103 263 249 302 vestra
296 259 460 301 factum
509 258 843 313 pulcherrimum
892 256 1158 298 Martialium
1207 257 1439 311 conproba—

104 319 249 373 vistis,
284 318 358 373 qui
391 332 435 359 se
467 317 520 359 ad
552 319 725 358 senatus
758 316 1079 370 auctoritatem,
1111 315 1163 357 ad
1194 315 1441 357 libertatem

104 380 312 431 vestram,
361 376 414 417 ad
462 376 705 417 universam
754 390 844 416 rem
892 375 1111 429 publicam
1154 374 1440 429 contulerunt,

70 454 86 479 5
105 437 277 478 hostem
314 435 437 476 illum
472 437 515 476 et
545 435 757 476 latronem
789 436 832 475 et
862 433 1120 487 parricidam
1151 433 1316 487 patriae
1347 433 1441 474 reli-

107 497 302 550 querunt.
352 493 443 535 Nec
472 494 611 535 solum
635 493 679 534 id
706 493 896 534 animose
922 494 966 533 et
991 492 1175 546 fortiter,
1207 491 1280 533 sed
1306 492 1476 533 consi-6

106 554 251 595 derate
278 553 409 595 etiam
430 552 728 607 sapienterque
747 552 958 605 fecerunt3
983 550 1120 592 Albae
1141 550 1441 601 constiterunt,

105 613 151 654 in
184 613 289 654 urbe
323 614 551 666 oportuna,
589 611 773 665 munita,
811 610 1068 664 propinqua,
1105 608 1442 650 fortissimorum

106 671 309 724 virorum,
370 670 717 712 fidelissimorum
772 669 928 710 civium
983 671 1112 722 atque
1168 667 1442 721 optimorum.

54 749 87 773 10
106 729 246 771 Huius
280 729 462 771 Martiae
493 728 677 784 legionis
708 728 821 783 legio
855 729 1009 780 quarta
1040 726 1212 767 imitata
1236 726 1443 768 virtutem

107 790 211 830 duce
243 788 290 829 L.
322 788 596 843 Egnatuleio,
631 802 758 841 quem
790 789 963 827 senatus
995 785 1150 826 merito
1181 784 1310 839 paulo
1343 788 1442 827 ante

106 848 317 901 laudavit,
349 846 394 889 C.
428 846 622 889 Caesaris
655 845 888 886 exercitum
919 847 1143 899 persecuta
1175 846 1251 885 est.

197 906 313 955 Quae
369 908 588 959 expectas,
647 904 704 945 M.
762 903 943 956 Antoni,
1003 902 1161 944 iudicia
1214 902 1484 957 graviora?3

108 964 266 1008 Caesar
314 964 453 1005 fertur
494 964 540 1005 m
583 963 765 1012 caelum,
815 962 888 1016 qui
931 964 1082 1003 contra
1123 963 1166 1002 te
1212 961 1445 1002 exercitum

57 1040 88 1066 15
109 1023 392 1078 comparavit3
425 1023 655 1063 laudantur
687 1020 1036 1075 exquisitissimis
1068 1019 1209 1060 verbis
1241 1019 1445 1074 legiones,

109 1097 216 1137 quae
251 1085 294 1123 te
326 1081 608 1136 reliquerunt,
648 1094 755 1134 quae
787 1094 812 1120 a
843 1082 886 1120 te
918 1078 1147 1120 arcessitae
1180 1080 1298 1129 sunt,
1337 1092 1445 1131 quae

109 1143 269 1195 essent,
303 1141 339 1182 si
370 1143 412 1181 te
446 1140 664 1181 consulem
697 1152 824 1192 quam
854 1138 1025 1178 hostem
1057 1136 1296 1190 maluisses,
1328 1139 1445 1191 tuae3

110 1214 291 1254 quarum
316 1199 536 1254 legionum
561 1197 847 1239 fortissimum
867 1195 1221 1249 verissimumque
1240 1195 1446 1236 iudicium

111 1259 338 1301 confirmat
364 1260 550 1307 senatus,
577 1256 815 1310 conprobat
839 1255 1061 1296 universus
1087 1253 1271 1308 populus
1292 1253 1445 1294 Roma-

56 1332 208 1372 20nus3
243 1317 328 1358 nisi
365 1316 476 1357 forte
508 1329 602 1365 vos,
642 1314 847 1364 Quirites,
886 1313 1120 1366 consulem,
1157 1327 1245 1353 non
1274 1312 1445 1353 hostem

109 1375 309 1418 iudicatis
355 1374 604 1416 Antonium.
681 1372 750 1415 Sic
800 1372 1059 1425 arbitrabar,
1111 1370 1318 1424 Quirites,
1367 1376 1478 1412 vos?

109 1435 314 1484 iudicare,
356 1436 406 1475 ut
455 1432 694 1475 ostenditis.
762 1430 901 1480 Quid?
945 1429 1194 1483 municipia,
1244 1429 1446 1479 colonias,

110 1492 402 1546 praefecturas
450 1506 554 1533 num
599 1491 725 1532 aliter
768 1490 954 1531 iudicare
999 1488 1211 1530 censetis?
1286 1487 1444 1529 Omnes

112 1551 317 1592 mortales
354 1564 440 1590 una
476 1552 619 1591 mente
654 1548 929 1590 consentiunt
962 1547 1104 1588 omnia
1136 1560 1255 1586 arma
1286 1560 1445 1600 eorum,

60 1627 93 1652 25
114 1609 186 1663 qui
206 1609 311 1649 haec
332 1608 449 1648 salva
466 1608 614 1660 velint,
633 1610 782 1648 contra
801 1607 920 1646 illam
939 1608 1105 1659 pestem
1126 1618 1216 1644 esse
1232 1603 1446 1657 capienda.

115 1667 255 1716 Quid?
304 1665 356 1707 D.
381 1665 508 1706 Bruti
538 1665 754 1717 iudicium,
786 1663 985 1716 Quirites,
1019 1662 1132 1716 quod
1164 1676 1214 1702 ex
1239 1662 1445 1703 hodierno

115 1726 205 1768 eius
238 1725 377 1766 edicto
409 1723 649 1778 perspicere
681 1722 898 1776 potuistis,
929 1735 1032 1761 num
1057 1720 1125 1761 cui
1151 1719 1324 1760 tandem
1350 1734 1447 1761 con-

114 1783 391 1826 temnendum
422 1781 618 1822 videtur?
668 1780 800 1821 Recte
833 1783 876 1820 et
907 1793 1003 1819 vere
1033 1777 1213 1832 negatis,
1246 1777 1448 1826 Quirites.

114 1843 198 1884 Est
247 1841 361 1882 enim
411 1839 533 1894 quasi
582 1839 757 1880 deorum
802 1837 1113 1878 immortalium
1154 1836 1360 1877 beneficio
1405 1839 1448 1877 et

62 1920 97 1944 30
116 1914 289 1942 munere
322 1900 470 1940 datum
497 1898 559 1938 rei
583 1897 778 1951 publicae
804 1895 1039 1936 Brutorum
1065 1908 1198 1949 genus
1225 1897 1268 1935 et
1292 1909 1450 1935 nomen

118 1960 170 2001 ad
212 1959 460 1999 libertatem
497 1956 643 2010 populi
675 1954 859 1995 Romani
895 1954 962 1994 vel
1001 1952 1345 1994 constituendam
1381 1952 1447 1994 vel

117 2016 414 2071 recipiendam.
475 2013 585 2063 Quid
620 2014 755 2068 igitur
792 2012 843 2053 D.
879 2011 1040 2052 Brutus
1078 2011 1128 2051 de
1165 2010 1222 2051 M.
1256 2010 1482 2052 Antoni08

117 2075 351 2118 iudicavit?
377 2073 579 2114 Excludit
597 2071 828 2126 provincia,
848 2070 1036 2111 exercitu
1057 2068 1242 2121 obsistit,
1264 2067 1449 2109 Galliam

119 2138 259 2176 totam
296 2133 497 2174 hortatur
534 2131 586 2171 ad
622 2130 783 2171 bellum
819 2129 958 2182 ipsam
995 2142 1072 2168 sua
1103 2129 1255 2180 sponte
1287 2141 1446 2181 suoque

67 2211 100 2237 35
119 2193 275 2234 iudicio
308 2191 549 2232 excitatam.
601 2186 646 2229 Si
675 2187 822 2229 consul
847 2186 1074 2239 Antonius,
1106 2184 1265 2225 Brutus
1290 2184 1449 2240 hostis,

122 2251 159 2293 si
196 2252 470 2293 conservator
506 2247 569 2288 rei
605 2246 800 2301 publicae
834 2244 1013 2297 Brutus,
1050 2242 1189 2284 hostis
1220 2242 1446 2285 Antonius.

119 2309 238 2351 Num
273 2309 425 2363 igitur,
468 2309 614 2347 utrum
649 2304 804 2345 horum
842 2303 917 2357 sit,
959 2301 1154 2342 dubitare
1189 2302 1447 2355 possumus?

193 2378 263 2404 010.
282 2378 322 2402 11.
343 2378 367 2402 3.
1081 2399 1083 2401 .
1210 2372 1255 2402 28
