1671 2543
221 114 307 154 140
474 113 567 149 PRO
594 114 632 148 L.
660 112 900 149 CORNELIO
926 113 1083 149 BALBO
1111 114 1302 149 ORATIO.

219 224 348 276 atque
374 222 506 274 labes,
536 221 690 263 virtuti
715 221 917 275 invidere,
948 221 1058 263 velle
1083 221 1226 276 ipsum
1251 221 1402 263 florem
1427 221 1562 278 digni-

164 288 205 319 16
219 281 324 321 tatis
362 280 608 336 infringere.
669 279 863 334 Etenim,
895 279 938 321 ’31
972 279 1203 334 Pompeius
1237 280 1394 323 abhinc
1426 295 1561 323 annos

219 339 479 395 quingentos
508 339 673 392 fuisset,
705 338 742 379 is
767 338 844 392 vir,
877 353 901 379 a
927 352 1010 393 quo
1038 341 1213 380 senatus
1241 339 1560 381 adulescentulo

219 400 348 452 atque
381 398 523 452 equite
556 397 752 438 Romano
786 411 910 451 saepe
943 398 1159 439 communi
1191 398 1322 439 saluti
1354 398 1562 440 auxilium

218 457 465 511 expetisset,
500 456 620 497 cuius
652 470 719 497 res
752 458 900 511 gestae
932 456 1070 497 omnis
1103 459 1255 511 gentes
1288 471 1385 498 cum
1417 456 1561 498 claris·
1598 468 1613 494 5

219 515 329 556 sima
365 514 548 556 victoria
585 517 701 555 terra
735 514 928 568 marique
960 518 1282 570 peragrassent,
1320 515 1440 557 cuius
1473 518 1562 557 tres

218 574 428 628 triumphi
466 576 600 614 testes
636 575 780 614 essent
810 575 954 614 10111111
986 573 1134 615 orbem
1165 576 1379 616 terrarum
1409 576 1561 616 nostro

218 632 398 686 imperio
425 632 574 685 teneri,
607 646 734 686 quem
758 632 944 686 populus
970 631 1191 674 Romanus
1217 633 1418 674 inauditis
1441 633 1563 674 hono-

216 691 330 732 ribus
362 690 740 745 singularibusque
772 690 1027 745 decorasset,
1060 691 1096 732 si
1126 706 1237 733 1111113
1263 691 1376 746 apud
1399 705 1480 733 nos
1505 691 1562 746 id,

218 750 332 804 quod
363 749 399 803 is
432 749 619 803 fecisset,
652 751 803 791 contra
833 748 983 791 foedus
1014 749 1179 791 factum
1208 750 1432 804 diceretur,
1465 750 1560 804 quis
1582 761 1615 786 10

218 808 414 849 audiret?
471 807 611 849 Nemo
637 807 845 862 profecto.
901 807 1020 849 Mors
1047 808 1161 849 enim
1188 823 1285 850 cum
1306 808 1563 850 extinxisset

217 867 442 921 invidiam,
482 881 550 908 res
590 866 680 908 eius
718 869 866 922 gestae
905 867 1158 921 sempiterni
1195 867 1383 908 nominis
1422 867 1564 922 gloria

216 926 470 966 niterentur.
548 923 680 967 Cuius
730 925 866 980 igitur
915 926 1062 967 audita
1109 925 1247 967 virtus
1299 925 1563 967 dubitationi

216 984 361 1026 locum
391 998 479 1026 non
507 983 640 1037 daret,
673 983 799 1025 huius
826 985 916 1026 visa
941 987 1070 1038 atque
1095 986 1323 1039 perspecta
1350 987 1562 1039 optrecta-

218 1045 363 1085 torum
394 1057 498 1084 voce
529 1043 754 1083 laedatur?
800 1085 803 1087 μ
1582 1053 1615 1080 15

179 1085 202 1125 7
308 1100 522 1143 Omittam
553 1101 690 1156 igitur
715 1100 970 1156 Pompeium
1001 1101 1088 1142 iam
1121 1101 1317 1143 oratione
1348 1116 1445 1143 mea
1468 1101 1563 1143 reli-

160 1145 202 1176 17
220 1174 320 1214 qua,
365 1160 439 1201 sed
475 1174 570 1213 VOS,
613 1159 794 1214 iudices,
832 1160 985 1201 animis
1025 1175 1073 1202 33
1110 1161 1319 1202 memoria
1357 1162 1563 1202 tenetote.

216 1218 281 1260 De
314 1219 420 1273 lege,
453 1218 503 1259 de
534 1217 716 1271 foedere,
749 1218 798 1259 de
825 1218 1043 1273 exemplis,
1075 1217 1126 1260 de
1154 1221 1363 1273 perpetua
1389 1233 1564 1261 30113113-

217 1277 365 1318 111(11113
398 1276 587 1318 civitatis
618 1279 793 1318 nostrae
825 1277 1040 1318 renovabo
1074 1291 1134 1331 ea,
1166 1291 1274 1331 quae
1309 1277 1425 1319 dieta
1449 1280 1561 1318 sunt.

218 1335 341 1377 Nihil
374 1335 489 1376 enim
520 1334 628 1375 mihi
656 1335 769 1389 novi,
799 1335 908 1376 nihil
934 1335 1095 1390 integri
1119 1349 1258 1389 neque
1284 1334 1341 1376 M.
1368 1335 1561 1390 Crassus,
1581 1348 1615 1373 20

220 1394 293 1449 qui
334 1396 474 1434 totam
513 1407 687 1434 causam
725 1396 768 1434 et
804 1408 883 1447 pro
921 1392 1130 1435 facultate
1169 1397 1212 1435 et
1248 1408 1327 1448 pro
1365 1394 1447 1435 fide
1487 1408 1564 1436 sua

219 1452 550 1507 diligentissime
589 1451 712 1493 vobis
753 1452 1001 1506 explicavit,
1038 1466 1176 1506 neque
1212 1451 1287 1494 Cn.
1319 1452 1563 1507 Pompeius,

219 1510 340 1552 3111113
373 1511 513 1551 013110
547 1510 746 1551 omnibus
780 1511 1042 1552 ornamentis
1070 1510 1315 1565 abundavit,
1347 1511 1399 1553 ad
1425 1511 1564 1553 dicen-

219 1569 321 1610 dum
370 1569 557 1623 reliquit.
639 1567 721 1610 Sed
772 1569 973 1623 quoniam
1020 1583 1087 1610 me
1131 1572 1355 1611 recusante
1398 1569 1562 1624 placuit

219 1628 430 1669 ambobus
464 1627 658 1668 adhiberi
688 1627 803 1669 hunc
835 1642 859 1668 a
890 1642 956 1668 me
990 1628 1113 1682 quasi
1141 1627 1409 1682 perpoliendi
1436 1642 1562 1683 quen·
1582 1640 1615 1666 25

219 1686 318 1727 dam
353 1686 493 1740 operis
526 1689 765 1727 extremum
796 1686 1007 1741 laborem,
1043 1689 1144 1741 peto
1178 1701 1203 1727 a
1233 1687 1374 1740 vobis,
1411 1689 1461 1728 ut
1493 1701 1561 1729 me

220 1744 353 1786 officii
402 1745 546 1799 potius
598 1759 727 1799 quam
773 1744 938 1786 dicendi
983 1745 1125 1786 studio
1168 1745 1280 1787 113113
1324 1745 1562 1799 suscepisse

164 1812 205 1844 18
221 1818 395 1858 operam
428 1818 476 1845 ac
508 1818 662 1845 munus
694 1803 869 1857 putetis.
930 1802 1013 1857 Ac,
1050 1803 1304 1858 priusquam
1338 1803 1562 1859 adgrediar

219 1862 273 1903 ad
304 1862 371 1903 ius
404 1876 660 1927 causamque
694 1861 877 1916 Corneli,
910 1838 1112 1916 quiddam
1143 1863 1194 1904 de
1224 1862 1440 1904 communi
1466 1876 1561 1903 con·
1626 1905 1634 1911 ,

220 1920 385 1962 dicione
434 1921 626 1962 omnium
668 1923 865 1962 nostrum
909 1921 1197 1975 deprecandae
1242 1920 1559 1962 malivolentiae
1580 1934 1613 1960 30

221 1993 350 2020 causa
400 1979 589 2021 breviter
640 1979 1062 2021 commemorandum
1107 1979 1288 2021 videtur.
1363 1977 1427 2033 Si,
1477 1993 1561 2044 quo

221 2037 400 2092 quisque
437 2038 533 2079 loco
567 2040 767 2079 nostrum
798 2041 881 2092 est,
918 2037 1098 2092 iudices,
1134 2040 1280 2091 natus,
1318 2039 1393 2078 aut
1424 2037 1479 2091 si,
1516 2037 1563 2078 in

222 2110 306 2149 qua
330 2096 506 2137 fortuna
531 2099 598 2137 est
622 2096 825 2138 nascendi
850 2096 976 2138 initio
1003 2096 1280 2149 30113111111113,
1308 2095 1422 2137 hunc
1446 2095 1561 2136 vitae

221 2156 385 2195 statum
421 2169 556 2209 usque
595 2154 648 2195 ad
685 2157 952 2196 senectutem
990 2155 1183 2209 optinere
1219 2153 1410 2207 deberet,
1447 2155 1491 2194 et
1523 2153 1561 2194 31

221 2226 381 2267 01111133,
409 2227 515 2266 quos
539 2215 614 2254 aut
633 2213 808 2254 fortuna
828 2213 984 2254 extulit
1004 2216 1079 2254 aut
1097 2213 1290 2267 ipsorum
1309 2211 1560 2253 inlustravit
1579 2227 1613 2253 35

219 2269 344 2311 labor
369 2274 413 2312 et
438 2271 661 2325 industria,
686 2285 825 2325 poena
851 2274 995 2312 essent
1021 2270 1257 2324 adficiendi,
1281 2283 1369 2311 non
1387 2269 1562 2325 gravior

220 2326 268 2368 L.
307 2327 505 2370 Cornelio
549 2344 675 2384 quam
713 2329 862 2370 multis
900 2330 1004 2370 viris
1042 2329 1167 2370 bonis
1205 2331 1334 2381 atque
1372 2327 1560 2369 fortibus
