1671 2543
631 87 734 123 CAP.
763 91 780 122 1
807 90 826 129 s
855 91 956 122 1—3.
1383 86 1468 127 321

125 193 303 237 sequente
342 192 491 227 demum
529 202 626 226 anno
662 191 735 226 iter
765 191 923 225 Romam
959 190 1123 235 paravit,
1162 201 1234 235 quo
1265 190 1306 224 in
1335 189 1471 224 itinere

125 250 209 274 cum
241 239 411 274 Piraeum
441 238 621 282 venisset,
655 250 678 274 a
708 238 748 273 P.
780 237 906 282 Magio
939 237 1067 273 Cilone
1098 237 1319 273 interfectus
1357 237 1470 281 atque

127 297 150 320 a
175 286 250 321 Ser.
278 285 442 331 Sulpicio
468 285 582 330 Rufo,
609 284 674 329 qui
700 284 779 320 eius
806 285 952 330 collega
977 284 1017 319 in
1042 284 1240 320 consulatu
1265 284 1405 327 fuerat,
1431 283 1472 317 111

125 333 321 378 gymnasio
346 332 570 368 Academico
596 331 764 377 sepultus
790 333 857 367 est.

1490 581 1507 619 1

215 602 422 643 Diuturm'
454 601 635 657 silentii,
672 604 818 656 patres
850 601 1102 655 conscripti,
1137 615 1221 655 quo
1254 615 1372 642 eram
1402 600 1471 641 his
1489 639 1506 668 1

127 661 397 715 temporibus
422 674 526 702 usus
551 674 640 702 non
665 660 819 701 timore
847 660 1005 714 aliquo,
1030 659 1104 700 sed
1129 659 1289 713 partim
1313 659 1472 713 dolore,

127 720 289 774 partim
320 718 586 773 verecundia,
617 718 747 759 finem
778 718 1010 759 hodiernus
1042 717 1131 759 dies
1164 717 1315 758 attulit
1342 717 1472 758 idem-

129 792 211 832 que
230 777 415 832 im'tium,
436 792 543 832 quae
563 777 719 819 vellem
734 791 925 831 quaeque
940 776 1157 829 sentirem,
1176 790 1271 817 meo
1285 775 1471 830 pristino

93 855 110 881 5
129 850 248 877 more
280 835 457 878 dicendi.
513 835 698 876 Tantam
730 835 844 876 enim
875 834 1260 888 mansuetudinem,
1291 836 1383 874 tam
1411 833 1472 874 111-

128 895 337 936 usitatam
368 894 689 948 inauditamque
722 892 1005 947 clementiam,
1036 895 1208 934 tantum
1232 892 1279 932 in
1305 905 1472 932 summa

129 955 348 1007 potestate
392 967 536 994 rerum
579 951 771 993 omnium
814 951 1006 1005 modum,
1053 953 1143 992 tam
1187 950 1367 1004 denique
1411 950 1473 990 in·

130 1011 378 1053 credibilem
402 1010 658 1064 sapientiam
678 1024 726 1051 ac
745 1024 879 1064 paene
899 1009 1087 1050 divinam
1105 1008 1265 1050 tacitus
1285 1010 1473 1062 praeter-

130 1070 192 1111 ire
235 1069 354 1110 nullo
399 1069 526 1110 modo
567 1082 755 1122 possum.
828 1067 885 1109 M.
929 1067 1043 1108 enim
1087 1066 1292 1108 Marcello
1336 1066 1506 1120 vobis,2

78 1148 112 1173 ιο
130 1130 275 1183 patres
314 1127 565 1181 conscripti
608 1127 754 1180 reique
790 1125 988 1180 publicae
1025 1125 1191 1166 reddito
1228 1139 1316 1166 non
1354 1124 1472 1165 illius

132 1187 290 1241 solum,
334 1185 407 1227 sed
451 1186 583 1226 etiam
626 1199 766 1226 meam
808 1198 957 1225 vocem
999 1186 1046 1225 et
1083 1183 1390 1225 auctoritatem
1428 1185 1473 1223 et

130 1245 254 1287 vobis
286 1247 329 1286 et
360 1244 422 1284 rei
452 1243 648 1298 publicae
681 1245 977 1284 conservatam
1006 1256 1054 1283 ac
1079 1242 1328 1283 restitutam
1353 1243 1472 1294 puto.

131 1297 344 1345 Dolebam
358 1302 483 1356 enim,
502 1304 647 1367 patr'es
663 1300 909 1355 eonsciipti,
925 1303 968 1341 et
987 1300 1263 1342 vehementer
1283 1299 1473 1354 angebai

132 1362 273 1416 virum
294 1361 448 1414 talem,
480 1374 577 1401 cum
607 1360 653 1401 in
684 1360 831 1400 eadem
863 1373 992 1401 causa
1018 1359 1064 1399 in
1089 1373 1174 1412 qua
1199 1371 1280 1413 ego
1305 1358 1473 1410 fuisset,

82 1440 127 1480 15·
133 1430 224 1461 non·
239 1420 285 1460 in
304 1394 451 1460 eadeni
470 1433 562 1470 esse
588 1418 765 1459 fortuna
782 1432 860 1459 nec
879 1417 986 1458 mihi
1008 1431 1084 1471 pei
1087 1417 1262 1458 suadere
1276 1406 1474 1470 poteram

133 1492 212 1519 1166
242 1477 308 1518 fas
337 1491 429 1518 esse
440 1467 668 1518 ducebam
688 1476 849 1517 versari
875 1490 942 1517 me
968 1476 1014 1516 in
1037 1478 1188 1516 nostro
1214 1477 1357 1516 vetere
1384 1488 1474 1515 cur-

135 1535 270 1577 riculo
290 1535 366 1576 1110
387 1535 554 1579 aemulo
576 1538 704 1588 atque
724 1535 941 1575 imitatore
957 1534 1199 1575 studiorum
1213 1547 1262 1574 ac
1275 1533 1475 1574 laborum

135 1608 328 1635 meorum
355 1593 477 1646 quasi
503 1593 688 1646 quodam
714 1593 830 1634 socio
857 1607 882 1632 a
907 1606 975 1633 me
1002 1595 1045 1632 et
1071 1591 1228 1633 comite
1253 1591 1475 1632 distracto.

136 1652 254 1706 Ergo
305 1654 348 1691 et
391 1650 498 1691 mihi
541 1664 659 1691 meae
702 1650 909 1704 pristinae
952 1649 1067 1690 vitae
1113 1649 1475 1702 consuetudinem,

84 1730 119 1756 20
138 1709 182 1752 C.
221 1708 396 1762 Caesar,
438 1708 716 1749 interclusam
754 1707 960 1762 aperuisti
998 1710 1042 1747 et
1077 1707 1146 1747 his
1185 1707 1384 1747 omnibus
1422 1706 1475 1746 ad

137 1769 245 1809 bene
284 1768 333 1808 de
380 1766 496 1807 0111111
539 1780 583 1806 16
627 1765 801 1819 publica
845 1764 1101 1828 sperandum
1142 1765 1265 1817 quasi
1303 1764 1476 1818 signum

139 1826 312 1892 aliquod
346 1824 572 1865 sustulisti.
628 1823 903 1864 Intellectum
935 1825 1001 1864 est
1030 1822 1144 1863 enim
1170 1821 1277 1862 mihi
1304 1822 1473 1875 quidem
1491 1830 1510 1861 3

138 1885 184 1925 in
228 1883 377 1924 multis
422 1885 465 1923 et
508 1896 705 1922 maxume
748 1881 794 1921 in
835 1895 902 1921 1116
943 1881 1056 1934 ipso,
1100 1880 1173 1921 sed
1210 1880 1337 1934 paulo
1377 1887 1476 1920 ante

142 1942 221 1994 [in]
245 1941 455 1993 omnibus⁷
476 1954 572 1980 cum
586 1939 642 1980 M.
653 1938 905 1980 Marcellum
925 1938 1094 1979 senatui
1113 1938 1258 1992 reique
1279 1938 1475 1992 publicae

87 2020 120 2046 25
141 1999 393 2042 concessisti
425 1997 771 2039 commemoratis
802 1997 1056 2051 praesertim
1082 1996 1402 2049 offensionibus,
1434 1999 1476 2036 te

141 2058 445 2100 auctoritatem
476 2056 603 2097 huius
636 2055 796 2097 ordinis
828 2056 1168 2110 dignitatemque
1193 2055 1255 2096 rei
1279 2054 1476 2108 publicae

139 2117 226 2158 tm's
270 2116 337 2157 vel
382 2115 602 2156 doloribus
645 2114 711 2154 vel
756 2114 1072 2167 suspicionibus
1112 2112 1335 2154 anteferre.
1397 2112 1476 2153 Ille

142 2175 314 2229 quidem
350 2173 539 2214 fructum
574 2172 712 2213 omnis
745 2174 842 2212 ante
875 2175 994 2213 actae
1026 2171 1139 2212 vitae
1170 2171 1377 2212 hodierno
1410 2171 1478 2212 die

141 2247 388 2274 maxumum
425 2231 539 2285 cepit
576 2245 672 2272 cum
710 2244 876 2271 summo
915 2244 1125 2271 consensu
1162 2231 1353 2283 senatus,
1384 2231 1477 2270 tum

90 2310 124 2334 30
143 2291 299 2332 iudicio
331 2293 406 2331 tuo
439 2289 707 2344 gravissumo
741 2291 783 2329 et
811 2302 1022 2329 maxumo.
1058 2287 1146 2329 ἸΕΧ
1171 2301 1255 2341 quo
1281 2286 1476 2342 profecto

215 2365 286 2390 616.
304 2365 336 2390 11
365 2366 389 2391 3.
1227 2359 1272 2389 21
