1671 2543
182 78 268 119 366
365 76 417 112 IN
443 76 490 112 M.
517 75 777 112 ANTONIUM
805 75 982 112 ORATIO
1009 76 1283 114 PHILIPPICA
1309 79 1336 114 1.

182 186 397 228 rationem
422 188 552 240 atque
573 184 880 227 auctoritatem
900 199 1052 240 meam,
1079 185 1263 242 benigne
1285 200 1352 228 me
1376 189 1534 243 tamen,

181 248 232 288 ut
265 245 404 287 adhuc
435 244 614 298 fecistis,
647 243 846 286 audiatis.

125 311 167 344 16
270 303 464 346 Primum
496 303 631 358 igitur
663 305 761 344 aeta
787 301 982 345 Caesaris
1015 304 1224 345 servanda
1252 319 1415 359 censeo,
1445 319 1534 348 non

182 377 267 418 quo
299 363 479 417 probem
513 360 626 418 (quis
660 362 774 404 enim
804 361 848 403 id
880 362 1050 417 quidem
1082 361 1295 419 potest?)‚
1326 364 1400 406 sed
1433 364 1533 419 quia

180 422 394 464 rationem
426 420 668 463 habendam
700 420 885 463 maxime
918 421 1107 463 arbitror
1136 422 1255 476 pacis
1286 425 1414 477 atque
1441 423 1531 465 otii.
1568 434 1585 462 ⁵

181 480 350 522 Vellem
401 480 570 522 adesset
613 478 670 521 M.
715 479 951 535 Antonius,
1001 480 1128 522 modo
1176 481 1267 523 sine
1311 481 1532 524 advocatis

182 538 287 596 (sed,
318 542 367 581 ut
400 538 564 594 opinor,
595 538 698 580 licet
729 538 769 580 ei
800 539 942 580 minus
973 539 1127 589 valere,
1159 539 1272 594 quod
1303 540 1410 582 mihi
1438 540 1531 582 heri

180 613 258 654 per
283 599 407 639 illum
431 612 519 640 non
544 596 707 653 licuit);
732 597 904 650 doceret
929 612 996 639 me
1019 598 1085 640 vel
1105 598 1251 653 potius
1271 613 1359 654 vos,
1384 602 1532 654 patres

181 657 427 712 conscripti,
461 671 587 711 quem
620 656 673 698 ad
704 656 878 698 modum
910 656 1001 711 ipse
1032 655 1229 700 Caesaris
1262 660 1360 699 aeta
1391 657 1531 699 defen-

179 717 311 758 deret.
362 715 431 758 An
458 716 502 757 in
529 715 896 761 commentariolis
922 719 965 757 et
989 716 1289 771 chirographis
1310 719 1353 758 et
1372 716 1533 758 libellis
1554 729 1587 754 ιο

182 776 261 828 [se]
278 789 364 817 uno
380 777 556 817 auctore
570 774 765 829 prolatis,
788 775 872 827 [ae]
888 789 940 816 ne
951 775 1133 829 prolatis
1149 775 1334 830 quidem,
1354 776 1428 817 sed
1441 779 1533 817 tan-

178 837 272 876 tum
299 834 425 876 modo
448 834 586 888 dictis,
612 836 709 876 aeta
729 831 926 875 Caesaris
946 833 1071 874 firma
1097 837 1240 888 erunt3
1267 848 1375 888 quae
1395 834 1468 876 ille
1487 835 1534 876 in

180 908 251 935 aes
276 893 440 947 incidit,
466 893 510 934 in
538 907 621 947 quo
647 892 796 951 populi
823 892 941 934 iussa
965 895 1280 947 perpetuasque
1300 893 1418 949 leges
1439 907 1533 935 esse

127 964 164 994 ιτ
180 952 330 1006 voluit,
355 966 434 1007 pro
458 951 595 994 nihilo
615 951 920 993 habebuntur?
969 951 1182 1006 Equidem
1203 951 1403 994 existimo
1422 951 1533 994 nihil

180 1014 272 1052 tam
303 1025 396 1053 esse
427 1010 474 1052 in
505 1010 614 1053 actis
647 1009 845 1053 Caesaris
879 1025 1007 1064 quam
1038 1011 1156 1065 leges
1187 1009 1396 1053 Caesaris.
1450 1011 1533 1065 An,
1553 1022 1588 1049 ιε

181 1070 217 1111 si
256 1070 324 1112 eui
364 1069 466 1124 quid
503 1069 577 1111 ille
614 1069 834 1124 promisit7
877 1069 920 1110 id
958 1069 1041 1110 erit
1076 1069 1227 1124 fixum,
1273 1069 1385 1125 quod
1419 1069 1534 1111 idem

179 1128 319 1170 faeere
344 1142 432 1170 non
457 1128 630 1183 potuit?
656 1131 706 1170 ut
732 1128 881 1169 multis
908 1128 1046 1170 multa
1069 1128 1285 1183 promissa
1309 1143 1397 1170 non
1419 1128 1533 1179 fecit,

181 1202 288 1242 quae
314 1190 461 1229 tamen
486 1187 623 1229 multo
650 1187 775 1242 plura
800 1187 876 1228 illo
900 1190 1073 1229 mortuo
1093 1190 1264 1242 reperta
1284 1189 1385 1229 sunt
1405 1201 1534 1242 quam

181 1260 205 1287 a
234 1246 330 1287 vivo
357 1245 565 1287 beneficia
590 1260 667 1299 per
693 1245 833 1287 omnis
860 1259 993 1287 annos
1020 1246 1187 1287 tributa
1213 1249 1256 1287 et
1281 1246 1392 1287 data.
1450 1243 1532 1287 Sed

181 1318 230 1346 ea
250 1318 339 1346 non
358 1307 492 1358 muto,
517 1318 606 1346 non
625 1318 795 1358 moveo3
821 1318 988 1346 summo
1011 1304 1153 1346 studio
1174 1304 1292 1346 illius
1311 1304 1533 1358 praeclara
1553 1317 1587 1342 πο

181 1365 277 1404 aeta
297 1362 489 1404 defendo.
530 1361 718 1404 Pecunia
738 1362 904 1403 utinam
925 1362 978 1404 ad
999 1362 1102 1416 Opis
1123 1363 1334 1404 maneret!
1357 1366 1533 1404 cruenta

180 1421 257 1462 illa
289 1421 472 1476 quidem,
504 1421 577 1462 sed
609 1421 677 1462 his
709 1421 990 1475 temporibus,
1022 1421 1225 1476 quoniam
1251 1421 1317 1475 iis,
1350 1435 1534 1476 quorum

182 1482 266 1534 est,
298 1494 386 1521 non
417 1479 627 1532 redditur,
664 1479 917 1521 necessaria.
981 1479 1251 1535 Quamquam
1283 1494 1332 1521 ea
1365 1494 1534 1535 quoque

127 1552 167 1582 18
183 1538 242 1580 sit
274 1537 419 1592 effusa,
451 1538 489 1580 si
520 1539 582 1579 ita
614 1538 658 1579 in
690 1538 799 1580 actis
831 1538 925 1580 fuit.
986 1538 1154 1593 Ecquid
1187 1542 1265 1594 est,
1297 1539 1411 1594 quod
1443 1542 1534 1580 tam

181 1597 354 1652 proprie
380 1596 463 1639 diei
487 1596 627 1651 possit
647 1599 791 1639 aetum
812 1597 914 1651 eius,
941 1597 1014 1652 qui
1033 1600 1211 1653 togatus
1231 1597 1276 1639 in
1296 1612 1340 1639 re
1360 1597 1535 1652 publiea
1553 1615 1587 1642 25

183 1670 281 1697 eum
323 1658 541 1711 potestate
585 1655 851 1711 imperioque
896 1659 1092 1698 versatus
1137 1656 1213 1711 sit,
1264 1670 1392 1711 quam
1435 1656 1535 1698 lex?

184 1714 348 1764 Quaere
397 1718 494 1757 aeta
533 1713 734 1769 Graeehj3
777 1715 894 1771 leges
934 1714 1211 1770 Semproniae
1249 1714 1534 1770 proferentur.

184 1773 348 1822 Quaere
376 1772 539 1828 Sullae3
567 1772 800 1816 Corneliae.
859 1773 1000 1823 Quid?
1050 1773 1230 1828 Pompei
1256 1774 1411 1816 tertius
1437 1788 1534 1816 con·

183 1833 350 1874 sulatus
382 1833 427 1875 in
459 1833 615 1887 quibus
648 1832 756 1874 actis
789 1832 1016 1875 constitit?
1078 1831 1245 1887 Nempe
1276 1832 1322 1874 in
1352 1833 1533 1889 legibus.

183 1891 247 1932 De
275 1890 456 1934 Caesare
487 1891 582 1946 ipso
609 1891 645 1933 si
673 1905 910 1945 quaereres,
943 1891 1145 1946 quidnam
1170 1891 1332 1947 egisset
1357 1891 1403 1933 in
1427 1891 1533 1933 urbe
1553 1903 1587 1929 3⁰

184 1953 226 1991 et
257 1950 302 1992 in
333 1953 455 2006 toga,
487 1950 606 2005 leges
637 1951 798 1992 multas
830 1950 1108 2004 responderet
1139 1964 1183 1992 se
1216 1953 1260 1992 et
1290 1950 1533 2004 praeclaras

183 2008 353 2062 tulisse,
392 2008 681 2064 chirographa
718 2023 818 2050 vero
858 2011 932 2050 aut
964 2011 1152 2050 mutaret
1189 2011 1264 2050 aut
1295 2023 1382 2051 non
1413 2009 1533 2050 daret

184 2070 274 2121 aut,
313 2067 350 2109 si
388 2067 594 2123 dedisset,
630 2081 718 2109 non
755 2067 862 2109 istas
900 2081 967 2109 res
1005 2067 1050 2108 in
1087 2067 1196 2109 actis
1229 2067 1318 2109 suis
1349 2067 1532 2108 duceret.
1574 2100 1577 2101 ν

186 2125 268 2168 Sed
310 2126 418 2168 haec
462 2127 556 2181 ipsa
601 2125 804 2181 coneed03
848 2126 1103 2180 quibusdam
1147 2126 1277 2167 etiam
1320 2126 1365 2166 in
1404 2125 1532 2167 rebus

185 2184 381 2240 conive03
406 2185 452 2227 in
478 2185 676 2226 maximis
703 2198 804 2226 vero
830 2185 970 2238 rebus,
996 2185 1039 2226 id
1067 2186 1132 2226 est
1157 2185 1203 2225 in
1228 2183 1410 2239 legibus,
1436 2187 1532 2226 aeta
1550 2196 1585 2222 ⁸⁵

186 2241 381 2284 Caesaris
414 2243 592 2285 dissolvi
624 2243 847 2285 ferendum
877 2257 964 2285 non
995 2246 1113 2298 puto.

144 2277 168 2318 8
275 2300 391 2350 Quae
423 2301 491 2343 lex
524 2302 693 2356 melior,
725 2301 892 2356 utilior,
926 2301 1088 2355 optima
1121 2300 1251 2342 etiam
1283 2314 1328 2342 re
1358 2301 1533 2355 publica

130 2337 168 2368 19
