1671 2543
157 307 198 338 51

213 73 302 115 300
504 70 598 106 PRO
625 70 665 104 T.
693 69 846 104 ANNIO
872 68 1059 105 MILONE
1088 67 1279 104 ORATIO.

214 180 440 235 Milonem3
466 179 617 220 deinde
638 179 700 220 ibi
719 177 846 220 multi
867 177 920 220 ab
941 177 1017 219 illo
1038 176 1202 231 violati,
1228 175 1416 231 spoliati,
1438 176 1564 218 boms

215 239 399 294 expulsi,
443 238 572 279 multi
615 237 721 279 haec
765 237 896 279 etiam
940 236 1144 277 timentes
1187 235 1233 276 in
1274 235 1564 290 suspicionem

218 298 436 351 caderent,
474 299 570 338 tota
607 296 789 351 denique
827 309 900 337 rea
939 296 1147 336 citaretur
1176 293 1366 336 Etruria.
1427 293 1565 348 Atqui

215 357 291 398 illo
324 357 390 397 die
424 355 712 397 certe'Aricia
743 354 910 396 rediens
940 353 1126 395 devertit
1152 352 1329 395 Clodius
1355 352 1409 394 ad
1433 352 1563 394 Alba-

214 430 330 457 num.
388 413 512 463 Quod
543 417 594 455 ut
625 414 757 455 sciret
787 412 912 467 Milo,
948 413 1073 454 illum
1106 411 1276 454 Ariciae
1308 411 1459 466 fuisse,
1497 425 1563 453 su-

215 474 373 529 spicari
393 476 539 514 tamen
553 472 701 514 debuit
715 487 824 527 eum,
845 471 1016 513 etiamsi
1030 470 1216 512 Romam
1230 470 1305 512 illo
1321 471 1387 512 die
1405 470 1564 512 reverti

215 533 357 586 vellet,
385 532 436 573 ad
456 531 606 572 villam
626 545 760 585 suam,
781 545 889 585 quae
909 530 1023 572 viam
1043 532 1254 585 tangeret,
1275 529 1564 571 deversurum.

216 589 303 633 Cur
333 605 471 645 neque
505 593 603 632 ante
630 590 830 644 occurrit,
859 603 913 631 ne
938 589 1012 631 ille
1038 589 1083 630 in
1108 588 1211 629 villa
1237 588 1456 643 resideret,
1485 602 1564 630 nec

216 665 266 691 eo
305 650 351 691 in
388 650 483 691 loco
523 649 735 703 subsedit,
777 663 860 703 quo
898 647 972 689 ille
1008 649 1138 690 noctu
1178 649 1383 689 venturus
1421 647 1564 688 esset?

144 711 220 754 (52)
312 708 450 749 Video
479 708 617 750 adhuc
640 710 850 762 constare,
875 707 1050 760 iudices,
1076 706 1232 760 omnia,
1258 705 1413 747 Miloni
1433 706 1565 747 etiam

156 1012 199 1043 52

145 1620 201 1661 20

156 1681 200 1711 53

216 767 323 808 utile
350 767 482 808 fuisse
504 765 704 809 Clodium
723 767 878 820 vivere,
904 765 971 807 illi
992 765 1044 807 ad
1065 779 1124 818 ea,
1149 778 1257 819 quae
1279 764 1566 819 concupierat,

217 826 541 880 optatissimum
566 826 793 867 interitum
818 825 1015 879 Milonis,
1047 824 1192 866 odium
1218 823 1350 865 fuisse
1376 823 1494 865 illius
1519 823 1566 865 in

215 885 330 926 hunc
371 884 716 939 acerbissimum,
758 884 926 925 nullum
962 883 1090 924 huius
1128 882 1173 923 in
1204 882 1347 937 illum;
1391 895 1565 924 consue-

216 943 410 985 tudinem
447 943 565 984 illius
601 945 855 998 perpetuam
887 943 932 984 in
962 942 1005 983 vi
1036 940 1275 994 inferenda,
1312 940 1441 982 huius
1472 943 1564 982 tan-

217 1005 311 1043 tum
336 1002 382 1043 in
407 1002 671 1056 repellenda,
696 1004 881 1043 mortem
907 1001 961 1042 ab
987 1000 1063 1041 1110
1090 1000 1387 1041 denuntiatam
1409 998 1564 1041 Miloni

215 1063 258 1102 et
277 1060 543 1115 praedictam
562 1061 720 1115 palam,
741 1060 851 1101 nihil
871 1073 1077 1114 umquam
1098 1058 1292 1100 auditum
1313 1073 1364 1100 ex
1383 1057 1564 1113 Milone3

215 1119 496 1173 profectionis
526 1119 655 1161 huius
688 1119 800 1160 diem
831 1118 896 1160 illi
927 1120 1092 1171 notum,
1124 1117 1288 1159 reditus
1320 1117 1437 1159 illius
1463 1116 1564 1159 huic

215 1179 416 1233 ignotum
453 1177 606 1232 fuisse,
646 1178 773 1219 huius
810 1177 893 1218 iter
929 1176 1239 1230 necessarium,
1276 1176 1393 1217 illius
1432 1175 1564 1217 etiam

215 1236 362 1290 potius
400 1237 606 1290 alienum;
642 1236 756 1277 1111110
794 1250 896 1290 prae
934 1249 979 1277 se
1019 1235 1171 1276 tulisse
1209 1234 1285 1275 illo
1324 1234 1390 1275 die
1423 1233 1564 1275 Roma

216 1295 444 1348 exiturum,
470 1295 594 1335 illum
621 1308 670 1336 eo
698 1295 764 1335 die
786 1309 830 1335 se
851 1293 1144 1335 dissimulasse
1165 1292 1421 1347 rediturum,
1449 1292 1561 1334 hunc

215 1353 376 1394 nullius
409 1353 471 1394 rei
503 1355 695 1394 mutasse
727 1352 973 1405 consilium,
1004 1351 1128 1392 illum
1161 1365 1332 1393 causam
1368 1351 1563 1393 mutandi

215 1411 385 1453 consilii
422 1411 616 1466 finxisse3
657 1411 776 1464 huic,
813 1410 850 1452 si
887 1410 1181 1463 insidiaretur,
1218 1413 1391 1452 noctem
1428 1424 1562 1464 prope

214 1469 365 1511 urbem
404 1470 729 1524 expectandam,
771 1469 855 1523 illi,
893 1468 1064 1510 etiamsi
1102 1468 1216 1510 hunc
1253 1482 1340 1510 non
1377 1468 1563 1522 timeret,

215 1531 362 1569 tamen
399 1542 618 1570 accessum
651 1528 702 1569 ad
735 1528 886 1569 urbem
918 1530 1178 1569 nocturnum
1209 1526 1342 1568 fuisse
1374 1530 1562 1569 metuen-

216 1587 328 1628 dum.

304 1644 538 1686 Videamus
577 1660 690 1687 nunc
728 1644 789 1699 id,
827 1644 941 1699 quod
977 1647 1105 1699 caput
1143 1647 1220 1699 est,
1255 1645 1374 1686 locus
1413 1643 1464 1685 ad
1502 1643 1562 1686 in-

216 1703 347 1745 sidias
380 1704 453 1745 ille
487 1704 590 1759 ipse,
622 1704 697 1746 ubi
723 1703 945 1759 congressi
971 1706 1085 1756 sunt,
1117 1703 1204 1745 utri
1231 1702 1405 1744 tandem
1430 1702 1563 1744 fuerit

215 1763 368 1817 aptior.
425 1761 476 1803 Id
506 1776 620 1817 vero,
652 1762 827 1816 iudices,
859 1762 992 1803 etiam
1017 1761 1302 1818 dubitandum
1329 1764 1373 1803 et
1398 1761 1561 1803 diutius

215 1821 495 1877 cogitandum
532 1824 610 1863 est.
673 1821 789 1862 Ante
825 1820 1006 1862 fundum
1045 1819 1185 1874 Clodi,
1224 1834 1308 1875 quo
1346 1819 1392 1861 in
1428 1818 1560 1861 fundo

1585 723 1619 748 10

1584 1016 1616 1042 1⁵

1582 1309 1617 1335 20

1582 1602 1615 1628 25

214 1882 392 1934 propter
434 1879 609 1921 insanas
653 1879 751 1920 illas
791 1878 1135 1921 substructiones
1174 1878 1300 1920 facile
1336 1877 1560 1919 hominum
1578 1894 1615 1921 ³0

215 1938 332 1979 mille
358 1938 643 1979 versabantur
669 1937 917 1991 valentium,
943 1938 1058 1979 edito
1085 1936 1318 1979 adversarii
1345 1939 1474 1990 atque
1494 1950 1560 1977 ex-

215 1997 329 2038 celso
357 1996 451 2038 loco
479 1997 744 2051 superiorem
778 2010 822 2038 se
854 1996 946 2038 fore
977 1998 1154 2051 putarat
1179 1995 1285 2037 Milo
1313 1998 1357 2036 et
1383 1995 1438 2036 ob
1465 2007 1560 2035 eam

213 2069 305 2096 rem
344 2069 442 2096 eum
480 2055 624 2096 locum
662 2055 715 2096 ad
746 2069 935 2110 pugnam
968 2054 1246 2108 potissimum
1278 2053 1468 2108 elegerat
1505 2066 1560 2093 an

213 2113 259 2154 in
303 2127 352 2154 eo
397 2113 491 2154 loco
531 2116 598 2154 est
633 2113 779 2168 potius
818 2115 1068 2167 expectatus
1106 2112 1161 2154 ab
1199 2126 1268 2166 eo,
1312 2110 1386 2165 qui
1422 2110 1558 2164 ipsius

142 2170 302 2217 (54)loci
328 2185 404 2225 spe
430 2171 570 2213 facere
595 2171 807 2226 impetum
836 2171 1080 2226 cogitarat?
1124 2170 1210 2212 Res
1234 2169 1428 2223 loquitur
1453 2169 1560 2223 ipsa,
1578 2184 1613 2211 35

155 2240 199 2270 54

213 2228 393 2283 iudices,
432 2244 540 2283 quae
578 2244 747 2284 semper
784 2229 899 2271 valet
935 2229 1180 2283 plurimum.
1248 2225 1294 2269 Si
1330 2226 1436 2268 haec
1472 2241 1559 2269 non

212 2290 340 2339 gesta
371 2288 596 2340 audiretis,
635 2288 707 2329 sed
739 2287 858 2342 picta
888 2287 1108 2341 videretis,
1145 2289 1290 2327 tamen
1321 2287 1560 2340 appareret,
