1671 2543
196 61 281 104 278
485 60 578 96 PRO
604 60 643 95 T.
669 58 823 95 ANNIO
848 58 1037 96 MILONE
1063 58 1256 96 ORATIO.

290 166 432 202 Deinde
468 167 509 203 Τ.
540 167 729 201 Munatius
759 165 918 200 Plancus
956 164 1127 200 tribunus
1160 166 1209 210 pl.
1242 166 1470 210 produxerat
1497 166 1539 201 in

197 214 408 250 contionem
428 214 474 248 M.
491 213 692 249 Aemilium
706 213 972 255 Philemonem,
991 214 1122 247 notum
1140 211 1339 256 hominem,
1360 212 1538 249 libertum

197 262 246 297 M.
278 261 418 306 Lepidi.
473 261 514 296 Is
545 271 584 295 se
617 260 768 295 dicebat
798 259 1010 305 pariterque
1042 270 1167 294 secum
1197 261 1374 303 quattuor
1398 259 1537 296 liberos

197 308 366 344 homines
396 309 468 343 iter
498 307 677 343 facientes
704 307 975 352 supervenisse,
1008 318 1092 342 cum
1116 305 1267 342 Clodius
1293 306 1537 350 occideretur,

199 357 237 391 et
267 355 314 390 ob
339 355 377 389 id
404 366 487 389 cum
511 355 824 399 proclamassent,
857 354 1032 398 abreptos
1057 355 1096 388 et
1119 364 1186 399 per
1211 353 1303 388 duos
1328 364 1474 389 menses
1499 355 1539 389 in

197 402 288 437 villa
313 402 463 437 Milonis
495 401 710 446 praeclusos
742 401 872 444 fuisse3
906 411 1022 445 eaque
1053 411 1112 435 res
1145 411 1209 435 seu
1241 411 1330 435 vera
1354 412 1419 436 seu
1444 401 1541 436 falsa

198 460 373 493 magnam
403 448 587 483 invidiam
618 448 752 483 Miloni
790 449 1033 483 contraxerat.
1088 447 1254 491 Itemque
1280 447 1470 483 Munatius
1501 449 1541 483 et

198 496 396 541 Pompeius
422 495 563 531 tribuni
587 495 638 541 pl.
665 495 704 530 in
728 497 849 530 rostra
874 496 1126 541 produxerant
1144 494 1379 530 triumvirum
1398 495 1540 540 capita-

197 545 271 578 lem
309 553 466 587 eumque
502 543 841 587 interrogaverant,
881 553 930 577 an
962 541 1153 585 Galatam,
1191 541 1342 577 Milonis
1380 552 1538 585 servum,

199 591 332 625 caedes
363 590 565 625 facientem
590 589 904 634 deprehendisset.
954 589 1021 624 Ille
1047 589 1293 624 dormientem
1317 588 1357 623 in
1381 589 1540 624 taberna

197 649 264 682 pro
295 637 454 682 fugitivo
485 638 709 682 prehensum
735 638 773 672 et
798 637 846 671 ad
872 647 910 671 se
934 636 1155 682 perductum
1178 646 1258 671 esse
1283 636 1538 681 responderat.

197 685 520 720 Denuntiaverant
549 686 676 719 tamen
706 683 917 727 triumviro,
949 694 996 718 ne
1027 693 1172 718 servum
1198 682 1416 719 remitteret.
1467 683 1540 719 Sed

198 734 348 776 postera
391 731 451 766 die
490 731 636 767 Caelius
678 731 849 765 tribunus
881 730 942 775 pl.
985 731 1023 765 et
1061 731 1101 776 Q.
1139 729 1315 764 Manilius
1353 729 1540 765 Cumanus

199 779 345 823 collega
375 780 453 813 eius
484 780 652 823 ereptum
683 789 703 813 e
737 778 846 813 domo
879 776 1064 812 triumviri
1089 788 1235 812 servum
1261 776 1392 812 Miloni
1416 776 1540 812 reddi-

199 826 340 861 derant.
390 825 509 870 Haec,
538 825 610 861 etsi
635 824 777 859 nullam
803 825 848 859 de
873 824 931 859 his
959 823 1173 859 criminibus
1199 824 1427 859 mentionem
1451 824 1541 859 fecit

199 873 337 916 Cicero,
362 874 501 915 tamen,
527 873 615 917 quia
627 872 695 906 ita
719 882 981 917 compereram,
1007 871 1136 917 putavi
1162 871 1390 916 exponenda.
1440 870 1542 907 Inter

197 920 336 964 primos
363 922 401 955 et
427 919 468 961 Q.
488 919 685 965 Pompeius
711 920 750 954 et
769 918 807 955 C.
828 918 1027 953 Sallustius
1053 921 1092 953 et
1110 918 1151 953 T.
1172 918 1360 953 Munatius
1379 917 1540 953 Plancus

198 967 340 1002 tribuni
370 966 422 1012 pl.
448 966 724 1001 inimicissimas
751 965 943 1001 contiones
969 966 1014 1000 de
1042 965 1181 1000 Milone
1205 964 1413 1009 habebant,
1446 965 1540 1000 invi-

199 1014 323 1048 diosas
355 1013 470 1048 etiam
501 1014 548 1048 de
573 1013 765 1057 Cicerone,
799 1013 898 1057 quod
922 1012 1102 1047 Milonem
1130 1013 1237 1047 tanto
1264 1011 1388 1047 studio
1415 1012 1540 1048 defen-

199 1061 320 1104 deret,
353 1063 506 1105 eratque
537 1060 701 1095 maxima
730 1071 816 1105 pars
836 1059 1098 1099 >multitudinis
1129 1059 1277 1094 infensa
1306 1070 1381 1094 non
1420 1059 1541 1094 solum

198 1108 347 1150 Miloni,
398 1108 463 1142 sed
515 1107 629 1143 etiam
670 1108 823 1152 propter
865 1107 1026 1142 invisum
1067 1105 1316 1152 patrocinium
1361 1105 1526 1142 Ciceroni

199 1155 336 1190 Postea
357 1154 555 1199 Pompeius
581 1157 619 1189 et
637 1154 837 1189 Sallustius
863 1155 900 1189 in
926 1153 1136 1199 suspicione
1161 1154 1311 1188 fuerunt
1334 1152 1475 1188 redisse
1499 1153 1541 1188 in

199 1202 359 1247 gratiam
385 1213 469 1236 cum
494 1201 632 1236 Milone
659 1212 702 1236 ac
728 1201 913 1236 Cicerone.
962 1200 1121 1235 Plancus
1148 1203 1272 1235 autem
1297 1200 1539 1235 infestissime

200 1249 365 1293 perstitit
395 1250 506 1292 atque
539 1249 578 1283 in
602 1248 815 1283 Ciceronem
847 1258 991 1292 quoque
1022 1246 1301 1282 multitudinem
1332 1246 1539 1291 instigavit,

199 1296 377 1340 Pompeio
420 1296 545 1329 autem
588 1296 803 1339 suspectum
842 1294 1007 1328 faciebat
1036 1294 1216 1328 Milonem
1255 1293 1302 1327 ad
1336 1293 1538 1338 perniciem

202 1342 279 1376 eius
313 1343 520 1386 comparari
551 1341 627 1376 vim
658 1341 901 1383 vociferatus;
933 1340 1203 1385 Pompeiusque
1239 1339 1286 1375 ob
1320 1350 1364 1374 ea
1389 1341 1537 1384 saepius

200 1389 424 1433 querebatur
449 1388 521 1422 sibi
547 1399 692 1432 quoque
718 1388 796 1422 fieri
821 1387 994 1432 insidias,
1025 1389 1063 1422 et
1087 1386 1127 1421 id
1151 1386 1292 1432 palam,
1331 1397 1374 1422 ac
1398 1387 1539 1423 maiore

200 1446 310 1470 manu
343 1446 381 1469 se
414 1435 593 1470 armabat.
648 1434 840 1470 Dicturum
871 1445 1016 1478 quoque
1049 1433 1148 1468 diem
1179 1433 1347 1468 Ciceroni
1378 1433 1538 1469 Plancus

200 1482 432 1526 ostenderat,
470 1484 600 1526 postea
631 1483 755 1516 autem
786 1481 826 1523 Q.
858 1481 1054 1525 Pompeius
1086 1480 1185 1515 idem
1215 1480 1410 1515 minitatus
1447 1483 1538 1517 erat.

199 1529 318 1564 Tanta
342 1531 469 1564 tamen
494 1530 706 1564 constantia
732 1539 775 1563 ac
799 1528 890 1562 fides
915 1528 987 1563 fuit
1013 1527 1219 1571 Ciceronis,
1245 1529 1288 1562 ut
1312 1539 1386 1563 non
1409 1529 1538 1573 populi

201 1587 223 1610 a
248 1586 287 1610 se
313 1575 557 1619 alienatione,
589 1587 662 1610 non
688 1575 749 1610 Cn.
775 1575 929 1619 Pompei
955 1574 1244 1620 suspicionibus,
1274 1585 1348 1609 non
1372 1574 1538 1620 periculo
1561 1584 1567 1591 ’

200 1623 380 1666 futurum,
407 1624 449 1657 ut
474 1623 545 1657 sibi
571 1622 650 1658 dies
677 1622 724 1656 ad
749 1622 927 1667 populum
953 1622 1154 1664 diceretur,
1181 1633 1256 1657 non
1280 1621 1410 1666 armis,
1441 1632 1538 1666 quae

200 1670 326 1715 palam
357 1669 395 1704 in
420 1669 596 1705 Milonem
630 1671 778 1714 sumpta
810 1671 936 1713 erant,
970 1668 1148 1704 deterreri
1174 1669 1339 1713 potuerit
1365 1680 1388 1703 a
1412 1668 1538 1704 defen-

201 1717 304 1751 sione
336 1718 431 1760 eius,
465 1728 547 1751 cum
576 1718 705 1761 posset
736 1727 842 1751 omne
874 1716 1080 1761 periculum
1104 1727 1211 1750 suum
1237 1716 1275 1750 et
1299 1715 1538 1750 offensionem

200 1764 374 1798 inimicae
417 1763 490 1798 sibi
534 1763 787 1798 multitudinis
830 1763 1038 1806 declinare,
1081 1762 1262 1797 redimere
1305 1763 1430 1797 autem
1473 1760 1538 1798 Cn.

200 1811 353 1855 Pompei
385 1810 565 1854 animum,
599 1812 630 1846 si
659 1810 814 1855 paulum
843 1820 888 1845 ex
920 1809 1044 1844 studio
1071 1808 1296 1844 defensionis
1321 1808 1537 1845 remisisset.

294 1857 445 1892 Perlata
470 1857 604 1892 deinde
630 1857 713 1902 lege
738 1856 930 1901 Pompeia,
963 1856 1003 1891 in
1028 1867 1101 1900 qua
1125 1855 1164 1890 id
1189 1866 1334 1900 quoque
1360 1855 1538 1900 scriptum

201 1906 292 1948 erat,
318 1908 360 1939 ut
385 1904 574 1948 quaesitor
599 1904 775 1949 suffragio
801 1903 929 1948 populi
954 1914 998 1938 ex
1023 1903 1081 1947 iis,
1107 1902 1171 1947 qui
1191 1902 1360 1937 consules
1378 1902 1537 1945 fuerant,

200 1953 401 1994 crearetur,
436 1952 563 1986 statim
590 1951 743 1986 comitia
768 1951 914 1993 habita,
945 1952 1163 1994 creatusque
1185 1950 1266 1984 erat
1289 1949 1327 1985 L.
1352 1949 1537 1984 Domitius

200 1998 470 2033 Ahenobarbus
503 1997 705 2042 quaesitor.
761 1997 898 2032 Album
930 2008 1076 2041 quoque
1108 1995 1289 2040 iudicum,
1322 1995 1386 2040 qui
1417 1995 1463 2030 de
1494 2005 1539 2030 ea

200 2056 238 2080 re
270 2045 495 2088 iudicarent,
528 2045 724 2090 Pompeius
755 2044 832 2079 tale
862 2043 1073 2089 proposuit,
1114 2044 1156 2077 ut
1185 2053 1387 2087 numquam
1418 2051 1537 2085 neque

202 2092 376 2127 clariores
420 2092 519 2126 viros
562 2101 682 2136 neque
727 2090 930 2126 sanctiores
973 2089 1184 2136 propositos
1222 2100 1302 2125 esse
1339 2089 1537 2123 constaret.

201 2140 292 2173 Post
328 2139 427 2182 quod
466 2138 594 2173 statim
627 2149 724 2173 nova
760 2137 842 2183 lege
879 2137 968 2172 Milo
1005 2136 1215 2182 postulatus
1251 2139 1300 2171 est
1336 2145 1359 2169 a
1395 2134 1537 2169 duobus

201 2185 333 2230 Appiis
361 2185 525 2220 Claudiis
557 2184 859 2220 adulescentibus
885 2184 1020 2227 isdem,
1053 2195 1076 2218 a
1100 2183 1232 2227 quibus
1258 2183 1370 2216 antea
1393 2180 1539 2216 familia

204 2232 282 2266 eius
308 2231 429 2266 fuerat
454 2233 662 2277 postulata,
689 2232 851 2275 itemque
877 2231 922 2266 de
949 2230 1091 2266 ambitu
1116 2229 1164 2264 ab
1189 2228 1308 2263 isdem
1332 2227 1474 2272 Appiis,
1501 2230 1538 2264 et

202 2280 396 2321 praeterea
429 2280 471 2313 de
501 2281 538 2314 vi
562 2290 584 2314 a
609 2278 649 2320 Q.
676 2278 845 2313 Patulcio
871 2280 910 2312 et
934 2278 971 2313 L.
998 2275 1203 2317 Cornificio,
1230 2274 1275 2309 de
1301 2275 1490 2310 sodaliciis
1515 2285 1539 2309 a
