1671 2543
224 105 281 146 94
598 103 692 139 PRO
718 104 767 139 M.
793 103 962 139 CAELIO
989 103 1180 140 ORATIO.

225 212 441 267 ‘Adulter,
489 211 732 266 inpudicus,
781 211 1016 265 sequester'
1061 210 1299 253 convicium
1324 213 1424 265 ,est,
1465 225 1553 252 non

225 271 459 325 accusatio3
495 271 662 312 nullum
697 272 763 311 est
794 270 906 311 enim
936 270 1261 312 fundamentum
1290 269 1445 311 horum
1476 269 1552 311 cri-

224 330 400 383 minum,
430 329 550 371 nulla
581 329 718 383 sedes3
749 343 873 370 voces
906 332 1006 370 sunt
1035 328 1367 370 contumeliosae
1393 330 1552 369 temere

169 394 210 425 31
227 389 280 429 ab
324 389 436 429 irato
478 390 724 429 accusatore
760 387 879 429 nullo
918 390 1090 429 auctore
1129 386 1319 428 emissae.
1385 385 1552 427 Horum

224 447 403 488 duorum
431 446 656 488 criminum
681 445 803 487 video
829 445 1004 499 fontem,
1028 445 1149 487 video
1174 448 1404 498 auctorem,
1429 444 1549 485 video
1583 459 1600 485 5

225 508 390 547 certum
423 519 580 546 nomen
611 507 654 545 et
686 508 825 558 caput.
885 504 1004 546 Auro
1037 518 1143 558 opus
1174 503 1275 558 fuit3
1312 503 1498 557 sumpsit
1529 517 1554 543 a

225 563 389 617 Clodia,
433 563 617 616 sumpsit
657 562 746 603 sine
784 565 911 616 teste,
953 563 1123 616 habuit,
1167 562 1369 616 quamdiu
1404 560 1553 603 voluit.

224 622 459 663 Maximum
496 621 618 662 video
654 621 825 676 signum
858 621 1076 662 cuiusdam
1108 621 1303 675 egregiae
1335 619 1554 661 familiari-

226 681 342 722 tatis.
421 679 585 721 Necare
639 680 815 721 eandem
863 680 1020 734 voluit3
1076 679 1287 734 quaesivit
1333 692 1554 731 venenum,

227 739 494 790 sollicitavit,
545 752 650 792 quos
694 738 854 792 potuit,
903 738 1087 792 paravit,
1130 738 1272 779 locum
1316 735 1553 789 constituit,
1574 754 1608 779 ιο

227 798 386 839 attulit.
454 796 660 852 Magnum
697 810 845 838 rursus
884 797 1027 837 odium
1064 796 1185 837 video
1224 810 1320 837 cum
1357 794 1554 837 crudelis-

227 857 335 898 simo
373 855 551 896 discidio
589 855 795 896 extitisse.
857 854 941 896 Res
975 858 1040 896 est
1072 854 1209 896 omnis
1241 854 1286 895 in
1316 853 1396 895 hac
1428 867 1555 894 causa

224 915 362 968 nobis,
394 914 566 967 iudices,
599 928 695 955 cum
722 913 881 967 Clodia,
913 913 1090 955 muliere
1120 927 1207 954 non
1237 912 1377 954 solum
1406 911 1556 964 nobili,

226 972 299 1014 sed
325 973 457 1013 etiam
481 974 602 1027 nota3
628 972 678 1013 de
705 986 787 1026 qua
813 986 891 1026 ego
917 972 1026 1013 nihil
1052 971 1191 1013 dicam
1215 971 1299 1012 nisi
1318 969 1555 1024 depellendi

170 1036 211 1067 32
227 1031 416 1072 criminis
467 1044 604 1072 causa.
677 1029 759 1071 Sed
808 1030 1024 1085 intellegis
1073 1044 1151 1084 pro
1200 1032 1276 1070 tua
1317 1027 1555 1084 praestanti
1574 1044 1606 1070 15

225 1090 463 1144 prudentia,
496 1088 569 1131 Cn.
601 1088 780 1141 Domiti,
816 1104 910 1130 cum
941 1089 1023 1130 hac
1054 1088 1145 1129 sola
1175 1103 1265 1129 rem
1297 1102 1388 1129 esse
1417 1086 1555 1128 nobis.

228 1148 346 1197 Quae
385 1148 422 1189 si
461 1162 505 1188 se
544 1162 694 1188 aurum
727 1146 872 1188 Caelio
912 1147 1203 1188 commodasse
1239 1161 1326 1188 non
1359 1145 1481 1198 dicit,
1518 1145 1555 1186 si

226 1221 435 1247 venenum
467 1206 519 1246 ab
551 1205 633 1246 hoc
665 1205 748 1246 sibi
779 1208 978 1259 paratum
1010 1219 1101 1246 esse
1131 1219 1218 1245 non
1249 1204 1404 1260 arguit,
1437 1206 1555 1258 petu-
1612 1206 1615 1209 ’

226 1265 366 1305 lanter
390 1263 583 1317 facimus,
610 1263 646 1304 si
671 1266 854 1304 matrem
877 1263 1063 1304 familias
1090 1277 1224 1316 secus,
1250 1277 1378 1316 quam
1397 1264 1553 1303 matro-

226 1337 378 1363 narum
399 1322 605 1363 sanctitas
624 1321 829 1376 postulat,
847 1321 1130 1362 nominamus.
1178 1320 1254 1362 Sin
1272 1321 1358 1361 ista
1377 1320 1552 1361 muliere
1573 1337 1608 1361 20

227 1383 393 1421 remota
428 1394 506 1421 nec
541 1379 699 1421 crimen
729 1380 866 1420 ullum
896 1394 974 1420 nec
1006 1394 1105 1433 opes
1138 1379 1190 1420 ad
1222 1378 1553 1433 oppugnandum

227 1438 419 1480 Caelium
455 1438 541 1479 illis
578 1438 893 1491 relinquuntur,
931 1438 1031 1491 quid
1066 1440 1132 1478 est
1163 1437 1295 1490 aliud,
1333 1437 1446 1491 quod
1475 1451 1553 1477 nos

227 1497 399 1551 patroni
428 1496 568 1537 facere
599 1496 840 1549 debeamus,
869 1496 953 1537 nisi
984 1499 1033 1537 ut
1064 1510 1148 1550 eos,
1180 1496 1253 1549 qui
1277 1496 1554 1548 insectantur,

227 1555 513 1608 repellamus?
575 1554 697 1603 Quod
730 1555 899 1608 quidem
928 1554 1110 1595 facerem
1136 1553 1440 1607 vehementius,
1470 1553 1554 1594 nisi

227 1613 539 1654 intercederent
567 1613 672 1653 mihi
697 1612 946 1654 inimicitiae
973 1627 1068 1654 cum
1093 1612 1220 1653 istius
1246 1611 1437 1653 mulieris
1462 1611 1553 1652 viro
1574 1627 1606 1653 25

231 1695 280 1702 —-
314 1671 447 1712 fratre
479 1671 596 1713 volui
627 1671 784 1725 dicere3
815 1685 980 1725 semper
1009 1671 1080 1712 hic
1111 1685 1218 1713 erro.
1278 1669 1403 1712 Nunc
1429 1683 1554 1725 agam

228 1730 392 1771 modice
428 1744 507 1771 nec
543 1730 714 1784 longius
751 1729 1020 1784 progrediar,
1059 1743 1187 1783 quam
1224 1743 1291 1770 me
1325 1743 1420 1769 mea
1450 1728 1553 1769 fides

229 1792 272 1829 et
304 1803 431 1829 causa
461 1788 556 1842 ipsa
588 1790 724 1842 coget.
784 1787 934 1842 Neque
961 1787 1073 1828 enim
1098 1787 1326 1828 muliebres
1352 1801 1552 1840 umquam

227 1847 475 1888 inimicitias
508 1846 614 1887 mihi
646 1846 852 1901 gerendas
882 1846 1047 1900 putavi,
1081 1845 1334 1900 praesertim
1366 1859 1462 1886 cum
1494 1859 1554 1898 ea,

229 1919 357 1970 quam
401 1919 547 1946 omnes
592 1919 758 1970 semper
798 1904 978 1945 amicam
1016 1905 1205 1946 omnium
1241 1901 1387 1958 potius
1426 1917 1554 1957 quam
1573 1919 1608 1944 30

230 1964 481 2017 cuiusquam
512 1963 730 2004 inimicam
761 1966 1030 2017 putaverunt.

318 2020 399 2063 Sed
425 2024 570 2062 tamen
596 2036 646 2062 ex
670 2021 764 2075 ipsa
786 2035 986 2075 quaeram
1005 2021 1136 2075 prius,
1160 2023 1304 2061 utrum
1324 2033 1391 2060 me
1411 2033 1554 2061 secum

229 2094 371 2120 severe
404 2083 447 2120 et
479 2079 668 2134 graviter
699 2082 743 2120 et
770 2079 907 2132 prisce
934 2092 1060 2134 agere
1083 2078 1207 2121 malit
1233 2092 1286 2118 an
1310 2077 1485 2118 remisse
1511 2080 1554 2118 et

228 2137 383 2178 leniter
414 2141 458 2179 et
488 2138 662 2178 urbane.
723 2135 769 2178 Si
799 2137 873 2178 illo
901 2142 1071 2178 austero
1097 2151 1212 2178 more
1239 2150 1288 2177 ac
1312 2135 1450 2189 modo,
1481 2135 1553 2175 ali-

230 2196 324 2249 quis
362 2195 469 2236 mihi
506 2196 559 2236 ab
597 2194 744 2236 inferis
782 2195 1028 2236 excitandus
1067 2197 1132 2236 est
1162 2209 1213 2235 ex
1243 2193 1435 2234 barbatis
1466 2193 1552 2234 illis
1573 2209 1606 2235 35

228 2267 315 2294 non
345 2253 425 2294 hac
452 2253 644 2307 barbula,
677 2267 760 2306 qua
784 2253 869 2294 ista
894 2254 1140 2306 delectatur,
1172 2251 1245 2293 sed
1268 2251 1345 2292 illa
1369 2251 1553 2306 horrida,

232 2324 358 2363 quam
395 2311 440 2351 in
476 2311 632 2352 statuis
670 2311 858 2364 antiquis
897 2314 1024 2364 atque
1058 2309 1318 2364 imaginibus
1349 2309 1554 2364 videmus,

162 2003 215 2044 14
