1671 2543
215 93 301 134 510
392 93 442 127 IN
469 92 515 126 M.
543 91 802 126 ANToNIUM
830 91 1005 126 ORATIO
1035 90 1300 126 PHILIPPICA
1327 92 1386 126 XI.

214 201 357 255 Atque
390 200 471 242 1100
504 201 673 254 quidem
705 199 957 240 detestabile
991 213 1116 240 omen
1147 201 1313 240 avertat
1339 198 1550 254 Iuppiter!

215 274 343 314 quam
376 259 606 300 absurdum
639 261 794 311 autem,
828 258 899 312 qui
926 261 1099 312 praetor
1124 257 1215 299 fieri
1241 272 1327 300 non
1351 258 1552 313 potuerit,

214 321 358 373 petere
396 332 491 359 eum
532 317 818 359 consulatum!
858 317 938 358 nisi
977 316 1088 358 forte
1125 316 1442 359 damnationem
1473 331 1551 372 pro

214 378 594 431 praeturaputat.
661 375 786 417 Alter
823 374 980 417 Caesar
1017 374 1231 429 Vopiscus
1273 375 1345 416 ille
1383 389 1550 418 summo

214 436 397 491 ingenio,
431 449 599 476 summa
623 434 831 489 potentia,
863 434 934 488 qui
961 448 1011 475 ex
1038 434 1256 476 aedilitate
1282 433 1549 478 consulatum
1587 446 1604 471 ⁵

213 495 338 549 petit,
388 493 580 535 solvatur
625 493 812 549 legibus3
862 507 1119 547 quamquam
1164 493 1281 548 leges
1325 507 1421 534 eum
1464 507 1550 534 non

213 555 361 595 tenent
398 555 575 607 propter
613 552 828 605 eximia-m,
869 552 1012 605 credo,
1049 552 1315 606 dignitatem.
1384 551 1444 593 At
1480 551 1549 594 hic

215 626 279 653 me
311 610 562 653 defendente
595 611 850 665 quinquiens
883 610 1105 652 absolutus
1139 613 1223 665 est3
1257 613 1378 652 sexta
1407 610 1551 665 palma

212 670 375 711 urbana
413 670 544 712 etiam
581 669 626 711 in
664 669 900 725 gladiatore
935 668 1133 710 difficilis.
1197 667 1280 711 Sed
1310 668 1415 710 haec
1446 668 1548 710 iudi-

212 743 308 770 cum
347 729 489 783 culpa,
525 743 612 770 non
649 743 743 769 mea
780 731 855 769 est.
917 727 1012 783 Ego
1051 727 1219 769 defendi
1256 727 1337 769 fide
1375 727 1549 782 optima,
1572 739 1604 764 ιο

211 787 274 828 1111
313 787 551 829 debuerunt
588 787 873 829 clarissimum
909 789 952 828 et
983 786 1401 841 praestantissimum
1433 800 1549 828 sena-

212 849 350 888 torem
377 846 420 887 in
448 846 622 888 civitate
649 846 844 887 retinere.
888 845 971 894 Qui
996 848 1140 887 tamen
1165 860 1276 887 nunc
1301 845 1407 886 nihil
1435 844 1549 886 aliud

213 919 339 961 agere
369 905 555 958 videtur,
593 905 674 946 nisi
707 907 755 945 ut
786 904 1089 959 intellegamus
1122 904 1236 958 illos,
1270 918 1451 958 quorum
1482 917 1549 945 res

211 964 421 1006 iudicatas
454 964 605 1005 inritas
638 963 828 1017 fecimus,
859 963 965 1004 bene
998 966 1041 1004 et
1072 977 1093 1005 e
1126 977 1169 1005 re
1199 963 1370 1018 publica
1395 962 1550 1004 iudica·

158 1031 196 1061 12
212 1023 333 1064 visse.
387 1021 537 1077 Neque
569 1022 651 1064 hoc
683 1022 726 1063 in
758 1022 839 1063 hoc
870 1036 955 1064 uno
988 1025 1072 1076 est3
1104 1024 1204 1063 sunt
1235 1021 1308 1062 alii
1339 1021 1384 1063 in
1414 1021 1548 1063 isdem
1571 1031 1602 1057 1⁵

212 1082 364 1123 castris
401 1080 579 1123 honeste
619 1080 907 1133 condemnati,
946 1081 1129 1135 turpiter
1161 1080 1363 1122 restituti.
1426 1079 1548 1130 Quod

209 1140 363 1182 horum
395 1140 632 1193 consilium,
665 1140 737 1194 qui
770 1139 967 1181 omnibus
999 1139 1123 1181 bonis
1149 1139 1297 1181 hostes
1323 1140 1434 1193 sunt,
1465 1138 1548 1180 nisi

210 1199 552 1241 crudelissimum
577 1199 741 1253 putatis
768 1198 888 1240 fore?
930 1198 1109 1240 Accedit
1136 1197 1246 1240 Saxa
1271 1197 1414 1239 nescio
1442 1197 1548 1252 quis,

211 1272 336 1312 quem
367 1257 492 1299 nobis
526 1256 684 1299 Caesar
715 1271 765 1298 ex
798 1257 951 1298 ultima
977 1255 1208 1299 Celtiberia
1239 1256 1461 1297 tribunum
1490 1255 1546 1310 pl.

209 1316 337 1370 dedit,
363 1318 602 1357 castrorum
629 1318 755 1357 antea
781 1318 978 1369 metator,
1004 1330 1128 1368 nunc,
1152 1318 1202 1356 ut
1227 1317 1383 1369 sperat,
1408 1313 1546 1368 urbis3
1567 1325 1601 1350 2⁰

210 1389 235 1415 a
260 1389 343 1429 qua
369 1389 464 1416 cum
492 1374 549 1415 sit
575 1374 750 1426 alienus,
777 1388 853 1415 suo
876 1373 1006 1428 capiti
1027 1373 1156 1415 salvis
1175 1373 1300 1414 nobis
1322 1371 1547 1414 ominetur.

209 1431 317 1476 Cum
349 1432 430 1475 hoc
459 1435 684 1474 veteranus
712 1431 829 1486 Cafo,
863 1446 945 1486 quo
972 1432 1186 1473 neminem
1212 1431 1401 1473 veterani
1427 1431 1547 1486 peius

210 1491 401 1534 oderunt.
457 1490 538 1533 His
571 1491 691 1545 quasi
724 1493 894 1545 praeter
926 1490 1082 1544 dotem,
1115 1505 1241 1545 quam
1274 1491 1317 1531 in
1351 1489 1547 1532 civilibus

209 1550 332 1592 malis
364 1552 632 1604 acceperant,
667 1563 819 1605 agrum
851 1548 1116 1603 Campanum
1153 1552 1219 1591 est
1248 1548 1432 1604 largitus
1464 1548 1548 1590 An—

208 1609 364 1663 tonius,
396 1612 444 1650 ut
473 1608 682 1650 haberent
713 1608 974 1662 reliquorum
999 1608 1235 1649 nutriculas
1266 1607 1544 1662 praediorum.
1566 1617 1600 1644 2⁸

210 1667 374 1717 Quibus
406 1667 571 1709 utinam
603 1666 794 1709 contenti
827 1668 984 1708 essent!
1023 1666 1248 1720 ferremus,
1284 1666 1365 1708 etsi
1397 1665 1546 1708 tolera—

208 1726 293 1768 bile
336 1741 422 1768 non
467 1729 577 1780 erat3
620 1726 692 1767 sed
737 1725 904 1780 quidvis
948 1725 1196 1780 patiendum
1238 1700 1338 1778 i'uit,
1381 1728 1430 1766 ut
1465 1724 1546 1766 hoc

174 1785 504 1850 3taeterrimum
558 1785 719 1826 bellum
773 1798 859 1826 non
913 1783 1178 1825 haberemus.
1270 1783 1415 1833 Quid?
1470 1782 1546 1824 illa

174 1820 448 1886 3castrorum
486 1843 542 1884 Μ.
576 1843 737 1885 Antoni
777 1842 940 1884 lumina
970 1857 1109 1884 nonne
1141 1846 1238 1884 ante
1272 1841 1417 1884 oculos
1449 1855 1542 1896 pro-

208 1903 398 1957 ponitis?
457 1902 649 1943 Primum
687 1902 793 1943 duos
832 1901 1018 1956 collegas
1056 1901 1346 1943 Antoniorum
1384 1903 1427 1942 et
1458 1898 1541 1941 Do·
1565 1910 1597 1936 ³0

209 1961 400 2015 labellae,
432 1959 645 2002 Nuculam
678 1964 720 2002 et
746 1959 995 2013 Lentonem,
1027 1959 1178 2001 Italiae
1211 1959 1418 2001 divisores
1449 1958 1543 2014 lege

209 2035 274 2074 ea,
317 2034 444 2074 quam
484 2022 657 2061 senatus
696 2033 770 2073 per
807 2018 894 2060 vim
932 2019 1064 2060 latam
1102 2018 1323 2072 iudicavit3
1361 2031 1540 2072 quorum

209 2079 318 2120 alter
353 2081 666 2120 commentatus
699 2079 764 2118 est
796 2076 968 2130 mimos,
1006 2077 1114 2118 alter
1128 2077 1236 2133 egit
1267 2075 1542 2132 tragoediam.

210 2136 319 2186 Quid
351 2137 488 2179 dicam
514 2136 564 2178 de
591 2136 731 2191 Apulo
758 2134 983 2177 Domitio?
1015 2136 1134 2177 cuius
1162 2135 1287 2177 modo
1314 2135 1426 2177 bona
1449 2147 1543 2189 pro-

209 2196 370 2250 scripta
401 2195 497 2237 vidi.
547 2194 686 2236 Tanta
711 2197 1038 2249 procuratorum
1063 2197 1129 2236 est
1152 2192 1434 2250 neglegentia
1483 2192 1543 2232 At
1563 2202 1596 2229 ω

208 2253 276 2295 1110
319 2268 454 2308 nuper
497 2254 657 2296 sororis
702 2252 791 2295 filio
833 2252 989 2294 infudit
1026 2267 1250 2306 venenum,
1293 2265 1378 2293 non
1415 2249 1541 2291 dedit.

210 2310 291 2352 Sed
324 2327 408 2353 non
440 2315 622 2367 possunt
652 2326 737 2354 non
768 2311 945 2366 prodige
978 2311 1129 2365 vivere,
1161 2311 1232 2365 qui
1259 2311 1407 2351 nostra
1430 2308 1543 2350 bona
