1671 2543
228 88 316 131 524
395 88 446 123 IN
473 88 520 124 M.
548 87 806 123 ANTONIUM
833 87 1010 123 ORATIO
1036 87 1305 123 PHILIPPICA
1330 87 1408 124 XII.

197 199 308 239 5aut
345 197 615 239 concedenda
650 210 737 237 11113
774 210 870 237 011111
902 195 1113 251 dignitate
1145 195 1335 236 libertas.
1397 194 1459 237 At
1488 210 1572 238 non

231 259 298 298 est
328 256 568 311 integrum3
600 254 837 296 constituta
862 253 1022 310 legatio
1050 256 1126 295 est.
1182 251 1293 300 Quid
1319 256 1464 296 autem
1488 269 1576 296 non

230 315 449 369 integrum
481 318 546 355 est
573 313 770 368 sapienti,
802 313 916 367 quod
942 312 1114 354 restitui
1139 312 1314 366 potest?
1376 311 1575 355 Cuiusvis

230 372 418 415 hominis
457 376 524 414 est
563 386 723 426 errare,
759 371 921 413 nullius
958 372 1043 413 nisi
1080 371 1324 425 insipientis
1356 371 1402 413 in
1433 385 1575 414 errore

231 446 514 486 perseverare.
576 430 845 472 Posteriores
878 430 992 472 enim
1024 430 1328 485 cogitationes,
1359 433 1409 471 ut
1440 430 1574 484 aiunt,
1611 448 1628 474 5

232 490 515 545 sapientiores
542 490 684 531 solent
710 504 815 531 esse.
858 488 1067 531 Discussa
1087 492 1153 530 est
1172 489 1248 530 illa
1267 489 1420 544 caligo,
1447 503 1577 544 quam

230 550 359 604 paulo
393 552 493 590 ante
525 548 631 603 dixi3
663 548 829 602 diluxit,
860 551 994 602 patet,
1025 547 1218 589 videmus
1251 548 1407 602 onmia,
1437 562 1576 602 neque

231 623 308 662 per
334 622 414 649 nos
441 608 593 661 solum,
625 607 699 648 sed
725 607 1004 648 admonemur
1029 621 1054 648 a
1078 607 1251 648 nostris.
1301 605 1577 661 Attendistis,

232 667 360 721 paulo
411 669 510 708 ante
540 665 925 721 'praestantissimi
976 665 1058 707 viri
1105 680 1212 720 quae
1264 668 1379 707 esset
1423 665 1577 707 oratio.

233 725 489 779 ²Maestam’,
519 724 679 779 inquit,
711 724 903 767 ‘domum
935 723 1102 777 offendi,
1135 724 1372 780 coniugem,
1402 724 1575 766 liberos.
1598 741 1632 767 ιο

231 784 574 825 Admirabantur
611 784 714 825 boni
745 784 844 838 viri,
883 783 1143 825 accusabant
1175 783 1319 837 amici,
1357 783 1470 837 quod
1502 797 1577 838 spe

231 843 350 897 pacis
376 843 639 898 legationem
666 841 976 897 suscepissem?
1027 841 1117 883 Nec
1143 842 1313 896 mirum,
1337 841 1384 883 P.
1412 840 1578 884 Servili.

231 902 335 943 Tuis
368 902 483 943 enim
515 901 798 943 severissimis
830 901 1183 957 gravissimisque
1209 900 1435 942 sententiis
1462 901 1579 942 omni

233 964 299 1002 est
329 975 416 1002 non
447 960 541 1002 dico
574 960 798 1016 dignitate,
830 960 903 1002 sed
930 960 1062 1002 etiam
1087 974 1161 1014 spe
1188 960 1339 1001 salutis
1367 959 1578 1014 spoliatus

198 1031 217 1061 6
233 1019 463 1062 Antonius.
513 1019 581 1060 Ad
607 1034 703 1061 eum
729 1020 791 1061 ire
818 1022 861 1061 te
881 1019 1078 1075 ⁴legatum
1098 1019 1193 1072 quis
1212 1033 1300 1060 11011
1318 1018 1578 1060 miraretur?
1600 1035 1633 1061 15

234 1078 298 1120 De
318 1093 386 1120 me
407 1078 614 1133 experior,
641 1078 761 1120 cuius
781 1078 895 1119 idem
916 1078 1143 1120 consilium
1163 1077 1275 1132 quod
1295 1080 1418 1119 tuum
1439 1077 1577 1119 sentio

233 1153 364 1192 quam
389 1137 739 1192 reprehendatur.
789 1136 881 1178 Nos
908 1137 1259 1191 reprehendimur
1284 1136 1394 1178 soli?
1439 1135 1579 1185 Quid?

234 1197 299 1238 vir
336 1196 601 1238 fortissimus
633 1196 773 1237 Pansa
811 1197 902 1237 sine
941 1210 1070 1237 causa
1100 1195 1229 1249 paulo
1262 1198 1361 1236 ante
1392 1197 1483 1236 tam
1514 1209 1579 1236 ac-

234 1258 381 1297 curate
413 1255 584 1297 locutus
611 1258 677 1297 est
702 1255 896 1296 tamdiu?
958 1253 1068 1303 Quid
1094 1254 1194 1309 egit,
1225 1254 1310 1295 nisi
1335 1253 1400 1295 uti
1425 1253 1579 1294 falsam
1670 1303 1671 1306 Ἴ

234 1313 492 1368 proditionis
525 1328 550 1354 a
581 1327 625 1354 se
659 1314 947 1367 suspicionem
977 1313 1236 1366 depelleret?
1287 1311 1408 1354 Unde
1435 1315 1579 1354 autem
1598 1329 1634 1355 20
1670 1334 1671 1337 ¹

235 1372 322 1414 ista
347 1372 535 1426 suspicio
562 1371 657 1413 est?
706 1372 773 1413 Ex
797 1371 916 1426 pacis
935 1371 1176 1425 patrocinio
1203 1370 1440 1425 repentino,
1466 1371 1579 1425 quod

237 1431 381 1473 subito
415 1430 606 1484 suscepit
639 1430 787 1472 eodem
820 1433 971 1484 captus
1003 1443 1146 1470 errore
1179 1443 1263 1483 quo
1294 1443 1385 1471 nos.

324 1488 486 1538 Quodsi
524 1492 590 1530 est
627 1492 834 1543 erratum,
878 1491 1023 1543 patres
1063 1487 1314 1542 conscripti,
1358 1502 1432 1542 spe
1472 1487 1582 1530 falsa

201 1529 367 1603 ⁷atque
400 1548 556 1601 fallaci,
588 1547 810 1589 redeamus
843 1548 887 1588 in
918 1547 1043 1588 viam.
1106 1546 1309 1612 Optimus
1336 1549 1403 1588 est
1426 1550 1580 1601 portus

195 1607 475 1662 3paenitenti
514 1582 701 1648 niutatio
747 1606 926 1648 consilii.
995 1604 1106 1654 Quid
1149 1605 1263 1646 enim
1299 1607 1462 1660 potest,
1504 1619 1635 1660 per2⁵

236 1667 337 1708 deos
369 1665 640 1707 inmortales!
673 1665 734 1707 rei
762 1665 958 1720 publicae
984 1664 1188 1719 prodesse
1212 1667 1364 1705 nostra
1388 1664 1581 1720 legatio?

237 1725 446 1767 Prodesse
474 1724 588 1779 dico;
615 1724 728 1778 quid,
755 1724 790 1766 si
817 1724 949 1765 etiam
977 1723 1181 1765 obfutura
1206 1723 1302 1764 est?
1347 1722 1582 1777 Obfutura3

237 1784 351 1839 quid,
384 1784 420 1825 si
452 1784 539 1825 iam
569 1784 718 1825 nocuit
748 1786 877 1837 atque
905 1782 1074 1824 obfuit?
1129 1780 1200 1823 An
1225 1795 1301 1822 vos
1328 1781 1582 1824 acerrimam

235 1843 358 1884 illam
390 1846 433 1883 et
463 1842 749 1884 fortissimam
780 1841 929 1896 populi
955 1840 1140 1882 Romani
1168 1840 1385 1882 libertatis
1411 1854 1583 1895 recupe·

236 1902 392 1943 randae
407 1901 690 1956 cupiditatem
703 1915 789 1942 11011
803 1900 1061 1942 inminutam
1075 1913 1124 1940 ac
1135 1899 1407 1940 debilitatam
1417 1899 1582 1954 putatis
1601 1916 1637 1942 so

236 1961 452 2016 legatione
472 1960 592 2014 pacis
613 1959 789 2001 audita?
827 1957 966 2007 Quid?
987 1958 1221 2012 municipia
1235 1958 1430 2011 censetis,
1449 1957 1582 2012 quid?

237 2020 442 2072 colonias,
469 2018 599 2072 quid?
627 2021 826 2060 cunctam
851 2017 1026 2058 Italiam
1044 2016 1237 2058 futuram
1257 2017 1406 2058 eodem
1426 2016 1582 2070 studio,

165 1467 233 1523 (3)

237 2093 322 2132 quo
362 2080 513 2119 contra
551 2091 775 2118 commune
813 2076 1057 2118 incendium
1088 2075 1334 2126 exarserat?
1394 2074 1465 2116 An
1494 2089 1583 2116 non

236 2139 439 2191 putamus
470 2136 563 2178 fore
596 2139 645 2177 ut
677 2150 749 2177 eos
781 2135 1000 2189 paeniteat
1030 2133 1248 2189 professos
1281 2147 1373 2175 esse
1405 2136 1450 2175 et
1478 2147 1580 2187 prae

237 2210 282 2237 se
321 2195 474 2237 tulisse
510 2195 656 2236 odium
688 2194 733 2235 in
763 2194 1021 2247 Antonium,
1059 2193 1132 2248 qui
1163 2193 1366 2258 pecunias
1396 2191 1582 2245 polliciti
1600 2207 1635 2234 8⁵

238 2257 357 2307 sunt,
391 2254 465 2308 qui
497 2268 634 2307 arma,
666 2252 740 2307 qui
772 2267 816 2294 se
848 2255 966 2294 totos
999 2255 1042 2293 et
1073 2252 1228 2293 animis
1255 2254 1299 2292 et
1329 2249 1581 2304 corporibus

237 2312 282 2352 in
309 2313 493 2353 salutem
519 2313 580 2353 rei
606 2312 803 2367 publicae
824 2310 1129 2353 contulerunt?
1179 2308 1315 2358 Quem
1334 2307 1386 2349 ad
1406 2308 1584 2350 modum
