1671 2543
565 468 625 517 M.
664 467 854 515 TULLI
889 465 1218 515 CICERONIS

216 602 291 657 IN
339 602 407 656 M.
454 600 821 674 ANTONIUM
864 599 1115 655 ORATIO
1159 597 1560 654 PHILIPPICA

741 705 1026 761 DECIMA.

695 927 1080 966 ARGUMENTUM.

311 1041 361 1077 M.
386 1040 492 1076 Iunio
518 1041 633 1076 Bruto
659 1040 753 1075 actis
779 1040 817 1077 C.
844 1038 1010 1074 Caesaris
1036 1037 1258 1073 Macedonia
1281 1038 1487 1084 provincia,
1519 1037 1558 1074 C.

219 1089 346 1125 Cassio
369 1088 475 1133 Syria
500 1087 540 1123 in
565 1098 702 1122 annum
727 1099 761 1132 p.
789 1099 824 1122 u.
851 1097 880 1122 c.
903 1091 969 1122 711
997 1086 1088 1120 data
1106 1087 1196 1128 erat,
1223 1085 1288 1120 sed
1307 1086 1355 1122 M.
1375 1085 1559 1120 Antonius

219 1136 349 1172 consul
381 1148 464 1171 cum
488 1135 528 1171 P.
553 1134 752 1170 Dolabella
783 1133 1006 1179 perfecerat,
1039 1135 1082 1168 ut
1106 1133 1241 1167 Brutus
1274 1134 1312 1168 et
1337 1131 1486 1168 Cassius
1511 1132 1559 1167 iis

217 1183 417 1228 provinciis
443 1193 510 1227 per
536 1183 687 1217 senatus
713 1181 923 1217 consultum
948 1180 1241 1223 excluderentur,
1265 1179 1304 1215 P.
1336 1190 1423 1215 vero
1447 1179 1558 1214 Dola-

218 1230 340 1265 bellae
367 1230 474 1275 Syria
498 1228 693 1274 provincia
718 1225 800 1263 cum
824 1228 979 1273 imperio
1006 1229 1135 1262 contra
1159 1227 1314 1262 Parthos
1341 1227 1559 1262 attribuere-

217 1278 279 1312 tur
312 1288 334 1311 a
358 1277 514 1322 populo,
547 1276 619 1310 sibi
644 1287 667 1310 a
692 1277 824 1310 senatu
848 1274 1106 1310 Macedoniam
1130 1273 1362 1319 provinciam
1386 1274 1559 1318 impetra-

218 1326 325 1359 verat
358 1325 469 1367 atque
494 1324 551 1357 ita
575 1334 659 1357 cum
684 1322 723 1358 P.
750 1322 948 1357 Dolabella
973 1321 1069 1356 clam
1093 1323 1345 1365 transegerat,
1377 1321 1420 1355 ut
1442 1319 1559 1354 maxi-

216 1383 317 1406 mam
360 1373 506 1415 partem
551 1369 665 1404 etiam
709 1369 787 1403 eius
826 1368 1007 1403 exercitus
1045 1368 1246 1413 acciperet,
1302 1377 1411 1411 quem
1450 1366 1558 1402 Dola-

218 1417 320 1453 bella
345 1419 473 1452 contra
491 1416 647 1451 Parthos
674 1427 695 1450 a
720 1415 858 1460 populo
885 1417 1088 1459 acceperat.
1131 1414 1199 1448 His
1224 1414 1335 1449 rebus
1359 1414 1559 1449 transactis

218 1475 284 1510 per
314 1464 491 1509 populum
523 1463 627 1505 tulit.
660 1465 702 1497 ut
732 1462 805 1496 sibi
830 1462 872 1497 D.
899 1462 1034 1496 Brutus
1061 1461 1221 1496 Galliam
1246 1461 1466 1506 cisalpinam
1490 1472 1558 1506 pro

218 1510 442 1546 Macedonia
467 1510 695 1552 concederet,
722 1509 800 1554 ipse
827 1511 953 1544 autem
977 1509 1175 1554 imperinm
1200 1508 1239 1542 in
1257 1508 1478 1543 Macedonia
1503 1519 1559 1543 re—

216 1559 364 1594 tineret.
415 1557 506 1592 Cum
539 1559 664 1592 autem
690 1556 732 1592 D.
759 1556 894 1590 Brutus
921 1555 1045 1591 Gallia
1077 1555 1260 1600 cisalpina
1290 1566 1365 1590 non
1397 1555 1557 1599 cederet,

215 1605 266 1642 M.
293 1604 478 1640 Antonius
504 1604 544 1639 in
570 1606 701 1639 senatu
726 1603 892 1648 perfecit,
918 1605 960 1637 ut
985 1602 1020 1638 C.
1049 1602 1230 1638 Antonius
1255 1604 1417 1648 praetor,
1443 1602 1560 1638 frater

217 1653 314 1697 eius,
339 1652 599 1687 Macedoniam
622 1651 854 1697 provinciam
881 1650 1082 1695 acciperet,
1110 1650 1174 1694 qui
1201 1649 1240 1692 Q.
1268 1650 1465 1684 Hortensio
1490 1661 1558 1695 pro

216 1701 388 1745 praetore
427 1699 651 1734 succederet.
713 1698 860 1732 Interea
897 1697 944 1733 M.
984 1698 1118 1732 Brutus
1158 1698 1196 1731 et
1231 1696 1268 1732 C.
1307 1695 1471 1740 Cassius,
1516 1699 1560 1731 ut

218 1747 339 1782 Roma
363 1746 554 1789 abessent,
581 1745 728 1781 Cretam
755 1747 793 1779 et
817 1744 976 1789 Cyrenas
1000 1744 1105 1778 missi
1131 1745 1237 1779 erant
1261 1744 1308 1778 ad
1333 1743 1558 1778 frumentum

220 1794 472 1830 coemendum.
533 1793 594 1827 Illi
630 1792 787 1838 profecti
826 1794 920 1836 sunt,
960 1791 1026 1826 sed
1062 1803 1137 1826 non
1168 1791 1207 1825 id
1237 1790 1420 1835 fecerunt,
1458 1790 1558 1835 quod

220 1841 390 1877 voluerat
414 1841 462 1876 M.
489 1840 689 1884 Antonius,
722 1850 848 1874 verum
874 1838 911 1874 C.
939 1839 1085 1874 Cassius
1118 1838 1155 1872 in
1181 1837 1308 1872 Asiam
1339 1837 1489 1872 traiecit
1519 1839 1559 1872 et

221 1889 365 1933 Syriam
386 1887 594 1932 occupavit,
621 1887 670 1922 M.
690 1886 825 1921 Brutus
846 1885 1050 1928 Graeciam,
1076 1884 1343 1928 Macedoniam,
1369 1883 1558 1929 Illyricum

221 1935 418 1981 occupavit
448 1934 722 1978 exercitumque
753 1933 954 1967 maximum
987 1932 1060 1967 sibi
1090 1942 1304 1976 comparare
1329 1931 1472 1966 studuit
1494 1942 1558 1977 pe·

221 1982 423 2027 cuniasque
449 1981 631 2027 publicas,
658 1984 698 2015 ut
718 1991 802 2015 suas
824 1991 910 2025 opes
932 1980 1095 2025 augeret,
1122 1979 1296 2023 adripuit.
1343 1980 1400 2013 Ita
1417 1978 1558 2013 factum

221 2032 294 2071 est,
327 2031 369 2064 ut
394 2030 431 2064 C.
458 2028 678 2071 Antonium,
711 2027 776 2071 qui
808 2027 973 2062 obtinere
999 2026 1104 2060 illam
1128 2025 1358 2071 provinciam
1382 2025 1558 2068 debebat,

221 2076 460 2122 Apolloniam
493 2087 531 2110 se
563 2075 728 2110 conferre
760 2076 911 2119 cogeret
935 2084 1092 2117 eumque
1117 2073 1155 2108 in
1181 2083 1227 2108 ea
1250 2073 1339 2107 urbe
1366 2072 1557 2107 obsessum

221 2125 375 2159 teneret.
425 2122 492 2158 His
524 2123 569 2157 de
601 2123 710 2156 rebus
740 2121 857 2166 gestis
888 2121 935 2156 M.
963 2121 1097 2155 Brutus
1122 2120 1276 2154 'litteras
1308 2119 1356 2154 ad
1387 2121 1558 2153 senatum

221 2170 340 2214 m1sit‚
373 2170 507 2215 quibus
533 2168 670 2203 adlatis
697 2167 733 2204 C.
761 2168 882 2202 Pansa
907 2169 1077 2203 senatum
1103 2166 1335 2209 convocavit,
1361 2167 1403 2200 ut
1427 2165 1472 2200 de
1497 2165 1557 2199 his

221 2218 267 2252 M.
306 2217 413 2251 Bruti
450 2216 586 2251 litteris
621 2216 784 2251 referret.
848 2214 974 2249 Suasit
1006 2215 1121 2259 igitur
1158 2213 1321 2256 senatui,
1365 2214 1423 2255 ut,
1461 2223 1556 2256 quae

222 2263 374 2298 fecisset
397 2264 445 2298 M.
473 2264 627 2307 Brutus,
659 2262 797 2297 iudicio
830 2273 895 2297 suo
927 2261 1186 2306 comprobaret
1219 2262 1273 2304 et,
1306 2270 1397 2303 quas
1429 2258 1557 2304 copias

223 2310 295 2345 sibi
328 2311 405 2355 ipse
437 2312 624 2355 parasset,
657 2310 691 2344 ei
724 2310 948 2344 auctorit-ate
981 2320 1047 2343 sua
1072 2307 1314 2343 confirmaret.
1366 2305 1406 2347 Q.
1433 2305 1556 2341 Funus
