1671 2543
216 114 303 155 500
401 115 450 150 IN
477 115 524 150 M.
551 113 809 149 ANTONIUM
834 113 1011 149 ORATIO
1038 113 1304 149 PHILIPPmA
1331 115 1372 148 x.

216 220 263 263 P.
295 225 438 264 autem
464 221 679 275 Vatinius,
711 222 784 276 qui
815 224 859 263 et
891 224 1015 262 antea
1043 221 1132 262 iure
1158 220 1355 263 laudatus
1381 236 1406 263 a
1431 222 1553 263 vobis

218 283 262 322 et
287 280 368 322 hoc
393 284 584 335 tempore
612 280 767 322 merito
793 280 1028 321 laudandus
1049 282 1126 333 est,
1156 280 1323 334 aperuit
1342 279 1554 334 Dyrrachi

161 340 204 371 14
218 342 365 393 portas
397 339 533 381 Bruto
566 342 610 381 et
641 339 876 381 exercitum
906 338 1095 380 tradidit.
1155 337 1290 380 Tenet
1320 339 1456 394 igitur
1485 353 1553 380 res

218 398 389 452 publica
414 397 720 452 Macedoniam,
746 400 864 439 tenet
886 397 1119 452 Illyricum,
1145 400 1292 438 tuetur
1312 396 1553 452 Graeciam3

217 459 389 498 nostrae
428 459 529 498 sunt
565 457 773 512 legiones,
809 459 959 498 nostra
994 456 1100 497 levis
1134 459 1368 511 armatura,
1404 459 1553 498 noster
1589 467 1604 491 ⁵

218 515 452 569 equitatus,
496 515 763 569 maximeque
806 518 954 556 noster
997 517 1062 556 est
1099 514 1259 556 Brutus
1303 529 1553 570 semperque

218 577 366 615 noster
409 588 505 616 cum
548 588 624 616 sua
668 574 1026 616 excellentissima
1062 573 1222 614 virtute
1258 573 1320 615 rei
1357 573 1553 628 publicae

219 635 362 686 natus,
400 635 492 674 tum
532 631 620 675 fato
661 633 845 687 quodam
882 633 1050 687 paterni
1087 631 1352 686 maternique
1385 632 1553 688 generis

179 690 202 730 7
220 694 263 732 et
304 691 502 732 nominis.
575 690 643 732 Ab
686 691 768 733 hoc
810 691 945 746 igitur
987 691 1077 732 viro
1123 691 1349 745 quisquam
1392 691 1554 732 bellum

220 749 362 803 timet,
406 749 497 804 qui,
541 752 772 804 antequam
813 764 892 791 nos
929 749 972 791 id
1009 749 1147 791 coacti
1185 750 1466 804 suscepimus,
1508 749 1606 791 inm

218 822 321 862 pace
353 808 490 850 iacere
522 823 650 863 quam
676 808 720 850 in
745 808 858 850 bello
884 808 1028 864 vigere
1054 808 1236 849 maluit?
1287 808 1555 863 Quamquam

218 867 291 908 ille
319 867 489 921 quidem
512 882 747 922 numquam
773 867 916 919 iacuit,
941 882 1075 922 neque
1100 867 1182 909 hoc
1209 867 1356 909 cadere
1376 867 1555 908 verbum

219 925 265 967 in
295 928 461 967 tantam
493 926 667 968 virtutis
698 926 1007 980 praestantiam
1034 928 1190 981 potest.
1238 925 1348 967 Erat
1372 926 1486 968 enim
1511 927 1556 967 in

219 984 428 1026 desiderio
452 985 652 1039 civitatis,
678 985 722 1026 in
748 999 831 1039 ore,
857 985 902 1026 in
927 999 1120 1026 sermone
1148 985 1354 1039 omnium,
1385 987 1555 1026 tantum

220 1046 365 1084 autem
384 1043 533 1085 aberat
553 1058 577 1085 a
596 1043 722 1097 bello,
744 1046 804 1097 ut,
825 1049 920 1085 cum
940 1043 1172 1098 cupiditate
1192 1043 1408 1085 libertatis
1427 1042 1556 1085 Italia
1575 1059 1607 1083 15

220 1102 406 1156 arderet,
450 1102 632 1144 defuerit
669 1102 825 1144 civium
863 1102 1016 1144 studiis
1053 1102 1198 1156 potius
1237 1116 1365 1156 quam
1402 1116 1474 1144 eos
1511 1102 1557 1143 in

221 1175 437 1202 armorum
468 1161 698 1203 discrimen
729 1161 965 1203 adduceret.
1016 1160 1167 1215 Itaque
1198 1160 1262 1202 illi
1293 1160 1389 1215 ipsi,
1421 1161 1458 1202 si
1483 1160 1556 1215 qui

222 1222 339 1273 sunt,
371 1219 444 1273 qui
475 1219 732 1261 tarditatem
757 1219 882 1261 Bruti
913 1219 1237 1274 reprehendant,
1268 1221 1413 1261 tamen
1443 1219 1556 1260 idem

222 1278 560 1319 moderationem
591 1278 928 1333 patientiamque
961 1278 1183 1319 mirantur.

153 1321 217 1413 (175)
312 1334 394 1377 Sed
426 1337 511 1377 iam
543 1336 677 1390 video,
710 1351 816 1391 quae
842 1337 1091 1391 loquantur;
1121 1350 1257 1390 neque
1283 1336 1396 1378 enim
1421 1335 1464 1376 id
1491 1349 1556 1377 oc·
1576 1353 1607 1378 ze

166 1382 337 1436 lf’culte
380 1393 555 1436 faciunt.
623 1395 791 1436 Timere
835 1409 878 1436 se
923 1395 1086 1448 dicunt,
1131 1409 1214 1448 quo
1253 1394 1377 1435 modo
1415 1393 1556 1435 ferant

223 1453 414 1495 veterani
446 1453 678 1495 exercitum
704 1453 888 1494 Brutum
919 1453 1088 1494 habere.
1150 1451 1280 1501 Quasi
1311 1467 1410 1494 vero
1443 1453 1556 1507 quic-

224 1526 353 1566 quam
384 1511 556 1553 intersit
588 1512 700 1553 inter
732 1512 781 1553 A.
814 1511 942 1559 Hirti,
975 1510 1019 1554 C.
1056 1511 1232 1565 Pansae,
1264 1510 1314 1552 D.
1341 1510 1478 1565 Bruti,
1511 1510 1556 1554 G.

224 1569 419 1612 Caesaris
440 1573 483 1612 et
501 1571 614 1612 hunc
635 1571 867 1612 exercitum
887 1569 943 1611 M.
963 1570 1100 1611 Bruti.
1144 1569 1268 1623 Nam,
1295 1569 1330 1610 si
1352 1546 1557 1624 quattuor

225 1629 435 1671 exercitus
461 1629 503 1683 ii,
535 1629 585 1670 de
612 1629 765 1684 quibus
792 1629 889 1670 dixi
920 1632 1148 1683 propterea
1172 1604 1412 1683 laudantur,
1444 1628 1558 1683 quod
1577 1646 1611 1671 25

223 1702 301 1742 pro
333 1687 483 1742 populi
508 1687 691 1729 Romani
725 1688 924 1729 libertate
955 1702 1073 1728 arma
1106 1690 1320 1741 ceperunt,
1352 1663 1453 1741 qu’id
1479 1689 1557 1741 est,

225 1761 300 1788 cur
330 1746 401 1788 hic
426 1745 482 1787 M.
508 1746 634 1787 Bruti
666 1747 875 1788 exercitus
907 1761 992 1788 non
1023 1746 1068 1787 in
1093 1747 1240 1787 eadem
1272 1760 1399 1787 causa
1429 1760 1557 1800 pona-

224 1805 325 1846 tur?
395 1804 455 1846 At
498 1805 611 1847 enim
651 1806 862 1846 veteranis
907 1807 1152 1858 suspectum
1194 1818 1349 1845 nomen
1391 1807 1458 1846 est
1500 1803 1556 1845 M.

224 1863 362 1905 Bruti.
422 1862 616 1919 Magisne
655 1878 784 1917 quam
820 1862 1015 1905 Decimi?
1079 1863 1288 1917 Equidem
1324 1877 1410 1904 non
1448 1863 1556 1904 arbi-

225 1925 328 1964 tror.
389 1922 487 1963 Etsi
525 1925 591 1963 est
628 1923 741 1963 enim
778 1921 1013 1963 Brutorum
1051 1935 1273 1963 commune
1310 1920 1471 1962 factum
1512 1924 1557 1963 et
1575 1939 1609 1963 so

224 1981 362 2022 laudis
390 1980 570 2022 societas
597 1995 743 2034 aequa,
776 1979 950 2022 Decimo
978 1984 1120 2021 tamen
1146 1994 1187 2021 eo
1212 1980 1408 2021 iratiores
1435 1983 1557 2021 erant

224 2040 266 2093 ii,
293 2039 366 2093 qui
390 2039 433 2080 id
459 2038 621 2080 factum
646 2039 860 2092 dolebant,
892 2053 974 2092 quo
1002 2039 1141 2080 minus
1168 2038 1220 2079 ab
1247 2052 1296 2080 eo
1322 2052 1411 2079 rem
1437 2038 1556 2079 illam

225 2098 424 2139 dicebant
466 2097 558 2138 fieri
602 2097 810 2138 debuisse.
878 2097 988 2146 Quid
1032 2111 1133 2152 ergo
1172 2099 1306 2152 agunt
1340 2110 1452 2138 nunc
1489 2099 1556 2138 tot

225 2157 454 2210 exercitus,
503 2156 586 2196 nisi
636 2159 684 2196 ut
728 2155 949 2197 obsidione
993 2155 1152 2197 Brutus
1196 2154 1430 2196 liberetur?
1482 2155 1555 2208 qui

225 2217 368 2256 autem
399 2215 478 2256 hos
511 2214 721 2256 exercitus
746 2214 934 2255 ducunt?
989 2213 1038 2267 Ii,
1070 2214 1205 2267 credo,
1237 2213 1310 2268 qui
1336 2211 1381 2255 C.
1405 2211 1555 2254 Caesa·
1574 2230 1606 2255 ³⁵

172 2278 209 2338 'Q
227 2273 284 2313 ris
316 2276 412 2314 acta
443 2273 589 2326 everti,
621 2273 693 2326 qui
726 2287 897 2314 causam
923 2276 1221 2314 veteranorum
1246 2270 1368 2326 prodi
1394 2270 1554 2312 volunt.

169 2330 210 2396 ll}
228 2330 272 2371 Si
304 2331 395 2384 ipse
427 2331 588 2372 viveret
619 2330 664 2372 C.
697 2330 870 2384 Caesar,
900 2332 1056 2384 acrius,
1088 2331 1224 2383 credo,
1255 2331 1350 2370 acta
1381 2343 1458 2370 sua
1488 2329 1556 2371 de·
