1671 2543
199 97 285 138 218
554 94 647 129 PRO
674 94 746 129 CN.
773 93 976 130 PLANCIO
1003 95 1192 130 ORATIO.

198 204 252 246 ad
284 219 406 246 suam
438 217 559 258 spem
590 202 781 256 aliquam
812 203 862 244 de
895 203 1071 244 civitate
1103 203 1342 259 delegerit?
1374 204 1539 246 dubita-

198 263 268 316 tis,
305 263 408 317 quin
439 276 510 303 eas
543 261 694 314 tribus,
726 261 772 302 in
804 261 959 315 quibus
991 275 1171 317 magnas
1202 262 1539 304 necessitudines

196 322 330 363 habet
355 320 567 372 Plancius,
601 334 698 360 cum
724 319 796 360 ille
821 334 909 361 non
934 321 1125 374 ediderit,
1157 320 1358 362 iudicarit
1385 321 1539 363 officiis

198 381 251 421 ab
289 380 372 421 hoc
410 380 678 431 observatas,
715 393 803 419 non
839 378 1070 434 largitione
1110 379 1366 434 corruptas?
1429 379 1539 429 Quid

198 439 312 480 enim
337 440 482 492 potest
508 437 659 490 dicere,
686 450 760 477 cur
784 437 870 478 ista
890 438 1020 479 editio
1041 453 1129 479 non
1149 453 1361 479 summam
1379 438 1539 480 habeat
1576 457 1591 483 5

198 497 480 539 acerbitatem
512 497 679 536 remota
711 495 877 537 ratione
909 496 1002 550 illa,
1038 511 1167 551 quam
1198 497 1243 538 in
1275 497 1538 539 decernendo

139 570 184 600 40
199 556 335 597 secuti
373 554 548 596 sumus?
611 554 675 594 Tu
713 554 875 610 deligas
908 569 959 596 ex
991 556 1107 596 omni
1138 556 1298 610 populo
1331 558 1406 596 aut
1438 556 1539 597 ami-

199 629 271 656 cos
303 617 401 655 tuos
434 616 508 654 aut
540 612 738 653 inimicos
770 627 890 654 meos
923 616 996 654 aut
1022 614 1202 668 denique
1229 629 1314 668 eos,
1346 629 1453 668 quos
1479 615 1539 656 in-

199 672 446 725 exorabilis,
486 686 593 726 quos
630 671 906 726 inhumanos,
945 687 1052 726 quos
1085 667 1268 714 crudelis
1301 673 1540 727 existimes,

200 734 267 783 [tu
299 746 366 772 me
398 731 568 785 ignaro,
598 744 677 771 nec
709 730 930 784 opinante,
961 731 1096 773 inscio
1127 734 1252 773 notes
1290 734 1334 773 et
1365 734 1464 773 tuos
1496 735 1540 773 et
1562 752 1593 775 10

198 792 373 832 tuorum
417 789 654 830 amicorum
696 790 961 831 necessarios
1002 790 1068 831 vel
1106 790 1277 844 iniquos
1315 790 1382 831 vel
1420 805 1539 832 meos

198 849 264 890 vel
315 848 445 889 etiam
490 847 763 888 defensorum
805 863 998 889 meorum
1042 849 1275 903 eodemque
1319 848 1540 904 adiungas,

199 921 305 961 quos
349 910 505 947 natura
547 909 672 960 putes
711 921 888 960 asperos
926 910 1055 961 atque
1094 908 1292 948 omnibus
1332 907 1538 962 iniquos3]

198 966 348 1007 deinde
389 965 580 1006 effundas
619 969 812 1019 repente,
848 968 898 1006 ut
936 969 1034 1007 ante
1068 980 1316 1007 consessum
1348 981 1541 1008 meorum

198 1025 388 1066 iudicum
425 1024 610 1077 videam,
657 1038 785 1077 quam
823 1025 1057 1078 potuerim,
1101 1025 1174 1079 qui
1212 1027 1357 1066 essent
1393 1024 1540 1080 futuri,
1562 1044 1594 1069 15

200 1083 426 1137 suspicari,
465 1082 577 1136 apud
615 1096 771 1136 eosque
810 1098 877 1124 me
907 1098 961 1124 ne
994 1083 1179 1137 quinque
1213 1084 1385 1138 quidem
1414 1084 1542 1126 reiec-

199 1142 276 1196 tis,
308 1141 421 1196 quod
452 1141 498 1181 in
528 1141 724 1195 proximo
757 1156 830 1183 reo
863 1142 912 1183 de
946 1142 1114 1183 consilii
1139 1143 1355 1184 sententia
1386 1143 1542 1184 consti·

199 1204 344 1241 tutum
376 1202 453 1253 est,
486 1213 615 1254 cogas
649 1213 822 1240 causam
854 1200 904 1241 de
936 1200 1120 1242 fortunis
1148 1201 1347 1242 omnibus
1373 1201 1541 1243 dicere?

139 1273 182 1305 41
199 1258 300 1300 Non
345 1258 475 1311 enim,
520 1258 557 1299 si
601 1262 676 1298 aut
713 1258 913 1299 Plancius
954 1259 1017 1299 ita
1053 1259 1178 1313 vixit,
1222 1262 1270 1300 ut
1309 1259 1542 1301 offenderet

200 1318 338 1359 sciens
369 1316 596 1369 neminem,
629 1319 704 1357 aut
735 1319 784 1358 tu
815 1317 877 1358 ita
908 1317 1079 1371 errasti,
1118 1320 1167 1358 ut
1198 1332 1271 1359 eos
1303 1318 1448 1360 ederes
1480 1319 1541 1360 in-
1560 1337 1594 1362 20

198 1376 403 1430 prudens,
440 1377 489 1415 ut
525 1389 604 1416 nos
643 1375 779 1416 invito
818 1378 861 1417 te
893 1378 1037 1416 tamen
1070 1376 1121 1416 ad
1153 1376 1332 1430 iudices,
1368 1391 1457 1418 non
1488 1378 1542 1419 ad

201 1434 420 1475 carnifices
462 1434 722 1487 veniremus,
766 1433 924 1475 idcirco
963 1435 1049 1475 ista
1089 1434 1221 1475 editio
1259 1449 1336 1489 per
1374 1449 1418 1476 se
1455 1450 1543 1477 non

201 1493 354 1534 acerba
386 1494 464 1533 est.

133 1559 183 1599 17
320 1554 389 1591 An
419 1564 519 1591 vero
551 1565 687 1604 nuper
720 1550 947 1592 clarissimi
974 1551 1086 1593 cives
1111 1566 1269 1593 nomen
1295 1552 1457 1593 editicii
1482 1553 1542 1594 iu-

201 1609 306 1651 dicis
344 1623 430 1650 non
467 1609 678 1661 tulerunt,
717 1623 813 1650 cum
850 1624 901 1650 ex
939 1621 1062 1651 CXXV
1098 1610 1310 1652 iudicibus
1341 1611 1543 1666 principi·
1561 1629 1594 1655 25

199 1669 280 1709 bus
326 1668 537 1722 equestris
578 1667 738 1709 ordinis
778 1668 964 1722 quinque
1003 1671 1047 1710 et
1083 1680 1178 1710 LXX
1215 1683 1312 1710 reus
1351 1669 1541 1722 reiceret,

201 1738 228 1766 L
272 1725 423 1780 ferret,
468 1726 695 1780 omniaque
740 1727 886 1780 potius
931 1727 1292 1782 permiscuerunt,
1336 1742 1465 1782 quam
1503 1729 1542 1770 ei
1591 1759 1596 1764 -

200 1785 287 1840 legi
332 1785 657 1839 condicionique
700 1788 918 1840 parerent3
967 1801 1046 1827 nos
1089 1800 1226 1840 neque
1270 1801 1321 1828 ex
1365 1787 1542 1828 delectis

200 1843 431 1897 iudicibus,
469 1844 543 1884 sed
580 1858 631 1885 ex
669 1844 786 1885 omni
821 1845 997 1899 populo,
1035 1859 1173 1899 neque
1215 1845 1352 1886 editos
1391 1846 1445 1887 ad
1481 1859 1543 1887 re-

200 1902 432 1956 iciendum,
477 1902 551 1944 sed
594 1903 648 1943 ab
694 1906 942 1944 accusatore
982 1904 1244 1945 constitutos
1282 1904 1442 1945 iudices
1480 1904 1544 1945 ita
1563 1922 1596 1947 30

140 1974 185 2004 42
201 1960 404 2014 feremus,
447 1963 496 2001 ut
539 1961 754 2002 neminem
797 1962 1054 2003 reiciamus‘?
1122 1961 1272 2017 Neque
1314 1976 1393 2017 ego
1430 1977 1543 2004 nunc

200 2019 310 2074 legis
345 2019 622 2073 iniquitatem
654 2034 826 2074 queror,
865 2021 939 2062 sed
969 2020 1133 2062 factum
1164 2023 1288 2062 tuum
1320 2035 1346 2062 a
1377 2023 1544 2061 senten·

201 2077 263 2117 tia
293 2078 403 2132 legis
436 2078 566 2120 doceo
599 2078 859 2133 discrepare3
891 2082 934 2120 et
964 2079 1072 2120 illud
1103 2080 1306 2121 acerbum
1337 2079 1543 2119 iudicium

202 2135 250 2188 si,
283 2150 411 2189 quem
436 2136 490 2177 ad
515 2137 691 2178 modum
717 2140 891 2178 senatus
919 2138 1085 2179 censuit
1109 2138 1378 2192 populusque
1403 2137 1543 2191 iussit,

201 2193 264 2233 ita
300 2194 494 2248 fecisses,
536 2198 587 2236 ut
622 2195 722 2237 huic
760 2198 803 2236 et
842 2210 963 2237 suam
1001 2199 1044 2238 et
1081 2196 1135 2237 ab
1173 2196 1255 2237 hoc
1293 2195 1543 2237 observatas
1564 2212 1598 2238 35

202 2251 340 2292 tribus
380 2253 543 2306 ederes,
580 2268 667 2295 non
704 2254 830 2295 modo
867 2269 955 2296 non
987 2268 1203 2309 quererer,
1241 2253 1315 2294 sed
1345 2253 1459 2296 hunc
1490 2255 1545 2295 iis

202 2308 414 2351 iudicibus
447 2311 586 2365 editis,
619 2312 693 2365 qui
725 2313 838 2353 idem
869 2315 1003 2354 testes
1035 2326 1128 2354 esse
1153 2314 1343 2366 possent,
1376 2312 1546 2354 absolu-
