1671 2543
212 100 298 144 356
515 100 608 134 PRO
636 99 765 135 REGE
791 99 1037 135 DEIOTARO
1065 100 1240 135 ORATIO

211 223 297 251 una
327 208 594 263 praesertim,
627 223 723 250 cum
751 211 842 249 tam
867 209 1026 250 multas
1053 208 1226 250 videat?
1282 208 1419 251 Valde
1444 210 1559 251 enim

211 267 488 309 invidendum
520 270 587 309 est
612 268 702 309 eius
729 267 897 322 statuis,
929 269 1050 309 cuius
1076 268 1265 322 tropaeis
1291 282 1377 310 non
1402 268 1560 311 invide-

213 341 320 368 mus.
378 326 502 380 Nam,
535 326 571 368 si
603 326 724 368 locus
757 326 896 368 adfert
922 326 1139 381 invidiam,
1170 327 1314 368 nullus
1345 327 1463 369 locus
1491 330 1560 370 est

213 386 264 427 ad
301 388 491 427 statuam
525 385 697 439 quidem
728 385 882 427 rostris
916 386 1082 427 clarior.
1138 384 1203 427 De
1234 386 1388 440 plausu
1414 389 1559 429 autem

213 445 314 499 quid
354 444 669 499 respondeam?
709 445 781 499 qui
813 459 890 486 nec
923 445 1190 486 desideratus
1222 459 1427 499 umquam
1459 460 1484 486 a
1515 449 1558 487 te
1595 459 1613 485 ⁶

214 507 281 545 est
324 506 368 544 et
410 518 497 545 non
540 518 776 558 numquam
821 503 1134 558 obstupefactis
1178 503 1426 546 hominibus
1464 505 1560 559 ipsa

213 562 496 604 admiratione
543 577 812 617 compressus
858 565 924 604 est
965 565 1008 604 et
1051 562 1236 604 fortasse
1278 578 1327 605 eo
1372 566 1559 618 praeter-

214 622 389 674 missus,
428 621 529 676 quia
567 621 678 662 nihil
716 621 893 677 vulgare
932 624 975 663 te
1014 621 1192 677 dignum
1229 622 1362 663 videri
1402 625 1558 677 potest.

302 680 423 722 Nihil
458 695 482 721 a
514 695 580 721 me
609 681 797 722 arbitror
822 680 1186 735 praetermissum,
1219 681 1292 722 sed
1318 681 1480 736 aliquid
1507 681 1559 723 ad

214 743 449 781 extremam
477 754 629 781 causae
656 742 826 794 partem
846 742 1122 781 reservatum.
1160 739 1209 781 Id
1230 743 1375 782 autem
1397 740 1559 795 aliquid
1580 753 1614 780 ιο

212 801 289 853 est,
321 801 363 840 te
395 801 445 840 ut
475 799 602 853 plane
628 798 835 840 Deiotaro
861 798 1110 840 reconciliet
1137 799 1275 841 oratio
1303 814 1409 841 mea.
1458 798 1560 841 Non

212 858 327 899 enim
365 858 451 899 iam
490 860 654 911 metuo,
691 872 744 899 ne
777 860 825 899 tu
857 857 922 899 illi
955 872 1220 912 suscenseas,
1260 858 1367 900 illud
1398 872 1560 911 vereor,

210 932 264 959 ne
297 917 378 958 tibi
412 917 535 958 illum
567 931 814 958 suscensere
841 917 1003 971 aliquid
1031 917 1264 972 suspicere3
1297 917 1411 972 quod
1437 917 1561 958 abest

211 976 485 1031 longissime,
523 976 629 1016 mihi
669 975 809 1030 crede,
848 974 1015 1018 Caesar.
1080 975 1190 1025 Quid
1228 976 1343 1018 enim
1374 976 1560 1018 retineat

212 1050 288 1090 per
326 1038 387 1089 te,
426 1035 640 1088 meminit,
679 1049 766 1076 non
804 1035 906 1089 quid
945 1035 1156 1089 amiserit,
1193 1050 1330 1090 neque
1370 1050 1414 1077 se
1452 1050 1477 1076 a
1514 1038 1612 1076 teus

212 1094 447 1135 multatum
479 1094 727 1147 arbitratur,
761 1094 844 1147 sed,
878 1108 975 1135 cum
1007 1094 1276 1136 existimares
1302 1094 1451 1136 multis
1477 1093 1558 1135 tibi

212 1153 351 1194 multa
383 1167 474 1194 esse
508 1153 754 1203 tribuenda,
794 1167 876 1206 quo
910 1153 1051 1194 minus
1083 1168 1108 1194 a
1140 1167 1202 1207 se,
1242 1154 1314 1207 qui
1346 1153 1391 1194 in
1423 1153 1560 1194 altera

154 1224 199 1256 86
212 1214 335 1266 parte
367 1211 538 1265 fuisset,
574 1226 623 1252 ea
655 1226 863 1266 sumeres,
894 1226 981 1253 non
1013 1212 1237 1253 recusavit.
1299 1212 1491 1266 Etenim,
1523 1212 1558 1253 si

213 1270 456 1312 Antiochus
489 1246 673 1325 M⁷agnus
706 1271 797 1323 ille,
835 1284 908 1312 rex
941 1269 1088 1324 Asiae,
1128 1285 1241 1324 cum,
1277 1274 1559 1336 posteaquam

214 1343 239 1371 a
264 1328 310 1369 L.
339 1328 537 1383 Scipione
571 1329 761 1370 devictus
788 1332 855 1381 est,
887 1328 1028 1369 Tauro
1056 1331 1180 1370 tenus
1208 1343 1387 1384 regnare
1413 1329 1557 1371 iussus
1578 1341 1613 1367 20

214 1390 328 1429 esset
366 1401 620 1452 omnemque
659 1387 769 1428 hanc
801 1387 969 1440 Asiam,
1011 1401 1117 1440 quae
1157 1390 1222 1428 est
1259 1402 1372 1430 nunc
1408 1391 1561 1429 nostra

212 1446 453 1501 provincia,
488 1445 714 1499 amisisset,
746 1446 883 1487 dicere
917 1448 983 1486 est
1016 1446 1170 1487 solitus
1202 1446 1387 1501 benigne
1420 1447 1504 1488 sibi
1535 1461 1561 1488 a

213 1504 374 1560 populo
407 1504 602 1546 Romano
637 1519 727 1546 esse
759 1504 935 1558 factum,
971 1505 1083 1558 quod
1116 1505 1244 1546 nimis
1277 1519 1435 1561 magna
1465 1520 1560 1560 pro·

214 1564 435 1605 curatione
479 1564 688 1605 liberatus
733 1563 912 1605 modicis
957 1563 1078 1618 regni
1117 1564 1313 1606 terminis
1354 1567 1560 1619 uteretur,

213 1625 360 1677 potest
406 1623 542 1664 multo
593 1622 763 1664 facilius
815 1637 859 1664 se
906 1621 1135 1664 Deiotarus
1181 1623 1406 1664 consolari.
1480 1623 1613 1665 Illess

215 1682 328 1722 enim
365 1681 523 1723 furoris
563 1682 743 1722 multam
782 1681 1033 1736 sustulerat,
1071 1681 1141 1723 hic
1173 1682 1342 1723 erroris.
1404 1681 1560 1724 Omnia

214 1743 262 1781 tu
300 1740 524 1795 Deiotaro,
568 1740 743 1794 Caesar,
788 1740 1000 1794 tribuisti,
1046 1755 1140 1781 cum
1186 1743 1229 1781 et
1266 1740 1348 1795 ipsi
1388 1744 1432 1783 et
1469 1741 1558 1783 filio

213 1814 370 1841 nomen
402 1800 569 1855 regium
595 1799 859 1841 concessisti.
915 1798 1010 1840 Hoc
1035 1799 1207 1847 nomine
1233 1802 1402 1841 retento
1430 1802 1558 1854 atque

215 1861 383 1900 servato
415 1859 582 1899 nullum
614 1858 868 1899 beneficium
900 1858 1048 1912 populi
1081 1857 1276 1911 Romani,
1307 1858 1474 1900 nullum
1499 1858 1559 1900 iu-

215 1917 373 1959 dicium
429 1917 479 1958 de
535 1931 579 1958 se
630 1920 804 1958 senatus
854 1916 1130 1957 imminutum
1180 1919 1317 1971 putat.
1398 1916 1558 1972 Magno
1578 1929 1614 1955 ω

216 1976 358 2017 animo
392 1979 435 2017 et
468 1979 610 2017 erecto
643 1978 710 2017 est
741 1990 818 2017 nec
850 1990 1054 2029 umquam
1087 1976 1336 2017 succumbet
1362 1975 1559 2029 inimicis,

157 2050 200 2080 37
217 2049 268 2076 ne
300 2035 498 2076 fortunae
532 2035 714 2089 quidem.
770 2033 909 2075 Multa
941 2048 984 2075 se
1012 2034 1248 2075 arbitratur
1274 2037 1317 2075 et
1341 2034 1558 2089 peperisse

217 2096 315 2134 ante
354 2092 481 2134 factis
520 2096 563 2134 et
599 2093 758 2134 habere
796 2093 840 2133 in
879 2093 1020 2134 animo
1061 2096 1190 2147 atque
1228 2093 1405 2146 virtute,
1449 2106 1557 2146 quae

216 2152 335 2194 nullo
373 2153 500 2193 modo
538 2152 679 2206 possit
711 2152 921 2193 amittere.
986 2151 1102 2200 Quae
1135 2152 1247 2193 enim
1278 2150 1452 2192 fortuna
1484 2154 1558 2193 aut

218 2211 313 2264 quis
346 2225 469 2252 casus
502 2214 577 2252 aut
609 2225 715 2265 quae
747 2213 870 2251 tanta
902 2210 1040 2264 possit
1071 2210 1227 2251 iniuria
1259 2209 1449 2250 omnium
1482 2211 1557 2252 im·
1577 2221 1611 2248 π

218 2272 463 2321 peratorum
505 2270 554 2310 de
587 2269 792 2310 Deiotaro
826 2269 996 2310 decreta
1027 2269 1196 2310 delere?
1257 2267 1324 2309 Ab
1359 2269 1557 2310 omnibus

218 2327 331 2367 enim
376 2331 442 2368 est
486 2332 680 2380 ornatus,
725 2327 815 2381 qui,
867 2330 1147 2381 posteaquam
1185 2327 1229 2366 in
1274 2328 1426 2368 castris
1466 2341 1557 2369 esse

145 658 197 699 13

153 718 197 749 35
