1671 2543
529 63 630 98 CAP.
659 67 748 98 7-9
776 67 795 106 ξ
824 67 905 99 15-
919 68 972 100 19.
1339 65 1423 106 169

78 187 210 227 quam
241 174 404 227 potest3
440 172 491 213 ad
523 171 863 213 misericordiam
896 172 1020 214 redeo
1054 172 1162 226 eius,
1195 172 1262 214 cui
1293 173 1422 214 nimis

76 232 248 273 videtur
281 233 455 273 senatus
486 230 532 272 in
564 232 856 272 conservanda
886 231 1027 285 patria
1058 230 1193 272 fuisse
1227 232 1422 273 crudelis.

77 290 256 332 Edicere
302 293 368 331 est
413 303 540 331 ausus
586 304 682 330 cum
723 290 799 330 illo
840 305 916 331 suo
954 290 1066 344 pari,
1112 305 1239 344 quem
1276 292 1421 331 tamen
1440 293 1482 324 18

79 350 280 391 omnibus
311 348 429 390 vitiis
463 363 663 402 superare
702 348 919 402 cupiebat,
959 351 1008 390 ut
1041 351 1234 402 senatus,
1274 351 1423 390 contra

42 418 59 442 5
81 423 211 462 quam
241 408 332 462 ipse
366 407 614 462 censuisset,
648 408 701 449 ad
732 408 940 448 vestitum
972 407 1142 449 rediret.
1203 407 1308 457 Quis
1340 408 1423 449 hoc

75 467 180 508 fecit
222 467 312 508 ulla
355 467 400 508 'm
438 465 618 521 Scythia
660 468 889 520 tyrannus,
933 469 982 508 ut
1023 481 1113 520 eos,
1159 481 1266 521 quos
1304 467 1424 508 luctu

77 525 285 579 afficeret,
335 525 483 580 lugere
525 539 614 566 non
659 525 849 566 sineret?
918 524 1157 567 Maerorem
1201 525 1424 580 relinquis7

75 584 284 625 maeroris
324 584 466 625 aufers
504 583 711 640 insignia3
750 584 879 639 eripis
922 584 1120 625 lacrimas
1155 599 1243 626 non
1275 599 1423 626 conso-

74 643 216 697 lando,
249 643 323 685 sed
354 643 569 684 minando.
627 642 789 692 Quodsi
822 645 985 684 vestem
1013 658 1101 684 non
1125 643 1299 698 publico
1327 657 1424 685 con—

23 711 58 736 10
78 702 175 743 silio
207 704 354 756 patres
388 702 632 756 conscripti,
668 702 741 742 sed
773 702 942 756 privato
977 701 1119 744 officio
1154 704 1228 743 aut
1259 702 1423 743 miseri-

78 760 222 803 cordia
272 760 576 814 mutavissent,
629 763 775 802 tamen
823 761 867 802 id
914 760 983 802 his
1032 776 1120 802 non
1168 761 1297 802 licere
1346 776 1424 816 per

75 819 309 861 interdicta
341 819 607 874 [potestatis]
641 822 718 860 tua
751 819 1017 861 crudelitatis
1050 821 1142 860 erat
1172 834 1261 861 non
1287 819 1422 860 feren-

78 878 175 933 dae;
201 893 298 920 cum
323 893 423 920 vero
451 879 494 919 id
520 880 694 919 senatus
721 878 922 932 frequens
951 878 1187 920 censuisset
1211 880 1254 920 et
1274 891 1424 920 omnes

79 938 249 979 ordines
287 937 443 991 reliqui
480 937 568 978 iam
600 939 698 978 ante
730 936 951 988 fecissent,
989 940 1038 978 tu
1070 952 1121 978 ex
1151 937 1424 978 tenebricosa

24 1003 59 1030 15
77 996 239 1051 popina
290 996 438 1038 consul
489 998 707 1037 extractus
760 1011 856 1037 cum
905 996 981 1036 illa
1031 996 1251 1037 saltatrice
1296 998 1424 1037 tonsa

79 1057 277 1096 senatum
310 1055 461 1109 populi
493 1054 679 1096 Romani
712 1069 909 1096 occasum
942 1057 1071 1109 atque
1103 1055 1330 1096 interitum
1361 1054 1424 1095 rei

78 1114 276 1169 publicae
314 1114 460 1169 lugere
499 1114 686 1154 vetuisti.
753 1113 814 1155 At
851 1114 1086 1167 quaerebat
1124 1113 1256 1154 etiam
1293 1112 1464 1167 paulo9

81 1175 179 1214 ante
215 1173 265 1213 de
297 1187 382 1225 me,
422 1172 523 1226 quid
556 1187 633 1214 suo
666 1172 773 1213 mihi
806 1187 912 1226 opus
945 1172 1100 1214 fuisset
1132 1172 1310 1226 auxili03
1349 1186 1425 1213 cur

78 1246 168 1273 non
198 1231 306 1273 meis
332 1231 519 1272 inimicis
547 1231 653 1273 meis
681 1231 816 1285 copiis
843 1231 1111 1272 restitissem.
1164 1230 1298 1280 Quasi
1323 1245 1423 1272 vero

26 1297 61 1322 20
79 1305 169 1332 non
199 1290 326 1331 modo
360 1304 459 1345 ego,
498 1290 571 1344 qui
602 1290 751 1331 multis
785 1305 910 1344 saepe
943 1290 1102 1331 auxilio
1135 1289 1310 1343 fuerim,
1350 1290 1425 1330 sed

81 1349 311 1403 quisquam
336 1351 428 1390 tam
447 1349 572 1403 inops
592 1348 723 1389 fuerit
743 1363 961 1403 umquam7
988 1349 1062 1403 qui
1082 1349 1168 1390 isto
1188 1363 1276 1390 non
1296 1348 1422 1389 modo

79 1410 404 1463 propugnatore
437 1407 644 1449 tutiorem
677 1422 739 1462 se,
778 1408 853 1449 sed
885 1408 1093 1449 advocato
1127 1409 1202 1448 aut
1234 1407 1424 1461 adstipu-

79 1466 219 1508 latore
262 1466 526 1520 paratiorem
569 1466 661 1508 fore
698 1469 884 1521 putaret.
946 1466 1043 1522 Ego
1082 1466 1208 1507 istius
1246 1465 1422 1520 pecudis
1441 1472 1482 1503 19

83 1539 132 1567 ac
169 1525 345 1579 putidae
378 1525 516 1566 carnis
551 1525 730 1566 consilio
763 1525 928 1566 scilicet
960 1527 1034 1566 aut
1065 1525 1280 1579 praesidio
1312 1524 1424 1565 vole-

29 1590 63 1616 25
81 1583 184 1625 bam
214 1583 309 1637 niti,
341 1584 393 1625 ab
426 1583 509 1625 hoc
541 1584 677 1625 eiecto
711 1584 912 1625 cadavere
947 1584 1178 1637 quicquam
1210 1583 1317 1624 'mihi
1350 1586 1424 1624 aut

84 1642 178 1697 opis
217 1644 293 1683 aut
333 1642 574 1683 ornamenti
612 1643 876 1696 expetebam.
941 1641 1173 1684 Consulem
1212 1656 1291 1697 ego
1330 1643 1424 1683 tum

69 1701 360 1756 ’quaerebam‚
411 1701 648 1754 consulem,
697 1701 892 1754 inquam,
940 1715 1029 1742 non
1070 1701 1195 1741 illum
1240 1700 1424 1754 quidem,

84 1774 212 1814 quem
242 1759 289 1800 in
317 1758 401 1800 hoc
433 1758 579 1799 maiali
610 1759 801 1800 invenire
826 1774 914 1800 non
938 1773 1122 1813 possem,
1156 1758 1229 1812 qui
1255 1760 1424 1799 tantam

83 1818 147 1859 rei
170 1817 368 1873 publicae
396 1831 568 1858 causam
596 1817 809 1872 gravitate
836 1820 880 1858 et
907 1817 1086 1858 consilio
1115 1831 1191 1858 suo
1218 1818 1424 1869 tueretur,

27 1883 65 1909 ³0
84 1877 159 1919 sed
203 1876 276 1931 qui
314 1878 536 1930 tamquam
574 1878 751 1917 truncus
790 1878 918 1929 atque
957 1875 1109 1929 stipes,
1154 1875 1191 1916 si
1227 1874 1424 1916 stetisset

84 1935 230 1989 modo,
278 1937 427 1989 posset
477 1934 688 1975 sustinere
738 1936 884 1974 tamen
937 1933 1116 1975 titulum
1161 1933 1423 1974 consulatus.

85 1994 194 2037 Cum
233 1993 347 2035 enim
384 1996 498 2034 esset
537 1992 676 2034 omnis
716 2007 845 2033 causa
875 1992 951 2032 illa
982 2007 1079 2033 mea
1110 1991 1348 2033 consularis
1380 1993 1424 2032 et

85 2053 319 2107 senatoria,
367 2052 526 2093 auxilio
571 2051 678 2092 mihi
725 2065 831 2105 opus
875 2050 1017 2091 fuerat
1060 2053 1104 2091 et
1148 2050 1336 2091 consulis
1380 2052 1425 2090 et

86 2114 279 2166 senatus3
320 2125 503 2164 quorum
541 2109 726 2150 alterum
763 2109 896 2150 etiam
934 2109 987 2150 ad
1018 2108 1251 2163 perniciem
1283 2122 1424 2149 meam

31 2175 66 2201 3⁵
86 2172 179 2211 erat
211 2184 236 2211 a
265 2169 390 2211 vobis
417 2168 667 2210 consulibus
694 2182 956 2221 conversum,
990 2167 1174 2208 alterum
1199 2166 1262 2207 rei
1286 2167 1425 2221 publi-

86 2243 160 2270 cae
185 2227 358 2283 pem'tus
386 2230 594 2282 ereptum.
643 2227 708 2268 Ac
733 2229 890 2280 tamen,
917 2226 954 2266 si
981 2226 1209 2267 consilium
1235 2225 1425 2279 exquiris

83 2301 241 2342 meum,
270 2300 408 2341 neque
437 2300 516 2341 ego
545 2285 781 2339 cessissem,
813 2287 856 2326 et
882 2299 949 2325 me
975 2285 1070 2338 ipsa
1095 2299 1172 2325 suo
1200 2284 1425 2337 complexu
