1671 2543
554 62 657 98 CAP.
683 67 823 98 36-38
849 67 868 106 ς
894 67 1044 99 91—98.
1379 65 1465 107 407

119 171 181 214 At
219 171 376 226 quibus
413 171 586 213 verbis‘?
653 170 784 213 Modo
822 185 1006 226 aequum
1038 171 1121 213 sibi
1153 172 1306 226 videri,
1338 173 1465 215 modo
1481 187 1524 217 95

118 245 205 272 non
255 231 460 284 iniquum.
533 229 645 272 Mira
689 231 917 272 verborum
962 231 1219 285 complexio!
1290 231 1351 273 At
1394 232 1465 273 ille

119 304 354 343 numquam
386 288 574 344 (semper
605 289 718 330 enim
751 289 918 331 absenti
952 288 1069 331 adfui
1094 288 1323 345 Deiotaro)
1353 291 1466 345 quic-

119 363 249 402 quam
287 348 387 402 sibi,
426 347 539 402 quod
575 362 653 389 nos
689 363 767 402 pro
800 348 874 389 illo
907 349 1244 403 postularemus,
1282 363 1466 404 aequum

83 419 98 443 ⁵
119 407 227 448 dixit
259 406 404 448 videri.
463 405 717 462 Syngrapha
750 407 938 448 sestertii
967 407 1158 449 centiens
1184 422 1260 462 per
1284 408 1466 464 legatos,

119 468 234 507 viros
260 465 409 515 bonos,
436 466 508 507 sed
535 466 710 507 timidos
738 470 780 507 et
807 466 1042 520 imperitos,
1075 467 1166 507 sine
1186 469 1348 521 nostra,
1374 467 1465 508 sine

119 525 383 579 reliquorum
415 524 637 578 hospitum
663 524 777 580 regis
805 525 1019 566 sententia
1046 524 1161 566 facta
1186 525 1232 566 in
1257 526 1464 581 gynaecio

119 587 202 637 est,
241 597 325 637 quo
363 583 408 624 in
447 584 540 625 loco
578 584 788 638 plurimae
828 598 894 624 res
932 584 1156 625 venierunt
1192 587 1236 625 et
1266 588 1465 626 veneunt.

119 641 214 691 Qua
250 656 300 683 ex
340 641 586 697 syngrapha
618 643 719 696 quid
752 644 810 683 sis
843 646 1030 696 acturus,
1063 642 1268 684 meditere
1301 657 1462 685 censeo,

68 713 99 737 10
120 701 210 742 Rex
238 701 351 742 enim
371 702 462 754 ipse
483 715 561 742 sua
580 705 733 756 sponte
753 701 885 742 nullis
906 701 1227 743 commentariis
1255 700 1464 756 Caesaris,

118 759 247 800 simul
274 763 403 813 atque
431 760 595 801 audivit
621 760 711 801 eius
738 759 976 813 interitum,
1003 774 1079 802 suo
1106 759 1247 801 Marte
1274 774 1342 801 res
1366 775 1464 802 suas

118 818 382 872 reciperavit.
414 816 588 860 Sciebat
606 819 736 860 homo
759 818 928 872 sapiens
948 819 1014 860 ius
1037 833 1204 873 semper
1224 819 1306 860 hoc
1319 818 1464 872 fuisse,
1479 833 1523 864 96

116 882 183 931 ut,
221 891 328 931 quae
366 877 539 931 tyranni
577 877 854 931 eripuissent,
892 891 940 918 ea
982 878 1178 931 tyrannis
1226 877 1465 919 interfectis

118 936 165 990 ii,
204 935 360 990 quibus
398 939 546 990 erepta
584 939 744 989 essent,
783 937 1082 990 reciperarent.
1150 935 1290 978 Nemo
1330 936 1466 992 igitur

64 1005 96 1031 15
117 994 207 1036 iure
246 995 479 1047 consultus,
515 1008 567 1036 ne
599 995 682 1036 iste
715 994 905 1049 quidem,
944 996 1016 1048 qui
1055 995 1136 1036 tibi
1169 995 1243 1036 uni
1275 997 1342 1037 est
1373 995 1464 1036 iure

117 1053 351 1106 consultus,
377 1067 452 1107 per
473 1067 599 1106 quem
618 1053 724 1094 haec
745 1054 850 1108 agis,
875 1068 926 1094 ex
946 1054 1031 1095 ista
1052 1053 1300 1109 syngrapha
1320 1054 1463 1095 deberi

117 1112 229 1153 dicet
256 1126 334 1165 pro
360 1111 413 1152 iis
438 1113 577 1165 rebus,
604 1126 710 1166 quae
731 1115 855 1153 erant
875 1115 972 1153 ante
995 1112 1286 1167 syngrapham
1307 1112 1464 1166 recipe-

116 1173 245 1211 ratae.
308 1169 409 1211 Non
441 1171 553 1211 enim
589 1185 613 1211 a
651 1174 694 1211 te
727 1170 843 1225 emit,
876 1171 960 1224 sed,
985 1171 1238 1225 priusquam
1264 1174 1311 1212 tu
1340 1185 1465 1212 suum

116 1229 199 1271 sibi
231 1229 446 1283 venderes,
478 1229 568 1283 ipse
601 1229 805 1283 possedit.
860 1228 939 1270 Ille
966 1229 1031 1270 vir
1056 1229 1152 1281 fuit3
1184 1244 1262 1271 nos
1291 1230 1464 1283 quidem

63 1288 427 1342 moontemnendi,
460 1288 532 1342 qui
566 1291 755 1329 actorem
789 1288 968 1341 odimus,
1001 1291 1098 1329 acta
1136 1287 1413 1329 defendimus.

205 1345 316 1396 Quid
372 1360 452 1402 ego
509 1346 559 1388 de
616 1347 935 1388 commentariis
993 1347 1191 1400 infinitis,
1253 1347 1355 1401 quid
1413 1347 1462 1388 de
1478 1335 1533 1377 38

107 1405 501 1462 ‘innumerabilibus
546 1405 845 1461 chirographis
883 1406 1064 1460 loquar?
1110 1420 1293 1460 quorum
1332 1406 1462 1447 etiam

116 1463 339 1504 institores
372 1468 491 1519 sunt,
529 1465 600 1518 qui
633 1479 682 1505 ea
716 1469 936 1518 tamquam
969 1465 1259 1520 gladiatorum
1292 1465 1461 1506 libellos

116 1521 261 1575 palam
315 1522 550 1563 venditent.
618 1522 770 1576 ltaque
822 1524 933 1564 tanti
998 1523 1136 1564 acervi
1187 1537 1463 1564 nummorum

63 1591 96 1616 2⁵
117 1579 229 1633 apud
270 1578 402 1620 istum
441 1583 766 1634 construuntur,
810 1586 859 1622 ut
897 1582 983 1622 iam
1022 1581 1334 1635 expendantur,
1375 1596 1463 1623 non

117 1639 394 1678 numerentur
436 1639 651 1692 pecuniae.
719 1640 780 1680 At
825 1653 953 1692 quam
992 1653 1116 1681 caeca
1157 1639 1339 1679 avaritia
1378 1641 1460 1680 est!

118 1695 266 1750 Nuper
308 1695 391 1736 fixa
430 1696 578 1736 tabula
617 1700 701 1750 est,
739 1711 823 1750 qua
862 1698 1060 1738 civitates
1094 1697 1462 1750 locupletissimae

116 1753 387 1796 Cretensium
410 1754 692 1809 vectigalibus
713 1755 952 1796 liberantur
973 1754 1277 1809 statuiturque,
1295 1770 1348 1796 ne
1362 1759 1462 1809 post

116 1812 172 1853 M.
204 1811 389 1853 Brutum
420 1827 497 1866 pro
531 1813 704 1854 consule
732 1813 790 1853 sit
816 1812 945 1855 Creta
970 1813 1203 1867 provincia.
1259 1813 1321 1854 Tu
1349 1828 1464 1855 men-

64 1883 98 1907 30
119 1872 174 1912 tis
209 1871 290 1922 [es]
325 1885 502 1924 conpos,
537 1875 582 1911 tu
614 1885 700 1912 non
726 1871 1113 1926 constringendus?
1168 1871 1239 1912 An
1265 1870 1462 1914 Caesaris

117 1930 288 1970 decreto
322 1928 451 1970 Creta
483 1932 582 1982 post
615 1929 671 1970 Μ.
703 1928 829 1970 Bruti
857 1930 1077 1971 decessum
1102 1930 1248 1984 potuit
1273 1930 1462 1984 liberari,

119 2002 217 2029 cum
250 1986 379 2029 Creta
412 1987 518 2028 nihil
553 1987 604 2028 ad
636 1987 822 2029 Brutum
855 1987 1035 2030 Caesare
1068 1989 1164 2029 vivo
1196 1989 1462 2042 pertineret?

116 2047 177 2088 At
214 2046 341 2087 huius
379 2046 625 2087 venditione
663 2046 840 2099 decreti,
879 2061 930 2088 ne
969 2047 1077 2087 nihil
1110 2049 1254 2088 actum
1285 2048 1462 2101 putetis,

115 2104 382 2159 provinciam
419 2103 594 2146 Cretam
631 2104 890 2158 perdidistis.
957 2103 1141 2146 Omnino
1173 2119 1298 2147 nemo
1332 2106 1460 2148 ullius

63 2174 97 2199 ³⁵
118 2163 179 2205 rei
223 2163 306 2204 fuit
351 2165 537 2216 emptor,
583 2163 651 2204 cui
695 2163 878 2204 defuerit
920 2163 989 2204 hic
1034 2163 1242 2205 venditor.
1313 2163 1374 2205 Et
1410 2165 1460 2206 de
1475 2179 1519 2210 98

117 2221 312 2263 exulibus
351 2221 510 2276 legem,
548 2235 676 2275 quam
714 2221 866 2274 fixisti,
905 2220 1063 2264 Caesar
1094 2222 1225 2263 tulit?
1286 2221 1460 2265 Nullius

118 2279 306 2322 insector
344 2279 653 2333 calamitatem,
684 2282 853 2321 tantum
887 2294 1058 2334 queror,
1097 2280 1280 2334 primum
1314 2296 1460 2324 eorum
