1671 2543
196 100 284 141 412
381 99 432 134 IN
458 97 507 134 M.
535 96 794 134 ANTONIUM
820 95 997 131 ORATIO
1022 94 1290 130 PHILIPPICA
1316 94 1351 128 11

197 209 525 250 Testamentum
551 206 724 247 irritum
750 205 864 259 fecit,
895 205 1008 260 quod
1034 205 1166 245 etiam
1191 203 1351 245 infimis
1379 203 1544 245 civibus

199 281 367 322 semper
406 268 634 321 optentum
673 268 750 306 est.
820 240 971 320 Signa,
1012 263 1202 317 tabulas,
1240 276 1346 317 quas
1384 262 1544 317 populo

199 326 357 369 Caesar
389 340 473 367 una
506 339 603 366 cum
627 323 768 365 hortis
794 323 968 378 legavit,
1000 337 1070 364 eas
1097 322 1167 363 hic
1192 321 1354 376 partim
1379 321 1425 362 in
1448 320 1545 363 hor-

198 389 267 428 tos
299 384 480 449 Pompei
512 383 773 438 deportavit,
805 382 966 437 partim
997 381 1041 422 in
1073 381 1222 422 villam
1253 379 1477 434 Scipionis.

127 432 183 473 43
287 443 346 485 Et
372 446 421 484 tu
446 444 491 484 in
518 441 715 484 Caesaris
742 441 949 483 memoria
975 440 1171 495 diligens,
1200 443 1249 481 tu
1274 439 1398 481 illum
1425 453 1544 480 amas
1581 448 1598 475 ⁵

130 492 449 544 ²¹⁰mortuum‘?
525 501 662 551 Quem
706 501 742 542 is
785 501 994 542 honorem
1039 499 1247 540 maiorem
1291 501 1546 540 consecutus

200 565 304 615 erat,
333 575 462 615 quam
485 563 534 602 ut
554 560 735 601 haberet
754 559 965 614 pulvinar,
992 558 1283 612 simulacrum,
1307 556 1547 612 fastigium

199 620 447 662 flaminem?
515 618 599 660 Est
636 632 739 674 ergo
778 618 951 671 flamen,
989 621 1038 658 ut
1076 616 1187 670 Iovi,
1225 591 1283 658 ut,
1310 615 1463 670 Marti,
1500 619 1548 657 ut

201 679 395 732 Quirino,
427 679 488 720 sic
521 678 620 719 divo
650 677 762 718 Iulio
788 676 844 718 M.
873 676 1100 718 Antonius.
1152 673 1263 724 Quid
1294 675 1432 730 igitur
1463 688 1547 716 ces-

201 738 300 780 sas‘?
333 752 408 779 cur
438 751 526 779 non
558 736 879 791 inauguraris‘)
929 735 1057 777 Sume
1091 735 1221 787 diem,
1253 734 1366 787 vide,
1399 733 1473 788 qui
1504 737 1547 774 te
1570 744 1604 770 1⁰

199 799 451 852 inauguret,
483 796 688 851 conlegae
715 809 881 848 sumus3
910 808 1035 836 nemo
1060 793 1250 849 negabit
1303 792 1337 834 Ο
1366 792 1550 834 detesta-

200 856 333 897 bilem
352 829 585 908 hominem,
605 855 693 896 sive
716 855 801 907 [eo]
825 828 938 908 qu’od
959 851 1155 895 Caesaris
1176 852 1375 893 sacerdos
1395 865 1440 893 es
1460 852 1550 893 sive

202 914 317 981 quod
350 914 528 956 mortui!
591 912 760 963 Quaero
793 913 1012 967 deinceps,
1042 926 1163 964 num,
1195 911 1426 952 hodiernus
1459 910 1550 952 dies

202 974 276 1028 qui
309 973 379 1026 sit,
410 973 596 1028 ignores
657 971 809 1014 Nescis
841 971 934 1012 heri
968 973 1170 1025 quartum
1202 970 1248 1011 in
1279 968 1404 1012 Circo
1436 969 1550 1011 diem

201 1032 402 1073 ludorum
434 1030 728 1072 Romanorum
765 1030 929 1072 fuisse‘>
968 1032 1011 1071 te
1043 1033 1189 1071 autem
1220 1029 1364 1083 ipsum
1396 1027 1449 1069 ad
1479 1042 1551 1083 po-
1573 1039 1604 1064 1⁵

202 1091 352 1146 pulum
390 1090 562 1143 tulisse,
600 1093 649 1131 ut
686 1090 862 1144 quintus
895 1091 1117 1143 praeterea
1149 1088 1239 1129 dies
1272 1086 1446 1130 Caesari
1478 1087 1550 1128 tri-

203 1149 437 1191 bueretur‘?
495 1148 582 1191 Cur
612 1163 700 1190 non
732 1162 880 1190 sumus
911 1147 1203 1202 praetextati?
1236 1160 1311 1188 cur
1342 1146 1550 1188 honorem

204 1208 401 1250 Caesaris
439 1210 517 1249 tua
554 1208 648 1263 lege
687 1207 836 1248 datum
875 1206 1011 1248 deseri
1046 1205 1268 1261 patimur?
1308 1219 1362 1246 an
1393 1204 1553 1259 suppli-

204 1267 396 1308 cationes
424 1266 615 1307 addendo
643 1265 755 1307 diem
783 1264 1069 1307 contaminari
1094 1278 1248 1318 passus
1275 1277 1332 1316 es,
1360 1263 1550 1317 pulv-ina—

203 1326 269 1366 ria
319 1324 603 1367 contaminari
646 1324 858 1365 noluisti?
931 1325 1022 1364 Aut
1067 1322 1254 1376 undique
1298 1321 1551 1376 religionem
1573 1338 1607 1364 20

86 1413 89 1415 >
136 1397 198 1428 111
211 1383 316 1425 tolle
349 1385 424 1424 aut
455 1396 590 1436 usque
623 1396 790 1437 quaque
823 1396 1040 1424 conserva.
1104 1380 1296 1429 Quaeris,
1328 1380 1552 1434 placeatne

205 1442 312 1483 mihi
349 1441 549 1496 pulvinar
584 1455 695 1494 esse,
733 1440 978 1496 fastigium,
1017 1440 1246 1480 flaminem.
1309 1438 1418 1480 Mihi
1451 1453 1552 1480 vero

203 1500 313 1542 nihil
340 1500 525 1541 istorum
551 1499 711 1553 placet3
738 1499 811 1540 sed
831 1502 891 1553 tu,
919 1499 992 1553 qui
1013 1501 1110 1540 acta
1131 1496 1328 1539 Caesaris
1349 1496 1553 1552 defendis,

205 1559 307 1613 quid
339 1561 464 1613 potes
497 1558 655 1608 dicere,
691 1572 766 1599 cur
798 1558 883 1598 alia
914 1557 1133 1609 defendas,
1166 1557 1250 1598 alia
1280 1570 1369 1598 non
1401 1556 1552 1598 cures?

204 1617 302 1659 Nisi
333 1617 447 1659 forte
478 1617 543 1658 vis
575 1616 702 1658 fateri
735 1620 778 1658 te
812 1616 956 1658 omnia
987 1618 1169 1670 quaestu
1200 1620 1289 1669 tuo,
1319 1629 1407 1656 non
1435 1615 1552 1656 illius
1573 1632 1608 1658 2⁵

205 1677 419 1732 dignitate
446 1676 602 1717 metiri.
647 1674 758 1724 Quid
785 1675 838 1716 ad
863 1675 968 1716 haec
993 1674 1197 1716 tandem?
1230 1677 1410 1728 expecto
1437 1674 1551 1715 enim

205 1735 497 1790 eloquentiam
524 1738 654 1776 tuam.
693 1733 1042 1776 Disertissimum
1066 1733 1248 1788 cognovi
1269 1747 1397 1774 avum
1416 1734 1551 1775 tuum.

205 1798 251 1835 at
295 1797 338 1836 te
382 1794 514 1835 etiam
561 1794 822 1848 apertiorem
860 1794 903 1834 in
942 1768 1144 1842 dicendo?
1199 1791 1278 1832 Ille
1315 1805 1549 1846 numquam

203 1853 343 1895 nudus
377 1856 444 1894 est
476 1853 764 1905 contionatus,
795 1855 920 1892 tuum
948 1837 1135 1892 hominis
1164 1849 1372 1904 simplicis
1398 1852 1549 1904 pectus

204 1912 401 1953 vidimus.
465 1910 816 1965 Respondebisne
849 1910 901 1951 ad
932 1910 1037 1950 haec
1070 1911 1145 1950 aut
1177 1908 1351 1950 omnino
1383 1908 1549 1951 hiscere
1569 1926 1608 1952 so

206 1970 413 2012 audebis‘>
463 1969 631 2024 Ecquid
660 1969 846 2024 reperies
873 1983 924 2009 ex
949 1971 1039 2008 tam
1065 1968 1195 2023 longa
1222 1967 1417 2008 oratione
1442 1981 1550 2020 mea,

206 2029 273 2070 cui
307 2031 349 2070 te
382 2028 638 2082 respondere
670 2041 797 2082 posse
830 2026 1048 2069 confidas‘.>

135 2076 191 2116 44
296 2085 378 2129 Sed
404 2086 640 2141 praeterita
667 2086 938 2139 omittamus,
962 2084 1075 2126 hunc
1102 2098 1234 2126 unum
1255 2084 1379 2138 diem,
1403 2097 1549 2136 unum,

138 2135 394 2200 ¹¹²inquam,
425 2145 681 2187 hodiernum
711 2144 835 2197 diem,
866 2143 949 2185 hoc
977 2146 1184 2197 punctum
1210 2142 1431 2196 temporis,
1463 2155 1546 2195 quo

206 2203 378 2258 loquor,
423 2203 618 2256 defende,
662 2202 699 2245 si
742 2205 878 2258 potes.
951 2200 1038 2244 Cur
1081 2204 1346 2242 armatorum
1390 2214 1548 2241 corona
1568 2217 1602 2243 ³⁵

207 2265 381 2303 senatus
415 2265 589 2316 saeptus
622 2264 700 2315 est,
733 2275 809 2303 cur
838 2274 907 2302 me
938 2260 1003 2302 tui
1032 2260 1242 2301 satellites
1269 2272 1366 2299 cum
1391 2258 1547 2313 gladiis

207 2319 405 2368 audiunt,
444 2335 518 2361 cur
557 2320 704 2361 valvae
737 2318 1000 2362 Concordiae
1037 2332 1124 2359 non
1161 2319 1328 2371 patent,
1367 2331 1442 2358 cur
1475 2317 1548 2358 ho-
