1671 2543
585 62 685 99 CAP.
713 67 804 98 6-8
830 66 849 106 §¹
877 66 1024 98 18—25.
1389 63 1475 105 327

128 175 278 214 tantus
309 172 356 212 in
386 170 476 212 ullo
508 170 646 224 furor,
685 172 754 224 ut,
787 184 870 224 quo
904 170 1008 211 duce
1041 170 1185 211 omnia
1217 184 1385 211 summa
1417 171 1476 212 sit

127 231 328 284 adeptus,
370 229 498 270 huius
542 228 676 269 vitam
720 242 807 269 non
852 231 1088 282 anteponat
1125 243 1237 270 suae.
1304 228 1392 283 An,
1436 230 1473 270 si

126 288 237 330 nihil
281 287 347 329 tui
389 287 584 342 cogitant
627 286 818 340 sceleris,
869 286 1103 328 cavendum
1146 290 1230 341 est,
1272 301 1325 328 ne
1370 287 1472 341 quid

127 346 329 388 inimici?
387 345 499 394 Qui?
532 359 679 386 omnes
712 345 837 398 enim,
870 345 943 398 qui
963 344 1147 399 fuerunt,
1180 347 1254 386 aut
1280 359 1357 386 sua
1382 360 1474 400 per-

90 416 106 442 5
127 405 289 446 tinacia
339 404 474 445 vitam
519 403 755 444 amiserunt
799 406 874 444 aut
918 405 993 444 tua
1036 403 1330 445 misericordia
1373 404 1473 445 reti-

125 465 331 516 nuerunt,
368 464 418 502 ut
455 464 530 503 aut
566 461 674 503 nulli
714 462 930 515 supersint
968 461 1018 502 de
1049 461 1234 503 inimicis
1267 465 1359 516 aut,
1398 462 1471 516 qui

125 521 321 574 fuerunt,
360 520 447 561 sint
484 520 748 561 amicissimi.
811 519 893 561 Sed
930 522 1075 561 tamen
1113 535 1209 561 cum
1239 521 1284 562 in
1316 520 1470 563 animis
1486 522 1530 552 22

125 579 350 621 hominum
378 581 524 619 tantae
551 578 742 619 latebrae
770 578 857 619 sint
883 581 925 619 et
951 578 1063 619 tanti
1089 593 1293 633 recessus,
1320 593 1473 634 augea-

127 652 223 679 mus
262 651 363 678 sane
405 636 694 691 suspicionem
731 639 869 690 tuam3
908 637 1035 678 simul
1075 637 1188 678 enim
1220 637 1472 693 augebimus

75 709 108 734 ιο
127 695 410 750 diligentiam.
483 693 598 736 Nam
651 695 746 748 quis
798 698 864 736 cst
914 695 1105 736 omnium
1155 698 1246 736 tam
1294 696 1472 750 ignarus

126 768 270 795 rerum
280 787 290 807 ,
328 757 419 794 tam
456 753 574 794 rudis
612 753 656 794 in
694 768 740 794 re
777 753 968 807 publica,
1005 756 1095 794 tam
1126 754 1234 794 nihil
1266 768 1473 808 umquam

125 826 204 853 nec
237 812 287 853 de
320 826 397 852 sua
429 825 508 852 nec
539 812 590 852 de
623 811 840 853 communi
872 812 1011 852 salute
1044 812 1254 866 cogitans,
1287 812 1361 865 qui
1385 827 1473 853 non

126 870 354 924 intellegat
391 872 467 911 tua
505 870 643 910 salute
682 870 891 911 contineri
930 884 1051 911 suam
1083 873 1126 911 et
1157 884 1209 911 ex
1238 870 1365 911 unius
1397 873 1474 911 tua

128 928 221 969 vita
245 928 427 982 pendere
456 928 678 969 omnium?
727 927 938 982 Equidem
967 928 1017 968 de
1043 931 1086 969 te
1112 928 1201 969 dies
1227 931 1474 982 noctesque,

76 997 109 1024 15
129 989 178 1027 ut
222 986 374 1039 debeo,
418 986 614 1040 cogitans
659 1000 782 1027 casus
821 986 1045 1027 dumtaxat
1082 986 1293 1028 humanos
1332 989 1376 1027 et
1412 987 1473 1028 in-

128 1046 269 1086 certos
303 1046 480 1085 eventus
512 1044 771 1085 valetudinis
805 1047 847 1085 et
872 1047 1052 1085 naturae
1080 1045 1318 1086 communis
1344 1044 1473 1100 fragi-

127 1103 299 1143 litatem
337 1102 570 1143 extimesco
609 1102 834 1155 doleoque,
873 1116 970 1143 cum
1007 1117 1074 1143 res
1110 1103 1284 1156 publica
1314 1103 1472 1144 inmor-

128 1160 229 1201 talis
254 1174 346 1201 esse
363 1161 528 1214 debeat,
549 1175 643 1201 eam
656 1160 701 1201 in
714 1160 840 1201 unius
856 1161 1052 1212 mortalis
1068 1161 1209 1202 anima
1224 1161 1472 1202 consistere.

137 1218 182 1260 Si
202 1232 304 1259 vero
326 1218 377 1259 ad
396 1218 608 1260 humanos
630 1233 753 1260 casus
768 1219 1038 1273 incertosque
1052 1222 1196 1260 motus
1211 1219 1470 1260 valetudinis
1486 1221 1531 1251 23

75 1291 109 1316 20
130 1277 304 1318 sceleris
342 1277 474 1318 etiam
506 1277 1038 1331 acceditinsidiarumque
1071 1278 1312 1331 consensio,
1345 1292 1472 1331 quem

129 1335 266 1388 deum,
286 1335 332 1381 ,si
359 1335 516 1390 cupiat,
542 1350 668 1390 posse
695 1336 900 1390 opitulari
919 1336 981 1377 rei
1000 1336 1198 1390 publicae
1219 1335 1472 1377 credamus?

187 1392 376 1434 -'Omm·a
413 1396 513 1446 sunt
551 1394 775 1435 excitanda
806 1394 906 1448 tibi,
943 1393 988 1436 C.
1021 1393 1196 1448 Caesar,
1232 1394 1325 1449 uni,
1363 1389 1513 1448 quae8

112 1451 267 1492 'iacere
306 1451 582 1494 sentisbelli
619 1452 756 1508 ipsius
784 1452 976 1506 impetu,
1016 1453 1130 1506 quod
1165 1467 1338 1494 necesse
1375 1453 1473 1506 fuit,

129 1509 326 1562 perculsa
364 1513 492 1567 atque
529 1513 768 1565 prostrata3
806 1511 1106 1552 constituenda
1142 1511 1316 1564 iudicia,
1354 1525 1472 1552 revo-

77 1580 110 1606 25
131 1567 265 1607 canda
295 1567 412 1620 fides,
447 1568 789 1622 comprimendae
821 1569 1033 1623 libidines,
1064 1569 1344 1623 propaganda
1376 1569 1473 1610 sub-

131 1625 233 1678 oles,
254 1625 407 1678 omnia,
429 1639 535 1678 quae
548 1626 714 1679 dilapsa
727 1627 812 1667 iam
825 1626 1113 1680 diffluxerunt,
1128 1627 1286 1667 severis
1301 1627 1472 1681 legibus

129 1682 353 1723 vincienda
390 1686 501 1723 sunt.
561 1683 663 1724 Non
693 1683 777 1724 fuit
808 1683 1091 1725 recusandum
1121 1684 1167 1724 in
1197 1686 1320 1725 tanto
1355 1684 1471 1724 civili
1486 1691 1531 1722 24

129 1740 257 1794 bello,
288 1742 411 1781 tanto
436 1740 683 1782 >animorum
713 1742 861 1782 ardore
888 1744 932 1782 et
957 1755 1186 1794 armorum,
1219 1741 1322 1794 quin
1349 1755 1473 1794 quas-

133 1801 227 1839 sata
276 1812 343 1838 res
388 1798 578 1851 publica,
626 1799 882 1852 quicumque
931 1799 1035 1839 belli
1085 1801 1262 1839 eventus
1305 1798 1473 1853 fuisset,

79 1871 114 1897 30
136 1856 273 1896 multa
309 1856 506 1909 perderet
544 1858 587 1897 et
625 1859 876 1897 ornamenta
914 1856 1139 1911 dignitatis
1178 1859 1222 1897 et
1258 1857 1474 1910 praesidia

133 1913 388 1955 stabilitatis
421 1927 534 1967 suae,
565 1914 785 1967 multaque
816 1916 995 1968 uterque
1028 1914 1112 1955 dux
1143 1913 1304 1955 faceret
1337 1929 1473 1955 arma-

132 1974 222 2025 tus,
277 1986 384 2025 quae
439 1971 552 2012 idem
600 1974 776 2026 togatus
825 1972 919 2013 fieri
968 1972 1274 2026 prohibuisset.
1354 1972 1472 2021 Quae

133 2029 306 2083 quidem
343 2029 424 2070 tibi
460 2044 573 2071 nunc
611 2030 755 2071 omnia
791 2030 895 2070 belli
931 2030 1107 2071 vulnera
1139 2030 1328 2071 sananda
1360 2033 1473 2084 sunt,

135 2088 290 2141 quibus
321 2090 492 2141 praeter
524 2090 567 2128 te
599 2088 759 2128 mederi
789 2102 915 2129 nemo
946 2091 1104 2141 potest.
1165 2087 1318 2141 Itaque
1349 2088 1472 2129 illam
1485 2094 1530 2126 25

79 2161 114 2187 35
133 2148 253 2186 tuam
290 2145 680 2199 praeclarissimam
716 2148 760 2186 et
792 2146 1157 2199 sapientissimam
1187 2160 1336 2187 vocem
1366 2146 1473 2187 invi-

133 2206 204 2244 tus
248 2203 408 2245 audivi:
453 2202 586 2245 ‘Satis
624 2203 696 2244 diu
732 2204 800 2244 vel
836 2206 1014 2244 naturae
1052 2204 1139 2244 vixi
1176 2203 1244 2244 vel
1280 2203 1470 2258 gloriae?

135 2259 269 2315 Satis,
313 2262 350 2303 si
393 2262 455 2302 ita
498 2262 582 2314 vis,
625 2261 811 2302 fortasse
853 2264 1051 2314 naturae,
1095 2261 1203 2303 addo
1242 2262 1391 2312 etiam,
1435 2262 1473 2304 si
