1671 2543
162 202 190 245 5

147 263 191 294 10

149 931 188 963 11

165 2194 191 2234 6

209 111 292 152 166
597 111 649 146 ΙΝ
673 110 712 145 L.
738 109 952 145 PISONEM
978 110 1168 148 ORATIO.

293 218 514 273 Nondum,
554 233 660 273 quae
699 219 869 273 feceris,
908 219 981 260 sed
1019 234 1127 274 quae
1162 219 1256 260 fieri
1287 234 1441 274 passus
1474 219 1546 273 sis7

206 278 312 320 dico.
362 277 513 332 Neque
540 293 639 319 vero
667 278 852 319 multum
877 278 1070 332 interest,
1099 279 1356 333 praesertim
1380 279 1426 320 in
1451 293 1548 320 con-

206 337 310 392 sule,
335 339 482 378 utrum
508 337 599 390 ipse
625 336 877 390 perniciosis
897 337 1080 392 legibus,
1106 337 1317 392 improbis
1339 337 1547 379 contioni-

204 397 285 437 bus
318 410 409 437 rem
434 395 652 449 publicam
678 398 802 436 vexet
827 410 882 436 an
908 396 1015 437 alios
1040 410 1193 437 vexare
1219 396 1424 451 patiatur.
1476 395 1547 437 An

204 457 351 509 potest
387 454 477 495 ulla
514 468 606 495 esse
644 454 863 495 excusatio
894 469 982 496 non
1013 455 1154 496 dicam
1184 455 1296 496 male
1330 454 1546 508 sentienti,
1583 476 1601 501 5

206 513 279 554 sed
300 513 476 566 sedenti)
498 512 731 567 cunctanti,
751 513 981 554 dormienti
1000 514 1046 554 in
1064 513 1252 555 maximo
1273 514 1335 555 rei
1347 513 1546 568 publicae

205 575 328 613 motu
373 571 567 613 consuli?
630 570 815 613 Centum
855 586 988 627 prope
1026 587 1160 614 annos
1198 573 1339 627 legem
1376 572 1547 614 Aeliam

205 633 250 671 et
280 630 449 671 Fufiam
481 632 767 683 tenueramus,
800 631 1138 686 quadringentos
1169 631 1377 672 iudicium
1406 631 1546 672 notio-

204 704 387 744 nemque
426 689 675 730 censoriam.
739 689 854 738 Quas
892 689 1008 745 leges
1042 704 1170 731 ausus
1203 693 1270 731 est
1300 704 1388 731 non
1417 704 1545 731 nemo

204 748 439 802 improbus,
470 748 615 801 potuit
642 747 815 802 quidem
839 763 965 789 nemo
993 749 1242 803 convellere,
1275 763 1403 802 quam
1427 751 1547 803 pote·
1566 769 1601 794 10

206 803 375 848 statem'
392 807 595 859 minuere,
629 821 712 860 quo
741 807 881 848 minus
908 807 958 847 de
984 808 1177 849 moribus
1203 807 1366 848 nostris
1394 807 1545 861 quinto

206 880 375 919 quoque
413 880 524 906 anno
562 865 841 920 iudicaretur,
883 880 1009 907 nemo
1048 868 1140 907 tam
1177 866 1307 907 effuse
1346 865 1545 920 petulans

206 927 385 966 conatus
412 927 490 978 est,
515 923 621 965 haec
647 927 759 978 sunt,
787 939 810 966 o
832 924 1038 965 carnifex!
1070 925 1115 966 in
1133 925 1355 979 prooemio
1378 924 1548 978 sepulta

206 983 455 1024 consulatus
494 983 570 1023 tui.
626 982 888 1037 Persequere
921 983 1191 1025 continentes
1223 983 1291 1025 his
1322 983 1546 1024 funeribus

205 1042 306 1082 dies.
368 1041 452 1083 Pro
484 1041 661 1082 Aurelio
700 1042 908 1085 tribunali
945 1057 998 1083 ne
1031 1043 1254 1084 conivente
1287 1042 1460 1097 quidem
1491 1044 1546 1096 te,
1566 1062 1600 1088 15

206 1100 319 1155 quod
344 1101 487 1155 ipsum
512 1103 626 1141 esset
652 1101 802 1155 scelus,
835 1101 908 1142 sed
935 1101 1067 1142 etiam
1091 1101 1370 1143 hilarioribus
1398 1101 1546 1155 0011113,

206 1174 334 1213 quam
373 1159 527 1200 solitus
567 1173 678 1213 0133,
715 1160 911 1200 intuente
951 1160 1132 1201 dilectus
1166 1175 1387 1202 servorum
1417 1159 1547 1201 habe-

204 1219 334 1259 batur
371 1218 425 1258 ab
464 1232 530 1270 00,
570 1218 643 1271 qui
679 1218 787 1258 nihil
827 1219 910 1259 sibi
947 1233 1153 1273 umquam
1186 1233 1265 1260 nec
1295 1218 1436 1260 facere
1466 1233 1546 1260 nec

204 1277 298 1331 pati
335 1279 461 1330 turpe
499 1291 590 1316 esse
629 1276 761 1317 duxit.
824 1277 959 1317 Arma
996 1278 1042 1318 in
1073 1277 1235 1331 templo
1269 1276 1482 1331 Castoris,
1520 1291 1545 1318 o

204 1335 401 1390 proditor
443 1335 706 1388 templorum
751 1336 959 1376 omnium!
1010 1335 1180 1376 vidente
1223 1338 1266 1376 te
1311 1336 1542 1377 constitue-
1562 1356 1597 1381 20

205 1394 365 1435 bantur
390 1393 443 1433 ab
471 1407 520 1434 eo
548 1394 726 1446 latrone,
753 1394 821 1435 cui
847 1394 1057 1448 templum
1077 1394 1185 1435 illud
1204 1394 1289 1435 fuit
1309 1396 1350 1435 te
1372 1395 1545 1436 consule

206 1467 282 1493 arx
323 1451 480 1493 civium
517 1452 802 1505 perditorum,
846 1453 1164 1506 receptaculum
1201 1455 1394 1494 veterum
1432 1452 1546 1495 Cati-

205 1511 318 1552 linae
356 1510 561 1564 militum,
605 1511 831 1552 castellum
868 1511 1051 1552 forensis
1089 1512 1325 1565 latrocinii,
1369 1512 1546 1552 bustum

205 1569 350 1624 legum
377 1569 569 1610 omnium
595 1584 645 1610 ac
669 1569 938 1624 religionum.
982 1570 1091 1611 Erat
1116 1585 1204 1611 non
1229 1571 1370 1612 solum
1392 1570 1544 1612 domus

205 1642 311 1681 mea,
344 1627 416 1668 sed
449 1630 592 1668 totum
623 1628 841 1669 Palatium
874 1632 1037 1682 senatu,
1070 1629 1288 1683 equitibus
1321 1629 1542 1684 Romanis,
1562 1648 1596 1674 25

206 1687 381 1728 civitate
426 1687 561 1740 0111111,
606 1686 736 1728 Italia
780 1690 933 1728 cuncta
970 1688 1195 1742 refertum,
1239 1703 1336 1729 cum
1373 1691 1422 1729 tu
1458 1703 1548 1730 non

205 1746 332 1786 modo
378 1744 430 1785 ad
474 1759 570 1786 011111
617 1744 902 1798 [Ciceronem]
950 1745 1097 1800 (mitto
1143 1747 1257 1788 enim
1297 1747 1546 1801 domestica,

207 1818 314 1858 quae
356 1804 507 1858 negari
548 1807 748 1859 possunt3
790 1804 897 1846 haec
941 1820 1247 1860 commemoro,
1293 1819 1399 1859 quae
1444 1809 1546 1847 sunt

205 1860 369 1917 palam)
418 1877 506 1903 non
549 1864 694 1917 modo7
743 1863 936 1918 inquam,
987 1865 1040 1905 ad
1084 1879 1199 1918 011111,
1249 1865 1317 1905 0111
1359 1864 1546 1919 primam

205 1921 393 1962 comitiis
425 1921 512 1962 tuis
546 1922 720 1963 dederas
754 1923 947 1964 tabulam
975 1923 1314 1978 praerogativae,
1348 1937 1475 1977 quem
1499 1923 1601 1967 11131)

206 1982 359 2021 senatu
397 1981 658 2022 sententiam
689 1982 873 2035 rogabas
907 1982 1103 2035 tertium,
1139 1996 1376 2035 numquam
1408 1981 1546 2035 adspi—

205 2039 324 2091 rasti,
356 2039 431 2080 sed
456 2039 655 2080 omnibus
682 2040 884 2094 consiliis,
912 2055 1019 2094 quae
1046 2041 1098 2081 ad
1124 2055 1191 2081 1110
1218 2040 1546 2094 opprimendum

205 2097 482 2152 parabantur,
512 2112 600 2139 non
624 2098 862 2140 interfuisti
888 2099 1039 2153 solum,
1071 2113 1219 2140 verum
1245 2099 1378 2139 etiam
1403 2098 1547 2140 crude·

206 2154 368 2196 lissime
400 2156 638 2210 praefuisti.

294 2213 404 2254 Mihi
435 2229 535 2256 vero
568 2215 652 2269 ipsi
684 2230 829 2256 coram
861 2230 1017 2271 genero
1054 2230 1162 2270 meo,
1191 2215 1435 2269 propinquo
1468 2218 1544 2257 tuo
1564 2232 1600 2259 35

208 2284 314 2323 quae
347 2272 486 2313 dicere
519 2288 648 2314 ausus
681 2274 755 2315 es?
804 2274 944 2329 Egere
978 2274 1271 2316 sordidissime
1301 2273 1547 2328 Gabinium,

207 2328 296 2369 sine
323 2331 544 2383 provincia
571 2334 683 2374 stare
709 2347 796 2374 non
821 2348 960 2388 posse,
992 2347 1112 2387 spem
1136 2333 1293 2373 habere
1321 2346 1345 2373 a
1371 2333 1547 2374 tribuno
