1671 2543
519 73 620 110 CAP.
647 79 785 110 67—69
810 78 830 117 ξ
855 78 1051 110 140-145.
1399 75 1456 116 63

110 183 352 238 praesentis
377 182 544 225 fruetus
569 183 862 239 neglegamus,
888 183 1159 238 posteritatis
1187 183 1350 239 gloriae
1372 198 1455 225 ser-

112 242 298 296 viamus,
328 242 372 283 id
404 256 496 284 esse
529 243 742 297 optimum
773 246 986 297 putemus,
1019 243 1133 297 quod
1161 242 1242 283 erit
1268 242 1454 284 rectissi-

113 316 249 355 mum,
290 315 526 355 speremus,
566 315 673 355 quae
710 301 927 355 volumus,
964 301 1054 356 sed,
1094 301 1206 355 quod
1239 301 1455 355 acciderit,

112 359 319 414 feramus,
359 360 598 415 cogitemus
638 359 820 414 denique
859 375 1012 414 corpus
1050 360 1241 401 virorum
1274 359 1454 401 fortium

77 430 93 455 5
113 432 453 474 magnorumque
484 419 710 460 hominum
737 433 829 460 esse
856 419 1051 473 mortale,
1083 419 1214 460 animi
1240 433 1341 460 vero
1367 433 1455 460 mo-

112 480 183 519 tus
231 480 275 518 et
316 477 493 518 virtutis
538 478 723 532 gloriam
768 478 1092 532 sempiternam,
1139 492 1295 532 neque,
1343 477 1454 519 hanc

113 536 359 590 opinionem
390 536 427 577 si
458 536 503 577 in
534 537 609 578 1110
643 537 916 578 sanctissimo
942 535 1128 578 Hercule
1160 539 1450 578 consecratam

110 595 317 649 videmus,
343 595 463 636 cuius
491 609 667 649 corpore
695 596 895 637 ambusto
918 595 1053 636 vitam
1074 595 1163 636 eius
1185 598 1227 636 et
1246 595 1454 637 virtutem.

111 654 420 695 immortalitas
447 654 663 708 excepisse
688 654 865 708 dicatur,
891 654 1033 695 minus
1054 654 1347 695 existimemus
1369 669 1454 707 eos,

60 725 93 750 10
113 713 188 767 qui
212 712 323 754 hanc
349 715 517 753 tantam
544 727 634 754 rem
659 713 878 767 publicam
905 713 993 754 suis
1021 713 1210 754 consiliis
1238 716 1312 754 aut
1337 713 1455 755 labo-

111 772 231 813 ribus
264 774 339 812 aut
370 771 568 812 auxerint
600 775 675 812 aut
706 771 972 813 defenderint
1005 774 1080 813 aut
1104 772 1328 827 servarint,
1360 786 1454 813 esse

110 830 402 872 immortalem
434 830 618 886 gloriam
652 833 916 872 consecutos.

202 888 284 930 Sed
304 904 372 931 me
392 892 579 943 repente,
598 889 770 943 iudices,
791 890 840 930 de
860 889 1198 930 fortissimorum
1212 892 1255 930 et
1270 889 1452 931 clarissi-

112 962 281 989 morum
319 948 477 989 civium
514 947 724 1002 dignitate
764 950 807 988 et
842 948 981 1003 gloria
1012 948 1225 989 dicentem
1257 951 1300 989 et
1329 948 1454 1002 plura

60 1017 94 1043 15
114 1007 245 1048 etiam
280 1007 418 1048 dicere
450 1009 675 1060 parantem
705 1006 860 1047 horum
895 1008 1092 1060 aspectus
1124 1007 1170 1047 in
1201 1007 1295 1061 ipso
1329 1021 1451 1048 cursu

114 1066 322 1107 orationis
360 1064 576 1119 repressit.
642 1064 775 1106 Video
807 1065 853 1105 P.
887 1064 1093 1113 Sestium,
1132 1079 1250 1106 meae
1289 1065 1456 1120 salutis,

112 1126 279 1166 vestrae
312 1124 603 1177 auctoritatis,
637 1123 834 1178 publicae
867 1138 1018 1165 causae
1051 1114 1330 1178 defensorem,
1360 1139 1456 1178 pro-

112 1185 411 1238 pugnatorem,
443 1185 645 1235 actorem,
677 1196 815 1236 reum·
846 1182 968 1223 video
994 1182 1109 1224 hunc
1134 1185 1455 1236 praetextatum

113 1242 203 1284 eius
229 1241 366 1282 filium
393 1241 527 1282 oculis
554 1241 880 1282 lacrimantibus
900 1255 966 1282 me
986 1241 1244 1295 intuentem,
1269 1241 1391 1282 video
1409 1242 1455 1282 Τ.

60 1312 94 1336 20
112 1300 331 1354 Milonem,
362 1300 574 1341 vindicem
603 1302 770 1341 vestiae
796 1299 1023 1353 libertatis,
1056 1300 1276 1341 custodem
1304 1300 1454 1341 salutis

113 1373 250 1414 meae,
295 1358 533 1400 subsidium
577 1358 773 1400 adflictae
816 1358 879 1399 rei
915 1334 1131 1412 publicae,
1173 1358 1455 1400 extinctorem

113 1417 339 1460 domestici
387 1417 623 1471 latrocinii,
673 1431 962 1471 repressorem
1013 1417 1153 1458 caedis
1204 1417 1454 1470 cotidianae,

115 1476 381 1518 defensorem
429 1476 691 1530 templorum
741 1478 870 1530 atque
913 1478 1145 1530 tectorum,
1194 1476 1455 1530 praesidium

117 1535 269 1590 curiae,
301 1535 566 1576 sordidatum
598 1538 641 1576 et
666 1549 805 1588 reum3
836 1534 959 1576 video
986 1534 1031 1575 P.
1057 1533 1303 1589 Lentulum,
1336 1535 1455 1576 cuius

61 1604 96 1630 25
117 1608 197 1649 ego
240 1596 408 1647 patrem
453 1593 577 1634 deum
622 1607 670 1634 ac
713 1596 936 1647 parentem
979 1595 1125 1634 statuo
1168 1592 1368 1634 fortunae
1407 1607 1456 1634 ac

115 1652 302 1694 nominis
345 1651 430 1692 mei
474 1654 518 1692 et
560 1651 708 1692 fratris
745 1652 1065 1705 liberorumque
1102 1654 1368 1705 nostrorum,
1411 1652 1456 1692 in

115 1712 197 1753 hoc
235 1710 391 1751 misero
430 1710 627 1764 squalore
664 1712 707 1750 et
738 1710 955 1763 sordibus,
994 1710 1061 1751 cui
1094 1710 1289 1763 superior
1321 1724 1455 1751 annus

115 1770 229 1810 idem
268 1772 311 1810 et
347 1768 516 1809 virilem
553 1768 689 1821 patris
728 1771 771 1809 et
806 1770 1073 1822 praetextam
1110 1768 1260 1822 populi
1297 1768 1454 1809 iudicio

116 1832 266 1884 togam
298 1826 473 1880 dederit,
503 1826 616 1867 hunc
646 1826 728 1867 hoc
761 1841 871 1867 anno
903 1826 949 1867 in
978 1826 1057 1867 hac
1088 1829 1192 1881 toga
1217 1826 1456 1881 rogationis

64 1898 98 1922 30
117 1886 424 1927 iniustissimae
451 1884 639 1926 subitam
662 1884 941 1926 acerbitatem
965 1898 1043 1938 pro
1069 1887 1191 1938 patre
1216 1884 1455 1925 fortissimo

118 1949 162 1986 et
205 1944 442 1986 clarissimo
488 1943 576 1984 cive
621 1943 931 1997 deprecantem.
999 1942 1143 1996 Atque
1187 1942 1258 1984 1110
1301 1946 1370 1984 tot
1414 1946 1456 1984 et
1474 1950 1541 1983 145

117 2004 270 2044 talium
296 2003 453 2044 civium
480 2001 665 2056 squalor,
689 2001 760 2043 1110
784 2001 938 2066 luctus,
962 2001 1042 2042 1100
1069 2001 1214 2042 sordes
1235 1998 1456 2067 susceptae

118 2065 218 2103 sunt
259 2064 436 2116 propter
475 2074 608 2101 unum
645 2074 731 2113 me,
775 2060 875 2113 quia
911 2075 977 2101 me
1015 2059 1312 2104 defenderunt
1356 2061 1457 2114 quia

117 2135 260 2162 meum
298 2134 443 2162 casum
479 2119 726 2172 luctumque
764 2118 1008 2171 doluerunt,
1048 2118 1148 2172 quia
1184 2133 1251 2160 me
1291 2118 1457 2173 lugenti

65 2192 99 2216 3⁵
118 2180 296 2233 patriae,
321 2178 538 2234 flagitanti
565 2176 743 2229 senatui,
768 2177 964 2231 poscenti
989 2176 1155 2230 Italiae,
1180 2177 1304 2218 vobis
1325 2177 1457 2218 omni-

118 2239 199 2279 bus
238 2238 460 2278 orantibus
499 2235 782 2276 reddiderunt.
846 2235 967 2284 Quod
1005 2237 1176 2276 tantum
1215 2238 1280 2276 est
1313 2235 1358 2276 in
1388 2250 1456 2276 me

119 2296 286 2337 scelus?
319 2296 420 2350 quid
451 2297 574 2336 tanto
608 2307 732 2346 opere
765 2293 924 2347 deliqui
956 2293 1030 2335 1110
1063 2293 1141 2346 die,
1177 2309 1270 2335 cum
1303 2295 1353 2334 ad
1379 2308 1455 2335 vos

1469 922 1537 953 144
