1671 2543
544 82 646 117 CAP.
673 85 786 117 9—11
813 85 832 124 s
859 84 1008 117 23—29.
1360 80 1446 122 267

103 192 220 246 vicit,
244 206 331 233 non
359 191 499 232 solum
519 204 616 232 cum
636 189 871 244 chlamyde,
897 189 970 231 sed
991 189 1123 230 etiam
1143 204 1239 231 cum
1261 189 1445 243 crepidis

103 252 150 293 111
180 250 396 305 Capitolio
434 251 625 291 statuam
661 248 835 302 videtis3
874 263 1058 302 quorum
1092 248 1329 302 impunitas
1361 247 1446 288 fuit

104 325 191 351 non
228 308 354 350 modo
393 323 418 349 a
448 307 624 361 iudicio,
661 307 735 348 sed
768 307 899 348 etiam
931 322 956 348 a
987 321 1193 348 sermone.
1255 306 1445 348 Facilius

107 370 220 411 certe
246 367 292 408 P.
323 366 537 408 Rutilium
562 365 724 407 Rufum
754 366 1025 407 necessitatis
1058 365 1276 407 excusatio
1306 364 1447 406 defen-

70 445 86 470 5
107 427 196 480 det3
228 426 301 480 qui
334 440 430 467 cum
462 439 487 466 a
517 424 770 465 Mithridate
802 423 1025 478 Mytilenis
1058 438 1288 478 oppressus
1320 426 1447 477 esset,

106 485 404 528 crudelitatem
435 484 549 538 regis
581 483 626 524 in
657 486 832 538 togatos
864 483 1048 525 vestitus
1075 483 1314 525 mutatione
1340 482 1447 524 vita-

105 544 181 586 vit.
229 543 347 598 Ergo
373 542 445 584 ille
471 542 516 583 P.
537 541 740 595 Rutilius,
773 542 845 596 qui
874 542 1178 583 documentum
1202 541 1286 582 fuit
1311 541 1448 582 homi-

104 603 232 644 nibus
268 601 429 643 nostris
464 600 651 653 virtutis,
684 601 970 654 antiquitatis,
1002 600 1267 655 prudentiae,
1299 614 1447 642 consu-

106 661 208 702 laris
240 660 369 702 homo
404 674 550 701 soccos
582 659 735 700 habuit
768 663 810 700 et
841 660 1034 713 pallium,
1070 673 1148 700 nec
1179 673 1279 700 vero
1305 659 1348 699 id
1373 658 1448 699 ho-

56 739 88 764 10
108 720 213 761 mini
238 722 332 760 tum
359 719 598 773 quisquam,
624 718 697 759 sed
723 718 908 772 tempori
935 717 1241 773 assignandum
1259 717 1448 771 putavit3

107 779 314 820 Postumo
354 777 515 819 crimen
548 777 732 818 vestitus
765 777 914 817 afferet
946 777 1002 830 is,
1041 777 1085 817 in
1118 790 1201 830 quo
1235 790 1332 830 spes
1363 775 1448 816 fuit

106 851 233 891 posse
260 850 351 877 sese
379 836 607 890 aliquando
631 836 684 876 ad
703 835 898 876 fortunas
920 850 1018 876 suas
1039 835 1289 889 pervenire?
1321 833 1504 884 Nam,28

107 899 156 937 ut
183 897 360 937 ventum
386 897 451 936 est
483 894 808 948 Alexandream,
834 894 1007 947 iudices,
1037 894 1143 935 haec
1175 908 1260 934 una
1284 893 1396 934 ratio
1424 907 1450 933 a

108 968 208 1010 rege
251 953 475 1008 proposita
517 952 726 994 Postumo
771 956 837 994 est
878 952 1108 994 servandae
1146 952 1368 1006 pecuniae,
1413 951 1450 992 si

57 1031 90 1056 15
111 1012 376 1055 curationem
403 1014 446 1053 et
466 1012 588 1065 quasi
609 1011 973 1065 dispensationem
992 1011 1157 1066 regiam
1178 1010 1449 1064 suscepisset.

108 1071 159 1113 Id
191 1073 335 1112 autem
366 1070 504 1111 facere
531 1084 618 1111 non
643 1073 827 1124 poterat,
858 1070 943 1111 nisi
970 1070 1182 1111 dioecetes
1209 1069 1310 1123 (hoc
1336 1068 1451 1110 enim

107 1129 279 1171 1101111119
305 1129 444 1170 utitur
462 1129 493 1182 †
514 1127 767 1183 quiaretiae)
795 1131 907 1170 esset
928 1129 1202 1170 constitutus.
1243 1128 1451 1169 Odiosum

107 1188 330 1244 negotium
362 1187 570 1229 Postumo
608 1187 850 1237 videbatur,
889 1188 961 1228 sed
998 1190 1092 1228 erat
1122 1187 1242 1228 nulla
1274 1186 1449 1228 omnino

109 1247 343 1306 recusatio,
369 1246 600 1287 molestum
627 1246 757 1287 etiam
782 1260 939 1287 nomen
961 1246 1115 1300 ipsum,
1143 1246 1216 1286 sed
1235 1260 1302 1286 res
1322 1245 1452 1286 habe—

56 1323 91 1348 20
110 1307 186 1347 bat
215 1300 372 1346 nomen
401 1305 483 1346 hoc
517 1305 628 1358 apiid
657 1305 770 1355 illos,
800 1319 887 1346 non
918 1304 989 1346 hic
1017 1305 1293 1358 imposuerat
1345 1303 1452 1344 Ode-

110 1366 178 1405 rat
208 1363 415 1405 vestitum
440 1361 572 1404 etiam
597 1363 732 1417 illum,
765 1363 838 1404 sed
865 1363 955 1404 sine
983 1377 1031 1404 9ο
1058 1378 1136 1404 1199
1161 1378 1319 1404 nomen
1344 1361 1453 1402 illud

109 1425 281 1487 poterat
310 1436 388 1463 nec
425 1436 579 1472 munus
612 1422 734 1484 tueri.
797 1422 915 1477 Ergo
949 1421 1146 1463 aderat
1178 1421 1275 1462 vis'
1309 1424 1358 1462 ut
1391 1421 1453 1461 ait

110 1484 240 1534 poeta
269 1480 349 1521 1119
373 1483 552 1534 noster,
642 1504 659 1514 -
784 1504 788 1508 -
1128 1484 1151 1506 s

286 1546 427 1615 qua‘e
460 1576 678 1603 summas
709 1562 902 1617 frangit
933 1562 1271 1616 infirmatque
1305 1560 1454 1616 opes'

59 1673 94 1699 25
201 1653 484 1708 ‘Moreretur3
526 1654 712 1719 inquies,
754 1669 855 1695 nam
898 1654 941 1695 id
986 1655 1190 1708 sequitur.
1261 1654 1454 1696 Fecisset
1469 1657 1514 1689 29

114 1715 245 1766 certe,
290 1713 325 1753 si
371 1712 480 1753 sine
503 1712 688 1753 maximo
733 1713 935 1754 dedecore
979 1715 1070 1753 tam
1109 1713 1328 1766 impeditis
1367 1713 1455 1753 suis

113 1772 241 1813 rebus
272 1770 485 1835 potuisset
519 1771 702 1822 [emori].
763 1770 911 1811 Nolite
943 1770 1078 1825 igitur
1109 1770 1329 1812 fortunam
1360 1785 1456 1811 con·
1472 1772 1523 1814 11

114 1832 278 1871 vertere
314 1829 359 1869 111
390 1829 558 1882 culpam
589 1842 726 1882 neque
758 1828 872 1883 regis
904 1828 1104 1869 iniuriam
1135 1828 1263 1870 huius
1296 1829 1458 1870 crimen

114 1891 266 1942 putare
309 1901 388 1928 nec
429 1886 654 1928 consilium
692 1901 743 1927 ex
778 1887 1034 1927 necessitate
1073 1901 1151 1928 nec
1189 1887 1458 1928 voluntatem

62 1964 97 1989 30
117 1961 167 1987 ex
198 1946 241 1987 vi
272 1945 565 1999 interpretari,
599 1944 683 1985 nisi
714 1944 825 1985 forte
858 1959 930 1986 eos
963 1945 1110 1999 etiam,
1138 1945 1211 1999 qui
1242 1946 1288 1986 in
1318 1945 1459 1986 hostis

117 2007 192 2045 aut
223 2004 267 2045 in
298 2004 534 2058 praedones
565 2003 809 2056 inciderint,
841 2003 877 2044 si
910 2003 1035 2044 aliter
1068 2004 1289 2057 quippiam
1321 2004 1459 2045 coacti

114 2063 277 2104 faciant
307 2076 354 2104 ac
384 2062 529 2115 libere,
561 2061 863 2115 vituperandos
894 2064 1030 2115 putes.
1091 2061 1230 2103 Nemo
1261 2065 1460 2103 nostrum

116 2121 305 2186 ignorat,
351 2120 520 2162 etiamsi
564 2119 727 2173 experti
769 2134 857 2161 non
900 2133 1063 2174 sumus,
1109 2121 1461 2162 consuetudinem

117 2179 291 2234 regiam.
340 2179 509 2234 Regum
534 2181 677 2219 autem
703 2181 803 2219 sunt
828 2178 967 2220 haec
957 2178 1153 2232 lmperia:
1205 2178 1463 2220 ‘Animad-

65 2253 99 2278 35
119 2213 259 2311 veirte
292 2252 346 2279 ac
378 2238 518 2279 dicto
550 2235 684 2291 pare'
718 2239 761 2277 et
793 2235 1022 2277 ‘Praeter
1054 2237 1386 2292 rogitatum'
1367 2252 1397 2292 Τ
1423 2237 1462 2279 si

117 2294 213 2349 pie’
247 2298 290 2336 et
321 2296 419 2337 illae
452 2296 608 2336 minae:
