1671 2543
545 91 646 126 CAP.
674 95 785 127 8--11
814 95 833 134 ς
860 94 1008 127 21-26.
1365 91 1447 132 531

113 202 309 256 fecimus,
345 201 495 243 urbem
527 202 571 242 et
601 214 669 242 res
702 200 886 241 urbanas
918 200 1140 241 vobiscum
1171 199 1331 254 pariter
1363 202 1451 242 tue-

112 261 267 302 bimur.
334 259 483 315 Neque
527 273 626 301 vero
672 273 819 300 recuso
859 272 1011 300 munus
1048 258 1147 313 hoc,
1191 272 1451 312 quamquam

112 320 317 375 populum
361 318 603 361 Romanum
647 318 768 359 video
813 332 889 372 pro
935 332 1001 359 me
1039 331 1244 359 recusare.
1312 316 1450 359 Nemo

114 393 181 421 me
206 378 347 420 minus
374 377 561 427 timidus,
589 391 714 418 nemo
742 380 886 417 tamen
914 377 1090 418 cautior.
1140 375 1225 418 Res
1251 376 1451 418 declarat.

78 453 94 478 ο
114 436 356 479 Vicesimus
395 450 529 478 annus
562 438 645 490 est,
683 449 777 477 cum
812 449 958 477 omnes
992 435 1189 477 scelerati
1221 449 1287 477 me
1319 450 1452 476 unum

113 498 278 551 petunt.
316 495 468 550 Itaque
493 494 588 549 ipsi,
613 508 664 536 ne
692 494 830 536 dicam
853 494 971 549 mihi,
997 494 1058 536 rei
1078 494 1273 548 publicae
1292 508 1451 548 poenas

113 555 341 607 dederunt,
382 569 448 596 me
490 554 656 595 salvum
695 553 831 595 adhuc
869 567 936 595 res
974 553 1147 607 publica
1184 553 1453 595 conservavit

115 613 210 656 sibi.
277 612 442 655 Timide
484 612 566 655 hoc
607 612 764 666 dicam,
807 612 895 654 scio
934 612 1045 653 enim
1085 611 1252 666 quidvis
1290 612 1454 653 homini

114 672 304 715 accidere
330 686 473 727 posse3
499 685 644 713 verum
672 675 815 712 tamen
842 671 971 712 semel
1001 671 1305 713 circumsessus
1332 671 1453 712 lectis

64 750 96 774 10
115 731 508 774 valentissimorum
552 730 775 772 hominum
818 730 980 771 viribus
1025 730 1156 771 cecidi
1201 730 1357 783 sciens,
1405 732 1454 771 ut

113 790 418 833 honestissime
449 803 621 844 possem
653 803 868 844 exurgere.
920 788 1155 830 Possumne
1186 789 1321 844 igitur
1347 789 1453 830 satis
1468 796 1512 827 25

115 849 249 892 videri
287 853 454 902 cautus,
493 849 599 890 satis
631 848 852 902 providus,
891 848 925 889 si
958 862 1025 888 me
1056 847 1156 889 huic
1187 848 1332 889 itineri
1365 850 1454 889 tam

115 907 272 950 infesto
318 911 491 962 tamque
536 907 775 962 periculoso
821 906 1106 948 commisero?
1159 905 1367 948 Gloriam
1410 907 1455 948 in

115 970 254 1009 morte
298 967 455 1009 debent
497 966 544 1020 ii,
590 966 661 1020 qui
706 966 748 1007 in
792 980 836 1007 re
874 966 1047 1019 publica
1083 968 1325 1017 versantur,
1368 980 1455 1007 non

65 1044 96 1068 15
117 1026 266 1080 culpae
318 1025 690 1080 reprehensionem
741 1028 785 1066 et
833 1024 1045 1066 stultitiae
1096 1024 1455 1078 vituperationem

118 1085 366 1139 relinquere.
434 1082 538 1132 Quis
582 1084 720 1125 bonus
758 1097 842 1125 non
878 1083 998 1139 luget
1035 1086 1218 1124 mortem
1256 1082 1455 1137 Treboni,

118 1144 213 1198 quis
250 1157 336 1185 non
373 1143 490 1184 dolet
527 1142 750 1184 interitum
789 1142 888 1183 talis
928 1145 971 1183 et
1009 1142 1112 1184 civis
1150 1144 1193 1183 et
1225 1142 1334 1183 viri?
1395 1141 1456 1183 At

118 1205 229 1256 sunt,
265 1202 337 1256 qui
369 1201 513 1243 dicant
544 1200 666 1256 (dure
698 1201 762 1241 illi
795 1201 976 1255 quidem,
1008 1200 1081 1242 sed
1113 1204 1258 1242 tamen
1290 1199 1456 1256 dicunt)

118 1262 258 1303 minus
291 1261 535 1314 dolendum,
574 1260 686 1314 quod
719 1260 771 1301 ab
803 1259 976 1301 homine
1007 1260 1175 1313 impuro
1207 1259 1456 1313 nefarioque

65 1334 203 1362 2011011
235 1320 407 1362 caverit.
457 1319 643 1372 Etenim,
676 1318 748 1372 qui
780 1319 1016 1360 multorum
1045 1318 1265 1360 custodem
1292 1332 1336 1360 se
1362 1333 1456 1372 pro-

116 1379 304 1431 fiteatur,
330 1392 427 1420 eum
453 1377 666 1431 sapientes
693 1377 758 1418 sui
784 1377 970 1431 primum
997 1378 1149 1431 capitis
1177 1377 1297 1418 aiunt
1320 1379 1457 1419 custo-

119 1438 215 1479 dem
241 1451 333 1478 esse
359 1440 569 1491 oportere.
608 1435 716 1478 Cum
743 1439 916 1490 saeptus
943 1436 1002 1478 sis
1027 1436 1196 1491 legibus
1221 1439 1264 1477 et
1283 1436 1458 1478 iudicio-

119 1510 214 1537 rum
246 1498 381 1548 metu,
410 1509 497 1537 non
529 1498 630 1536 sunt
661 1495 804 1537 omnia
835 1495 1025 1536 timenda
1056 1509 1192 1548 neque
1226 1494 1278 1535 ad
1311 1509 1457 1536 omnes

119 1554 296 1596 insidias
333 1553 546 1607 praesidia
578 1554 829 1607 quaerenda.
893 1553 997 1602 Quis
1030 1554 1142 1594 enim
1176 1553 1330 1594 audeat
1361 1553 1457 1607 luci,

67 1630 100 1656 25
121 1613 216 1667 quis
254 1612 298 1653 in
330 1612 508 1652 militari
539 1612 624 1665 via,
663 1612 757 1666 quis
789 1612 896 1653 bene
929 1612 1199 1665 comitatum,
1238 1612 1332 1665 quis
1364 1611 1457 1652 illu-

120 1676 253 1714 strem
279 1670 486 1726 aggredi?
530 1669 646 1711 Haec
672 1684 807 1724 neque
833 1670 915 1711 hoc
940 1672 1133 1724 tempore
1158 1684 1294 1723 neque
1321 1669 1366 1710 in
1391 1685 1457 1711 me
1472 1678 1516 1710 26

119 1731 275 1773 valent.
328 1728 428 1770 Non
459 1728 585 1769 modo
618 1728 730 1769 enim
762 1742 942 1782 poenam
974 1742 1060 1769 non
1093 1728 1353 1781 extimescet,
1387 1728 1459 1782 qui

122 1789 227 1830 mihi
253 1788 339 1829 vim
366 1787 572 1840 attulerit,
605 1786 676 1827 sed
703 1787 833 1828 etiam
859 1787 1040 1842 gloriam
1066 1787 1256 1841 sperabit
1282 1801 1305 1827 a
1330 1786 1459 1828 latro-

120 1862 224 1890 num
256 1846 459 1902 gregibus
492 1848 535 1886 et
566 1845 767 1899 praemia.

68 1923 103 1948 so
209 1905 328 1946 Haec
348 1918 427 1959 ego
448 1904 493 1945 in
512 1904 616 1945 urbe
636 1903 857 1958 provideo3
876 1903 1015 1945 facilis
1036 1907 1101 1945 est
1114 1903 1459 1958 circumspectus,
1479 1905 1525 1948 11

122 1964 232 2006 unde
264 1977 428 2015 exeam,
461 1976 543 2017 quo
575 1962 843 2018 progrediar,
876 1962 977 2016 quid
1010 1962 1062 2003 ad
1094 1962 1324 2016 dexteram,
1357 1962 1460 2016 quid

123 2023 176 2064 ad
207 2022 428 2064 sinistram
459 2021 527 2062 sit.
589 2019 705 2062 Num
731 2020 842 2062 idem
868 2020 913 2062 in
938 2021 1182 2075 Appennini
1210 2021 1459 2063 tramitibus

121 2081 260 2123 facere
298 2079 479 2135 potero?
519 2079 563 2120 in
601 2079 756 2133 quibus
793 2079 964 2121 etiamsi
994 2093 1081 2120 non
1113 2082 1238 2121 erunt
1268 2079 1460 2134 insidiae,

123 2154 231 2195 quae
262 2138 466 2181 facillime
498 2151 591 2180 esse
621 2140 837 2192 poterunt,
870 2138 1035 2179 animus
1068 2141 1213 2179 tamen
1238 2138 1320 2179 erit
1346 2138 1461 2180 solli—

71 2214 104 2241 35
123 2199 252 2252 citus,
289 2201 338 2239 ut
374 2196 483 2238 nihil
520 2197 660 2250 possit
697 2196 747 2238 de
780 2196 934 2238 officiis
966 2196 1194 2251 legationis
1228 2194 1460 2239 attendere.

124 2255 207 2299 Sed
252 2256 381 2312 effugi
419 2255 612 2308 insidias,
655 2255 828 2309 perrupi
867 2254 1185 2309 Appenninum,
1228 2269 1379 2310 nempe
1416 2255 1462 2297 in

125 2315 287 2358 Antoni
343 2327 621 2369 congressum
676 2313 1020 2368 colloquiumque
1076 2313 1329 2355 veniendum
1383 2317 1460 2356 est.

1175 2383 1247 2451 334*
