1671 2543
540 73 642 109 CAP.
672 77 808 108 12—15
833 77 853 116 s
878 78 1028 109 31-37.
1371 73 1458 115 429

112 180 384 223 occasionem
440 180 633 222 oblatam
682 183 844 235 tenete,
899 196 976 236 per
1025 181 1126 223 deos
1176 181 1457 234 immortales,

111 242 258 294 patres
297 239 548 294 conscripti,
587 242 630 281 et
668 239 926 294 amplissimi
965 240 1082 281 orbis
1115 243 1255 281 terrae
1289 239 1458 281 consilii

112 298 328 353 principes
371 312 449 340 vos
493 312 585 339 6336
629 298 859 353 aliquando
903 298 1206 340 recordamini!
1276 297 1458 353 Signum

112 357 210 398 date
252 357 413 412 populo
451 356 647 398 Romano
692 357 920 398 consilium
957 360 1150 398 vestrum
1186 371 1274 398 non
1311 357 1457 398 deesse

76 429 92 454 5
113 416 173 457 rei
205 415 415 470 publicae,
449 415 652 470 quoniam
682 416 755 457 ille
786 415 993 457 virtutem
1026 430 1148 457 suam
1179 430 1267 457 non
1292 415 1456 457 defutu-

112 488 205 516 ram
249 488 341 515 esse
385 474 626 529 profitetur.
693 473 816 516 Nihil
855 477 937 528 est,
982 474 1096 528 quod
1134 488 1332 516 moneam
1368 488 1457 515 vos.

111 532 251 574 Nemo
291 535 357 574 est
394 536 486 574 tam
524 533 702 587 stultus,
741 533 815 587 qui
851 547 939 574 non
968 532 1212 588 intellegat,
1251 533 1287 574 si
1318 532 1458 574 indor-

111 591 333 632 mierimus
359 591 461 633 huic
487 592 685 646 tempori,
711 606 798 633 non
824 591 951 632 modo
978 591 1192 633 crudelem
1212 592 1458 645 superbam-

112 664 193 704 que
227 650 565 692 dominationem
595 651 741 705 nobis,
779 651 852 692 sed
883 649 1219 705 ignominiosam
1251 649 1383 690 etiam
1414 652 1458 691 et

58 721 92 747 10
111 708 375 763 flagitiosam
400 708 619 750 ferendam
646 723 748 750 esse.
798 708 950 750 Nostis
976 708 1254 750 insolentiam
1278 708 1514 763 Antoni,35

110 767 250 809 nostis
283 767 456 821 amicos,
487 768 627 809 nostis
660 770 799 809 totam
830 768 1016 809 domum.
1076 766 1354 821 Libidinosis,
1386 781 1455 821 pe-

110 825 370 879 tulantibus,
404 826 598 880 impuris,
629 826 871 880 impudicis,
903 825 1178 880 aleatoribus,
1210 824 1340 866 ebriis
1373 839 1456 867 ser-

110 884 214 939 vire,
240 899 289 925 ea
315 899 483 925 summa
509 885 685 926 miseria
710 887 776 926 est
803 899 970 925 summo
992 884 1195 926 dedecore
1217 884 1457 925 coniuncta.

113 942 276 992 Quodsi
307 943 405 996 iam,
438 943 552 997 quod
584 943 626 984 di
656 958 782 984 omen
807 943 1020 984 avertant!
1053 942 1192 983 fatum
1218 945 1457 983 extremum

59 1020 91 1045 15
112 1001 174 1043 rei
214 1001 411 1056 publicae
449 1002 583 1055 venit,
628 1002 740 1056 quod
778 1001 1040 1056 gladiatores
1076 1001 1244 1042 nobiles
1282 1001 1458 1054 faciunt,

110 1062 160 1100 ut
197 1059 377 1101 honeste
416 1060 691 1114 decumbant,
729 1059 937 1101 faciamus
974 1074 1054 1101 nos
1091 1059 1306 1113 principes
1339 1059 1455 1100 orbis

111 1121 326 1159 terrarum
352 1119 633 1174 gentiumque
661 1119 864 1171 omnium,
888 1121 938 1159 ut
962 1133 1058 1159 cum
1079 1118 1290 1173 dignitate
1311 1118 1456 1171 potius

112 1177 313 1218 cadamus
353 1191 482 1231 quam
520 1192 617 1219 cum
654 1177 893 1233 ignominia
925 1177 1173 1218 serviamus.
1235 1175 1357 1217 Nihil
1390 1179 1456 1217 est
1470 1180 1514 1210 36

111 1235 412 1277 detestabilius
463 1236 685 1290 dedecore,
734 1235 842 1276 nihil
885 1235 1052 1276 foedius
1097 1235 1317 1276 servitute.
1389 1234 1458 1275 Ad

58 1313 94 1338 20
112 1294 239 1336 decus
278 1297 322 1336 et
359 1294 412 1335 ad
449 1294 697 1336 libertatem
733 1294 826 1335 nati
864 1308 1029 1347 sumus3
1068 1296 1143 1334 aut
1180 1293 1285 1334 haec
1316 1296 1458 1334 tenea—

111 1367 206 1394 mus
239 1356 316 1394 aut
348 1367 445 1394 cum
477 1353 689 1408 dignitate
721 1353 966 1394 moriamur.
1021 1351 1218 1393 Nimium
1249 1352 1322 1392 diu
1353 1351 1457 1392 texi-

112 1425 220 1470 mus,
253 1411 356 1465 quid
388 1411 664 1466 sentiremus3
702 1425 814 1452 nunc
845 1411 932 1452 iam
963 1413 1161 1464 apertum
1193 1413 1277 1464 est3
1309 1424 1456 1451 omnes

112 1464 398 1523 patefaciunt,
434 1470 479 1511 in
513 1473 742 1535 utramque
774 1472 943 1523 paitem
976 1469 1078 1523 quid
1110 1443 1317 1521 sentiaiit,
1356 1468 1457 1523 quid

112 1526 258 1567 velint.
316 1526 426 1568 Sunt
456 1528 579 1582 impii
606 1529 730 1582 cives,
762 1529 836 1569 sed
861 1542 940 1582 pro
967 1527 1146 1569 caritate
1173 1527 1235 1567 161
1259 1502 1456 1580 piiblicae

63 1603 96 1628 25
115 1584 297 1625 nimium
332 1586 471 1639 multi,
503 1589 653 1627 contra
684 1586 1004 1627 multitudinem
1037 1586 1144 1626 bene
1176 1585 1452 1626 sentientium

49 1646 52 1649 '
114 1643 344 1684 admodum
375 1643 518 1697 pauci3
551 1658 733 1709 quorum
766 1643 1142 1698 opprimendorum
1169 1643 1212 1683 di
1237 1643 1457 1684 immorta

113 1702 175 1742 les
213 1701 509 1742 incredibilem
546 1702 608 1742 rei
642 1702 839 1755 publicae
871 1704 1133 1755 potestatem
1165 1703 1209 1741 et
1239 1700 1457 1742 fortunam

114 1759 332 1800 dederunt.
393 1759 461 1800 Ad
494 1774 544 1800 ea
575 1759 687 1800 enim
718 1759 949 1812 praesidia,
982 1773 1088 1812 quae
1120 1759 1340 1812 habemus,
1371 1759 1457 1799 iam

115 1817 317 1859 accedent
346 1817 542 1858 consules
569 1832 735 1858 summa
760 1817 998 1871 prudentia,
1033 1817 1204 1869 virtute,
1231 1817 1458 1858 concordia

61 1894 96 1919 30
116 1876 276 1917 multos
315 1889 482 1916 menses
521 1876 571 1917 de
608 1876 758 1929 populi
788 1875 973 1916 Romani
1011 1875 1213 1916 libertate
1249 1889 1459 1916 commen-

116 1934 197 1975 tati
235 1937 364 1987 atque
402 1933 611 1974 meditati.
673 1933 754 1974 His
794 1933 1041 1974 auctoribus
1080 1936 1123 1974 61
1158 1933 1353 1985 ducibus,
1392 1933 1457 1974 dis

115 1992 377 2044 iuvantibus,
407 1992 534 2033 nobis
565 1992 847 2046 vigilantibus
880 1994 924 2032 et
955 1991 1141 2032 multum
1167 1991 1212 2031 in
1237 1994 1458 2044 posterum

115 2051 460 2106 providentibUS,
505 2051 665 2104 populo
710 2049 905 2091 Romano
954 2049 1248 2091 consentiente
1299 2049 1457 2091 erimus

115 2109 310 2163 profecto
356 2108 483 2149 liberi
526 2108 646 2149 brevi
690 2107 1269 2162 temp01e.1ucundiorem
1314 2110 1459 2149 autem

64 2184 97 2209 35
116 2167 246 2209 faciet
277 2167 525 2208 libertatem
556 2166 778 2207 servitutis
810 2165 1062 2207 recordatio

205 2224 319 2274 Quas
353 2225 406 2266 ob
440 2239 524 2274 163,
564 2224 677 2278 quod
709 2224 872 2264 tribuni
903 2224 958 2278 pl.
991 2224 1121 2264 verba
1150 2223 1362 2274 fecerunt,
1393 2225 1460 2266 uti
1477 2208 1529 2249 15

118 2287 292 2325 senatus
330 2283 536 2325 Kalendis
567 2282 780 2324 Ianuariis
817 2284 913 2323 tuto
951 2282 1101 2323 haberi
1139 2282 1460 2339 sententiaeque
1473 2268 1516 2298 3⁷
