<?xml version="1.0" encoding="UTF-8"?>
<!DOCTYPE html PUBLIC "-//W3C//DTD XHTML 1.0 Transitional//EN"
    "http://www.w3.org/TR/xhtml1/DTD/xhtml1-transitional.dtd">
<html xmlns="http://www.w3.org/1999/xhtml" xml:lang="en" lang="en">
 <head>
  <title>
</title>
<meta http-equiv="Content-Type" content="text/html;charset=utf-8" />
  <meta name='ocr-system' content='tesseract 3.04.00' />
  <meta name='ocr-capabilities' content='ocr_page ocr_carea ocr_par ocr_line ocrx_word'/>
</head>
<body>
  <div class='ocr_page' id='page_1' title='image "./p3scriptaquaemanse02ciceuoft_0405.png"; bbox 0 0 1671 2543; ppageno 0'>
   <div class='ocr_carea' id='block_1_1' title="bbox 504 84 1434 131">
    <p class='ocr_par' dir='ltr' id='par_1_1' title="bbox 504 84 1434 131">
     <span class='ocr_line' id='line_1_1' title="bbox 504 84 1434 131; baseline 0.014 -12"><span class='ocrx_word' id='word_1_1' title='bbox 504 84 604 120; x_wconf 82' lang='lat' dir='ltr'>CAP.</span> <span class='ocrx_word' id='word_1_2' title='bbox 634 89 770 120; x_wconf 86' lang='lat'>15—19</span> <span class='ocrx_word' id='word_1_3' title='bbox 798 90 818 129; x_wconf 67' lang='grc' dir='ltr'><strong>ς</strong></span> <span class='ocrx_word' id='word_1_4' title='bbox 845 90 1023 122; x_wconf 85' lang='lat' dir='ltr'>35-45a.</span> <span class='ocrx_word' id='word_1_5' title='bbox 1346 90 1434 131; x_wconf 77' lang='lat'>255</span> 
     </span>
    </p>
   </div>
   <div class='ocr_carea' id='block_1_2' title="bbox 35 191 1502 2358">
    <p class='ocr_par' dir='ltr' id='par_1_2' title="bbox 35 191 1502 2358">
     <span class='ocr_line' id='line_1_2' title="bbox 88 191 1434 238; baseline 0.001 -2"><span class='ocrx_word' id='word_1_6' title='bbox 88 194 247 236; x_wconf 83' lang='lat' dir='ltr'>boccus</span> <span class='ocrx_word' id='word_1_7' title='bbox 303 208 355 236; x_wconf 87' lang='lat' dir='ltr'>ex</span> <span class='ocrx_word' id='word_1_8' title='bbox 405 191 602 236; x_wconf 86' lang='lat' dir='ltr'>Sardinia</span> <span class='ocrx_word' id='word_1_9' title='bbox 655 207 743 235; x_wconf 91' lang='lat' dir='ltr'>non</span> <span class='ocrx_word' id='word_1_10' title='bbox 795 194 926 235; x_wconf 89' lang='lat' dir='ltr'>nullis</span> <span class='ocrx_word' id='word_1_11' title='bbox 978 195 1108 236; x_wconf 89' lang='lat' dir='ltr'>etiam</span> <span class='ocrx_word' id='word_1_12' title='bbox 1156 195 1434 238; x_wconf 73' lang='lat' dir='ltr'>laudantibus</span> 
     </span>
     <span class='ocr_line' id='line_1_3' title="bbox 91 251 1432 309; baseline 0.001 -15"><span class='ocrx_word' id='word_1_13' title='bbox 91 252 251 294; x_wconf 90' lang='lat' dir='ltr'>Sardis.</span> <span class='ocrx_word' id='word_1_14' title='bbox 323 251 393 293; x_wconf 89' lang='lat' dir='ltr'>Ita</span> <span class='ocrx_word' id='word_1_15' title='bbox 440 252 569 293; x_wconf 91' lang='lat' dir='ltr'>fidem</span> <span class='ocrx_word' id='word_1_16' title='bbox 611 252 819 294; x_wconf 90' lang='lat' dir='ltr'>maiorem</span> <span class='ocrx_word' id='word_1_17' title='bbox 862 253 1050 295; x_wconf 87' lang='lat' dir='ltr'>varietas</span> <span class='ocrx_word' id='word_1_18' title='bbox 1093 254 1189 309; x_wconf 90' lang='lat' dir='ltr'>ipsa</span> <span class='ocrx_word' id='word_1_19' title='bbox 1231 255 1432 297; x_wconf 77' lang='lat' dir='ltr'><strong>faciebat.</strong></span> 
     </span>
     <span class='ocr_line' id='line_1_4' title="bbox 90 310 1433 367; baseline 0.002 -15"><span class='ocrx_word' id='word_1_20' title='bbox 90 311 294 353; x_wconf 86' lang='lat' dir='ltr'>Testibus</span> <span class='ocrx_word' id='word_1_21' title='bbox 327 311 442 353; x_wconf 88' lang='lat' dir='ltr'>enim</span> <span class='ocrx_word' id='word_1_22' title='bbox 474 310 639 365; x_wconf 79' lang='lat' dir='ltr'>aequis,</span> <span class='ocrx_word' id='word_1_23' title='bbox 677 311 838 353; x_wconf 89' lang='lat' dir='ltr'>tabulis</span> <span class='ocrx_word' id='word_1_24' title='bbox 870 312 1132 367; x_wconf 73' lang='lat' dir='ltr'>incorruptis</span> <span class='ocrx_word' id='word_1_25' title='bbox 1164 314 1433 356; x_wconf 88' lang='lat' dir='ltr'>tenebantur.</span> 
     </span>
     <span class='ocr_line' id='line_1_5' title="bbox 89 369 1488 427; baseline 0.004 -17"><span class='ocrx_word' id='word_1_26' title='bbox 89 369 217 411; x_wconf 89' lang='lat' dir='ltr'>Nunc</span> <span class='ocrx_word' id='word_1_27' title='bbox 255 372 321 411; x_wconf 87' lang='lat' dir='ltr'>est</span> <span class='ocrx_word' id='word_1_28' title='bbox 358 384 444 411; x_wconf 87' lang='lat' dir='ltr'>una</span> <span class='ocrx_word' id='word_1_29' title='bbox 480 384 580 424; x_wconf 83' lang='lat' dir='ltr'>Vox,</span> <span class='ocrx_word' id='word_1_30' title='bbox 623 384 709 411; x_wconf 92' lang='lat' dir='ltr'>una</span> <span class='ocrx_word' id='word_1_31' title='bbox 746 384 866 411; x_wconf 91' lang='lat' dir='ltr'>mens</span> <span class='ocrx_word' id='word_1_32' title='bbox 910 385 998 412; x_wconf 91' lang='lat' dir='ltr'>non</span> <span class='ocrx_word' id='word_1_33' title='bbox 1036 386 1238 426; x_wconf 81' lang='lat' dir='ltr'>expressa</span> <span class='ocrx_word' id='word_1_34' title='bbox 1275 373 1488 427; x_wconf 78' lang='lat' dir='ltr'>dolore,41</span> 
     </span>
     <span class='ocr_line' id='line_1_6' title="bbox 53 428 1435 484; baseline 0.003 -15"><span class='ocrx_word' id='word_1_35' title='bbox 53 441 70 467; x_wconf 84' lang='lat'><strong>5</strong></span> <span class='ocrx_word' id='word_1_36' title='bbox 91 429 164 470; x_wconf 90' lang='lat' dir='ltr'>sed</span> <span class='ocrx_word' id='word_1_37' title='bbox 196 428 411 482; x_wconf 91' lang='lat' dir='ltr'>simulata,</span> <span class='ocrx_word' id='word_1_38' title='bbox 440 442 578 482; x_wconf 88' lang='lat' dir='ltr'>neque</span> <span class='ocrx_word' id='word_1_39' title='bbox 609 428 737 470; x_wconf 90' lang='lat' dir='ltr'>huius</span> <span class='ocrx_word' id='word_1_40' title='bbox 769 429 950 483; x_wconf 87' lang='lat' dir='ltr'>iniuriis,</span> <span class='ocrx_word' id='word_1_41' title='bbox 983 430 1056 471; x_wconf 90' lang='lat' dir='ltr'>sed</span> <span class='ocrx_word' id='word_1_42' title='bbox 1080 431 1307 484; x_wconf 82' lang='lat' dir='ltr'>promissis</span> <span class='ocrx_word' id='word_1_43' title='bbox 1334 432 1435 473; x_wconf 91' lang='lat' dir='ltr'>alio-</span> 
     </span>
     <span class='ocr_line' id='line_1_7' title="bbox 90 487 1433 544; baseline 0.003 -16"><span class='ocrx_word' id='word_1_44' title='bbox 90 502 187 528; x_wconf 91' lang='lat' dir='ltr'>rum</span> <span class='ocrx_word' id='word_1_45' title='bbox 218 490 262 529; x_wconf 91' lang='lat' dir='ltr'>et</span> <span class='ocrx_word' id='word_1_46' title='bbox 291 487 494 542; x_wconf 89' lang='lat' dir='ltr'>praemiis</span> <span class='ocrx_word' id='word_1_47' title='bbox 527 487 725 529; x_wconf 83' lang='lat' dir='ltr'>excitata.</span> <span class='ocrx_word' id='word_1_48' title='bbox 780 487 842 529; x_wconf 80' lang='lat' dir='ltr'>At</span> <span class='ocrx_word' id='word_1_49' title='bbox 874 488 1084 530; x_wconf 82' lang='lat' dir='ltr'>creditum</span> <span class='ocrx_word' id='word_1_50' title='bbox 1111 492 1177 531; x_wconf 87' lang='lat' dir='ltr'>est</span> <span class='ocrx_word' id='word_1_51' title='bbox 1203 490 1433 544; x_wconf 88' lang='lat' dir='ltr'>aliquando</span> 
     </span>
     <span class='ocr_line' id='line_1_8' title="bbox 91 544 1434 604; baseline 0.001 -16"><span class='ocrx_word' id='word_1_52' title='bbox 91 544 250 588; x_wconf 88' lang='lat' dir='ltr'>Sardis.</span> <span class='ocrx_word' id='word_1_53' title='bbox 322 546 383 587; x_wconf 86' lang='lat' dir='ltr'>Et</span> <span class='ocrx_word' id='word_1_54' title='bbox 427 545 614 588; x_wconf 83' lang='lat' dir='ltr'>fortasse</span> <span class='ocrx_word' id='word_1_55' title='bbox 659 547 856 588; x_wconf 89' lang='lat' dir='ltr'>credetur</span> <span class='ocrx_word' id='word_1_56' title='bbox 895 547 1142 602; x_wconf 87' lang='lat' dir='ltr'>aliquando,</span> <span class='ocrx_word' id='word_1_57' title='bbox 1193 549 1230 590; x_wconf 93' lang='lat' dir='ltr'>si</span> <span class='ocrx_word' id='word_1_58' title='bbox 1273 549 1434 604; x_wconf 86' lang='lat' dir='ltr'>integri</span> 
     </span>
     <span class='ocr_line' id='line_1_9' title="bbox 89 604 1434 660; baseline 0.002 -14"><span class='ocrx_word' id='word_1_59' title='bbox 89 605 296 659; x_wconf 84' lang='lat' dir='ltr'>venerint,</span> <span class='ocrx_word' id='word_1_60' title='bbox 328 604 366 646; x_wconf 91' lang='lat' dir='ltr'>si</span> <span class='ocrx_word' id='word_1_61' title='bbox 396 604 648 660; x_wconf 73' lang='lat' dir='ltr'>incorrupti,</span> <span class='ocrx_word' id='word_1_62' title='bbox 680 606 717 647; x_wconf 92' lang='lat' dir='ltr'>si</span> <span class='ocrx_word' id='word_1_63' title='bbox 749 620 826 647; x_wconf 90' lang='lat' dir='ltr'>sua</span> <span class='ocrx_word' id='word_1_64' title='bbox 857 609 1029 660; x_wconf 90' lang='lat' dir='ltr'>sponte,</span> <span class='ocrx_word' id='word_1_65' title='bbox 1068 607 1104 648; x_wconf 90' lang='lat' dir='ltr'>si</span> <span class='ocrx_word' id='word_1_66' title='bbox 1134 621 1223 648; x_wconf 90' lang='lat' dir='ltr'>non</span> <span class='ocrx_word' id='word_1_67' title='bbox 1254 608 1434 649; x_wconf 88' lang='lat' dir='ltr'>alieuius</span> 
     </span>
     <span class='ocr_line' id='line_1_10' title="bbox 89 663 1435 720; baseline 0.002 -16"><span class='ocrx_word' id='word_1_68' title='bbox 89 664 282 718; x_wconf 90' lang='lat' dir='ltr'>inpulsu,</span> <span class='ocrx_word' id='word_1_69' title='bbox 327 663 364 705; x_wconf 90' lang='lat' dir='ltr'>si</span> <span class='ocrx_word' id='word_1_70' title='bbox 402 663 552 718; x_wconf 84' lang='lat' dir='ltr'>soluti,</span> <span class='ocrx_word' id='word_1_71' title='bbox 597 664 634 705; x_wconf 89' lang='lat' dir='ltr'>si</span> <span class='ocrx_word' id='word_1_72' title='bbox 670 664 808 705; x_wconf 90' lang='lat' dir='ltr'>liberi.</span> <span class='ocrx_word' id='word_1_73' title='bbox 877 664 994 714; x_wconf 90' lang='lat' dir='ltr'>Quae</span> <span class='ocrx_word' id='word_1_74' title='bbox 1033 665 1070 706; x_wconf 92' lang='lat' dir='ltr'>si</span> <span class='ocrx_word' id='word_1_75' title='bbox 1108 669 1250 720; x_wconf 89' lang='lat' dir='ltr'>erunt,</span> <span class='ocrx_word' id='word_1_76' title='bbox 1288 669 1435 707; x_wconf 88' lang='lat' dir='ltr'>tamen</span> 
     </span>
     <span class='ocr_line' id='line_1_11' title="bbox 36 722 1435 778; baseline 0.005 -19"><span class='ocrx_word' id='word_1_77' title='bbox 36 735 71 760; x_wconf 83' lang='grc' dir='ltr'>ιο</span> <span class='ocrx_word' id='word_1_78' title='bbox 90 722 174 764; x_wconf 85' lang='lat' dir='ltr'>sibi</span> <span class='ocrx_word' id='word_1_79' title='bbox 200 722 314 764; x_wconf 85' lang='lat' dir='ltr'>credi</span> <span class='ocrx_word' id='word_1_80' title='bbox 346 723 561 778; x_wconf 81' lang='lat' dir='ltr'>gaudeant</span> <span class='ocrx_word' id='word_1_81' title='bbox 586 725 630 764; x_wconf 90' lang='lat' dir='ltr'>et</span> <span class='ocrx_word' id='word_1_82' title='bbox 655 723 877 764; x_wconf 84' lang='lat' dir='ltr'>mirentur.</span> <span class='ocrx_word' id='word_1_83' title='bbox 933 723 1042 765; x_wconf 84' lang='lat' dir='ltr'>Cum</span> <span class='ocrx_word' id='word_1_84' title='bbox 1068 738 1168 765; x_wconf 87' lang='lat' dir='ltr'>vero</span> <span class='ocrx_word' id='word_1_85' title='bbox 1196 725 1339 766; x_wconf 90' lang='lat' dir='ltr'>omnia</span> <span class='ocrx_word' id='word_1_86' title='bbox 1365 726 1435 766; x_wconf 91' lang='lat' dir='ltr'>ab-</span> 
     </span>
     <span class='ocr_line' id='line_1_12' title="bbox 90 781 1435 837; baseline 0.001 -14"><span class='ocrx_word' id='word_1_87' title='bbox 90 781 190 834; x_wconf 89' lang='lat' dir='ltr'>sint,</span> <span class='ocrx_word' id='word_1_88' title='bbox 222 784 369 822; x_wconf 89' lang='lat' dir='ltr'>tamen</span> <span class='ocrx_word' id='word_1_89' title='bbox 400 795 445 823; x_wconf 89' lang='lat' dir='ltr'>se</span> <span class='ocrx_word' id='word_1_90' title='bbox 476 795 564 823; x_wconf 93' lang='lat' dir='ltr'>non</span> <span class='ocrx_word' id='word_1_91' title='bbox 588 782 833 836; x_wconf 75' lang='lat' dir='ltr'>respicient,</span> <span class='ocrx_word' id='word_1_92' title='bbox 863 796 951 823; x_wconf 92' lang='lat' dir='ltr'>non</span> <span class='ocrx_word' id='word_1_93' title='bbox 977 782 1120 837; x_wconf 88' lang='lat' dir='ltr'>gentis</span> <span class='ocrx_word' id='word_1_94' title='bbox 1147 797 1248 824; x_wconf 88' lang='lat' dir='ltr'>suae</span> <span class='ocrx_word' id='word_1_95' title='bbox 1273 783 1435 824; x_wconf 82' lang='lat' dir='ltr'>famam</span> 
     </span>
     <span class='ocr_line' id='line_1_13' title="bbox 87 840 444 895; baseline -0.003 -13"><span class='ocrx_word' id='word_1_96' title='bbox 87 840 444 895; x_wconf 80' lang='lat' dir='ltr'>perhorrescent?</span> 
     </span>
     <span class='ocr_line' id='line_1_14' title="bbox 177 898 1434 955; baseline 0.002 -15"><span class='ocrx_word' id='word_1_97' title='bbox 177 898 524 941; x_wconf 82' lang='lat' dir='ltr'>Fallacissimum</span> <span class='ocrx_word' id='word_1_98' title='bbox 561 913 696 955; x_wconf 86' lang='lat' dir='ltr'>genus</span> <span class='ocrx_word' id='word_1_99' title='bbox 735 913 828 940; x_wconf 90' lang='lat' dir='ltr'>esse</span> <span class='ocrx_word' id='word_1_100' title='bbox 860 899 1126 940; x_wconf 87' lang='lat' dir='ltr'>Phoenicum</span> <span class='ocrx_word' id='word_1_101' title='bbox 1166 899 1310 941; x_wconf 87' lang='lat' dir='ltr'>omnia</span> <span class='ocrx_word' id='word_1_102' title='bbox 1347 915 1434 942; x_wconf 89' lang='lat' dir='ltr'>mo-</span> 
     </span>
     <span class='ocr_line' id='line_1_15' title="bbox 86 957 1433 1013; baseline 0.001 -14"><span class='ocrx_word' id='word_1_103' title='bbox 86 960 297 999; x_wconf 87' lang='lat' dir='ltr'>numenta</span> <span class='ocrx_word' id='word_1_104' title='bbox 330 957 562 999; x_wconf 78' lang='lat' dir='ltr'>vetustatis</span> <span class='ocrx_word' id='word_1_105' title='bbox 601 960 730 1011; x_wconf 89' lang='lat' dir='ltr'>atque</span> <span class='ocrx_word' id='word_1_106' title='bbox 763 972 910 999; x_wconf 85' lang='lat' dir='ltr'>omnes</span> <span class='ocrx_word' id='word_1_107' title='bbox 941 958 1150 999; x_wconf 85' lang='lat' dir='ltr'>historiae</span> <span class='ocrx_word' id='word_1_108' title='bbox 1181 958 1307 1000; x_wconf 89' lang='lat' dir='ltr'>nobis</span> <span class='ocrx_word' id='word_1_109' title='bbox 1340 974 1433 1013; x_wconf 89' lang='lat' dir='ltr'>pro-</span> 
     </span>
     <span class='ocr_line' id='line_1_16' title="bbox 38 1015 1434 1072; baseline 0.004 -19"><span class='ocrx_word' id='word_1_110' title='bbox 38 1027 71 1053; x_wconf 83' lang='lat'>15</span> <span class='ocrx_word' id='word_1_111' title='bbox 92 1016 303 1058; x_wconf 86' lang='lat' dir='ltr'>diderunt.</span> <span class='ocrx_word' id='word_1_112' title='bbox 376 1015 446 1057; x_wconf 83' lang='lat' dir='ltr'>Ab</span> <span class='ocrx_word' id='word_1_113' title='bbox 488 1016 557 1057; x_wconf 90' lang='lat' dir='ltr'>his</span> <span class='ocrx_word' id='word_1_114' title='bbox 602 1016 688 1057; x_wconf 87' lang='lat' dir='ltr'>orti</span> <span class='ocrx_word' id='word_1_115' title='bbox 730 1015 865 1057; x_wconf 91' lang='lat' dir='ltr'>Poeni</span> <span class='ocrx_word' id='word_1_116' title='bbox 913 1016 1062 1057; x_wconf 85' lang='lat' dir='ltr'>multis</span> <span class='ocrx_word' id='word_1_117' title='bbox 1108 1016 1434 1072; x_wconf 86' lang='lat' dir='ltr'>Carthaginien-</span> 
     </span>
     <span class='ocr_line' id='line_1_17' title="bbox 90 1074 1435 1130; baseline 0.001 -14"><span class='ocrx_word' id='word_1_118' title='bbox 90 1075 203 1116; x_wconf 88' lang='lat' dir='ltr'>sium</span> <span class='ocrx_word' id='word_1_119' title='bbox 234 1074 563 1128; x_wconf 76' lang='lat' dir='ltr'>rebellionibus,</span> <span class='ocrx_word' id='word_1_120' title='bbox 601 1074 750 1116; x_wconf 89' lang='lat' dir='ltr'>multis</span> <span class='ocrx_word' id='word_1_121' title='bbox 782 1075 957 1116; x_wconf 81' lang='lat' dir='ltr'>violatis</span> <span class='ocrx_word' id='word_1_122' title='bbox 988 1074 1223 1130; x_wconf 83' lang='lat' dir='ltr'>fractisque</span> <span class='ocrx_word' id='word_1_123' title='bbox 1256 1076 1435 1117; x_wconf 87' lang='lat' dir='ltr'>foederi-</span> 
     </span>
     <span class='ocr_line' id='line_1_18' title="bbox 87 1133 1433 1188; baseline 0.001 -14"><span class='ocrx_word' id='word_1_124' title='bbox 87 1133 170 1174; x_wconf 89' lang='lat' dir='ltr'>bus</span> <span class='ocrx_word' id='word_1_125' title='bbox 212 1133 323 1175; x_wconf 83' lang='lat' dir='ltr'>nihil</span> <span class='ocrx_word' id='word_1_126' title='bbox 366 1147 411 1175; x_wconf 91' lang='lat' dir='ltr'>se</span> <span class='ocrx_word' id='word_1_127' title='bbox 456 1133 736 1188; x_wconf 83' lang='lat' dir='ltr'>degenerasse</span> <span class='ocrx_word' id='word_1_128' title='bbox 778 1133 1026 1175; x_wconf 88' lang='lat' dir='ltr'>docuerunt.</span> <span class='ocrx_word' id='word_1_129' title='bbox 1093 1134 1134 1175; x_wconf 88' lang='lat' dir='ltr'>A</span> <span class='ocrx_word' id='word_1_130' title='bbox 1171 1133 1327 1175; x_wconf 84' lang='lat' dir='ltr'>Poenis</span> <span class='ocrx_word' id='word_1_131' title='bbox 1367 1135 1433 1176; x_wconf 85' lang='lat' dir='ltr'>ad-</span> 
     </span>
     <span class='ocr_line' id='line_1_19' title="bbox 89 1191 1434 1247; baseline 0.001 -14"><span class='ocrx_word' id='word_1_132' title='bbox 89 1192 224 1233; x_wconf 84' lang='lat' dir='ltr'>mixto</span> <span class='ocrx_word' id='word_1_133' title='bbox 251 1191 458 1233; x_wconf 84' lang='lat' dir='ltr'>Afrorum</span> <span class='ocrx_word' id='word_1_134' title='bbox 484 1206 638 1247; x_wconf 83' lang='lat' dir='ltr'>genere</span> <span class='ocrx_word' id='word_1_135' title='bbox 667 1191 790 1233; x_wconf 81' lang='lat' dir='ltr'>Sardi</span> <span class='ocrx_word' id='word_1_136' title='bbox 814 1206 902 1233; x_wconf 89' lang='lat' dir='ltr'>non</span> <span class='ocrx_word' id='word_1_137' title='bbox 928 1192 1097 1234; x_wconf 90' lang='lat' dir='ltr'>deducti</span> <span class='ocrx_word' id='word_1_138' title='bbox 1123 1193 1168 1233; x_wconf 92' lang='lat' dir='ltr'>in</span> <span class='ocrx_word' id='word_1_139' title='bbox 1190 1191 1434 1234; x_wconf 80' lang='lat' dir='ltr'>Sardiniam</span> 
     </span>
     <span class='ocr_line' id='line_1_20' title="bbox 90 1250 1432 1306; baseline 0.001 -14"><span class='ocrx_word' id='word_1_140' title='bbox 90 1253 219 1305; x_wconf 88' lang='lat' dir='ltr'>atque</span> <span class='ocrx_word' id='word_1_141' title='bbox 249 1251 310 1291; x_wconf 91' lang='lat' dir='ltr'>ibi</span> <span class='ocrx_word' id='word_1_142' title='bbox 343 1250 584 1305; x_wconf 89' lang='lat' dir='ltr'>constituti,</span> <span class='ocrx_word' id='word_1_143' title='bbox 616 1251 690 1291; x_wconf 92' lang='lat' dir='ltr'>sed</span> <span class='ocrx_word' id='word_1_144' title='bbox 722 1251 939 1292; x_wconf 88' lang='lat' dir='ltr'>amendati</span> <span class='ocrx_word' id='word_1_145' title='bbox 971 1254 1014 1292; x_wconf 91' lang='lat' dir='ltr'>et</span> <span class='ocrx_word' id='word_1_146' title='bbox 1039 1250 1253 1306; x_wconf 87' lang='lat' dir='ltr'>repudiati</span> <span class='ocrx_word' id='word_1_147' title='bbox 1279 1252 1432 1294; x_wconf 84' lang='lat' dir='ltr'>coloni.</span> 
     </span>
     <span class='ocr_line' id='line_1_21' title="bbox 35 1309 1491 1365; baseline 0.001 -15"><span class='ocrx_word' id='word_1_148' title='bbox 35 1321 70 1346; x_wconf 79' lang='lat'>20</span> <span class='ocrx_word' id='word_1_149' title='bbox 91 1309 231 1358; x_wconf 82' lang='lat' dir='ltr'>Quare</span> <span class='ocrx_word' id='word_1_150' title='bbox 275 1314 372 1351; x_wconf 78' lang='lat' dir='ltr'>cum</span> <span class='ocrx_word' id='word_1_151' title='bbox 414 1309 575 1365; x_wconf 82' lang='lat' dir='ltr'>integri</span> <span class='ocrx_word' id='word_1_152' title='bbox 600 1309 893 1351; x_wconf 17' lang='lat' dir='ltr'>&#39;nihilifuerit</span> <span class='ocrx_word' id='word_1_153' title='bbox 927 1309 974 1351; x_wconf 91' lang='lat' dir='ltr'>in</span> <span class='ocrx_word' id='word_1_154' title='bbox 1010 1310 1091 1351; x_wconf 87' lang='lat' dir='ltr'>hac</span> <span class='ocrx_word' id='word_1_155' title='bbox 1129 1313 1257 1365; x_wconf 90' lang='lat' dir='ltr'>gente</span> <span class='ocrx_word' id='word_1_156' title='bbox 1294 1310 1491 1364; x_wconf 82' lang='lat' dir='ltr'>plena,43</span> 
     </span>
     <span class='ocr_line' id='line_1_22' title="bbox 90 1368 1432 1422; baseline 0.001 -13"><span class='ocrx_word' id='word_1_157' title='bbox 90 1382 220 1422; x_wconf 89' lang='lat' dir='ltr'>quam</span> <span class='ocrx_word' id='word_1_158' title='bbox 238 1368 360 1409; x_wconf 82' lang='lat' dir='ltr'>valde</span> <span class='ocrx_word' id='word_1_159' title='bbox 381 1382 474 1409; x_wconf 86' lang='lat' dir='ltr'>eam</span> <span class='ocrx_word' id='word_1_160' title='bbox 493 1371 696 1422; x_wconf 83' lang='lat' dir='ltr'>putamus</span> <span class='ocrx_word' id='word_1_161' title='bbox 717 1370 786 1410; x_wconf 88' lang='lat' dir='ltr'>tot</span> <span class='ocrx_word' id='word_1_162' title='bbox 805 1368 1170 1410; x_wconf 82' lang='lat' dir='ltr'>transfusionibus</span> <span class='ocrx_word' id='word_1_163' title='bbox 1186 1369 1432 1411; x_wconf 82' lang='lat' dir='ltr'>coacuisse‘?</span> 
     </span>
     <span class='ocr_line' id='line_1_23' title="bbox 87 1426 1433 1483; baseline 0.001 -15"><span class='ocrx_word' id='word_1_164' title='bbox 87 1426 173 1468; x_wconf 87' lang='lat' dir='ltr'>Hio</span> <span class='ocrx_word' id='word_1_165' title='bbox 210 1426 317 1468; x_wconf 79' lang='lat' dir='ltr'>inihi</span> <span class='ocrx_word' id='word_1_166' title='bbox 359 1427 556 1483; x_wconf 81' lang='lat' dir='ltr'>ignoscet</span> <span class='ocrx_word' id='word_1_167' title='bbox 595 1426 669 1469; x_wconf 88' lang='lat' dir='ltr'>Cn.</span> <span class='ocrx_word' id='word_1_168' title='bbox 702 1426 921 1468; x_wconf 88' lang='lat' dir='ltr'>Domitius</span> <span class='ocrx_word' id='word_1_169' title='bbox 955 1426 1168 1481; x_wconf 80' lang='lat' dir='ltr'>Sincaius,</span> <span class='ocrx_word' id='word_1_170' title='bbox 1206 1428 1273 1468; x_wconf 86' lang='lat' dir='ltr'>vir</span> <span class='ocrx_word' id='word_1_171' title='bbox 1311 1443 1433 1470; x_wconf 92' lang='lat' dir='ltr'>orna-</span> 
     </span>
     <span class='ocr_line' id='line_1_24' title="bbox 89 1484 1430 1541; baseline 0.002 -16"><span class='ocrx_word' id='word_1_172' title='bbox 89 1484 297 1539; x_wconf 82' lang='lat' dir='ltr'>tissimus,</span> <span class='ocrx_word' id='word_1_173' title='bbox 327 1485 485 1539; x_wconf 88' lang='lat' dir='ltr'>hospes</span> <span class='ocrx_word' id='word_1_174' title='bbox 517 1485 821 1538; x_wconf 81' lang='lat' dir='ltr'>etfamiliaris</span> <span class='ocrx_word' id='word_1_175' title='bbox 853 1500 986 1539; x_wconf 89' lang='lat' dir='ltr'>meus,</span> <span class='ocrx_word' id='word_1_176' title='bbox 1016 1486 1246 1541; x_wconf 86' lang='lat' dir='ltr'>ignoscent</span> <span class='ocrx_word' id='word_1_177' title='bbox 1271 1487 1301 1541; x_wconf 83' lang='lat'>†</span> <span class='ocrx_word' id='word_1_178' title='bbox 1333 1487 1430 1528; x_wconf 90' lang='lat' dir='ltr'>de·-</span> 
     </span>
     <span class='ocr_line' id='line_1_25' title="bbox 91 1543 1432 1611; baseline 0.001 -27"><span class='ocrx_word' id='word_1_179' title='bbox 91 1557 218 1585; x_wconf 88' lang='lat' dir='ltr'>cones</span> <span class='ocrx_word' id='word_1_180' title='bbox 251 1544 304 1584; x_wconf 88' lang='lat' dir='ltr'>ab</span> <span class='ocrx_word' id='word_1_181' title='bbox 323 1544 486 1609; x_wconf 74' lang='lat' dir='ltr'>&#39;eodem</span> <span class='ocrx_word' id='word_1_182' title='bbox 512 1543 586 1586; x_wconf 87' lang='lat' dir='ltr'>Cn.</span> <span class='ocrx_word' id='word_1_183' title='bbox 613 1544 819 1599; x_wconf 92' lang='lat' dir='ltr'>Pompeio</span> <span class='ocrx_word' id='word_1_184' title='bbox 854 1545 1028 1586; x_wconf 79' lang='lat' dir='ltr'>civitate</span> <span class='ocrx_word' id='word_1_185' title='bbox 1056 1545 1215 1598; x_wconf 88' lang='lat' dir='ltr'>donati,</span> <span class='ocrx_word' id='word_1_186' title='bbox 1249 1559 1432 1611; x_wconf 86' lang='lat' dir='ltr'>quorum</span> 
     </span>
     <span class='ocr_line' id='line_1_26' title="bbox 37 1602 1432 1658; baseline 0.004 -19"><span class='ocrx_word' id='word_1_187' title='bbox 37 1614 71 1639; x_wconf 84' lang='lat'>25</span> <span class='ocrx_word' id='word_1_188' title='bbox 91 1604 239 1643; x_wconf 88' lang='lat' dir='ltr'>tamen</span> <span class='ocrx_word' id='word_1_189' title='bbox 270 1602 461 1643; x_wconf 92' lang='lat' dir='ltr'>omnium</span> <span class='ocrx_word' id='word_1_190' title='bbox 491 1602 737 1644; x_wconf 85' lang='lat' dir='ltr'>laudatione</span> <span class='ocrx_word' id='word_1_191' title='bbox 769 1603 950 1656; x_wconf 91' lang='lat' dir='ltr'>utimur,</span> <span class='ocrx_word' id='word_1_192' title='bbox 985 1603 1213 1658; x_wconf 88' lang='lat' dir='ltr'>ignoscent</span> <span class='ocrx_word' id='word_1_193' title='bbox 1245 1604 1319 1644; x_wconf 90' lang='lat' dir='ltr'>alii</span> <span class='ocrx_word' id='word_1_194' title='bbox 1350 1603 1432 1645; x_wconf 88' lang='lat' dir='ltr'>viri</span> 
     </span>
     <span class='ocr_line' id='line_1_27' title="bbox 90 1658 1490 1727; baseline 0.001 -25"><span class='ocrx_word' id='word_1_195' title='bbox 90 1660 194 1702; x_wconf 91' lang='lat' dir='ltr'>boni</span> <span class='ocrx_word' id='word_1_196' title='bbox 232 1674 283 1701; x_wconf 83' lang='lat' dir='ltr'>ex</span> <span class='ocrx_word' id='word_1_197' title='bbox 316 1658 528 1713; x_wconf 75' lang='lat' dir='ltr'>Saldinia3</span> <span class='ocrx_word' id='word_1_198' title='bbox 567 1661 691 1702; x_wconf 85' lang='lat' dir='ltr'>credo</span> <span class='ocrx_word' id='word_1_199' title='bbox 725 1660 839 1702; x_wconf 88' lang='lat' dir='ltr'>enim</span> <span class='ocrx_word' id='word_1_200' title='bbox 870 1675 962 1702; x_wconf 90' lang='lat' dir='ltr'>esse</span> <span class='ocrx_word' id='word_1_201' title='bbox 996 1661 1216 1714; x_wconf 88' lang='lat' dir='ltr'>quosdam.</span> <span class='ocrx_word' id='word_1_202' title='bbox 1277 1661 1429 1727; x_wconf 81' lang='lat' dir='ltr'>Neque</span> <span class='ocrx_word' id='word_1_203' title='bbox 1445 1675 1490 1704; x_wconf 75' lang='lat'>44</span> 
     </span>
     <span class='ocr_line' id='line_1_28' title="bbox 91 1693 1432 1783; baseline 0.001 -23"><span class='ocrx_word' id='word_1_204' title='bbox 91 1733 190 1774; x_wconf 91' lang='lat' dir='ltr'>ego,</span> <span class='ocrx_word' id='word_1_205' title='bbox 229 1732 325 1760; x_wconf 87' lang='lat' dir='ltr'>oum</span> <span class='ocrx_word' id='word_1_206' title='bbox 363 1718 412 1758; x_wconf 92' lang='lat' dir='ltr'>de</span> <span class='ocrx_word' id='word_1_207' title='bbox 449 1693 567 1759; x_wconf 83' lang='lat' dir='ltr'>vitiis</span> <span class='ocrx_word' id='word_1_208' title='bbox 607 1719 748 1783; x_wconf 83' lang='lat' dir='ltr'>gentis</span> <span class='ocrx_word' id='word_1_209' title='bbox 787 1720 958 1773; x_wconf 89' lang='lat' dir='ltr'>loquor,</span> <span class='ocrx_word' id='word_1_210' title='bbox 995 1719 1210 1760; x_wconf 91' lang='lat' dir='ltr'>neminem</span> <span class='ocrx_word' id='word_1_211' title='bbox 1247 1720 1432 1773; x_wconf 78' lang='lat' dir='ltr'>excipi03</span> 
     </span>
     <span class='ocr_line' id='line_1_29' title="bbox 91 1776 1432 1832; baseline 0.001 -14"><span class='ocrx_word' id='word_1_212' title='bbox 91 1778 165 1818; x_wconf 92' lang='lat' dir='ltr'>sed</span> <span class='ocrx_word' id='word_1_213' title='bbox 203 1791 228 1818; x_wconf 86' lang='lat' dir='ltr'>a</span> <span class='ocrx_word' id='word_1_214' title='bbox 266 1791 332 1817; x_wconf 91' lang='lat' dir='ltr'>me</span> <span class='ocrx_word' id='word_1_215' title='bbox 371 1778 457 1817; x_wconf 93' lang='lat' dir='ltr'>est</span> <span class='ocrx_word' id='word_1_216' title='bbox 474 1777 524 1817; x_wconf 91' lang='lat' dir='ltr'>de</span> <span class='ocrx_word' id='word_1_217' title='bbox 561 1776 760 1818; x_wconf 83' lang='lat' dir='ltr'>universo</span> <span class='ocrx_word' id='word_1_218' title='bbox 799 1791 954 1832; x_wconf 85' lang='lat' dir='ltr'>genere</span> <span class='ocrx_word' id='word_1_219' title='bbox 987 1777 1231 1830; x_wconf 88' lang='lat' dir='ltr'>dicendum,</span> <span class='ocrx_word' id='word_1_220' title='bbox 1268 1777 1315 1818; x_wconf 90' lang='lat' dir='ltr'>in</span> <span class='ocrx_word' id='word_1_221' title='bbox 1347 1792 1432 1831; x_wconf 90' lang='lat' dir='ltr'>quo</span> 
     </span>
     <span class='ocr_line' id='line_1_30' title="bbox 90 1834 1431 1889; baseline 0 -13"><span class='ocrx_word' id='word_1_222' title='bbox 90 1835 276 1877; x_wconf 88' lang='lat' dir='ltr'>fortasse</span> <span class='ocrx_word' id='word_1_223' title='bbox 327 1834 460 1888; x_wconf 89' lang='lat' dir='ltr'>aliqui</span> <span class='ocrx_word' id='word_1_224' title='bbox 510 1835 598 1875; x_wconf 92' lang='lat' dir='ltr'>suis</span> <span class='ocrx_word' id='word_1_225' title='bbox 643 1836 834 1876; x_wconf 90' lang='lat' dir='ltr'>moribus</span> <span class='ocrx_word' id='word_1_226' title='bbox 880 1838 923 1876; x_wconf 88' lang='lat' dir='ltr'>et</span> <span class='ocrx_word' id='word_1_227' title='bbox 965 1835 1236 1876; x_wconf 86' lang='lat' dir='ltr'>humanitate</span> <span class='ocrx_word' id='word_1_228' title='bbox 1282 1835 1431 1889; x_wconf 88' lang='lat' dir='ltr'>stirpis</span> 
     </span>
     <span class='ocr_line' id='line_1_31' title="bbox 38 1892 1432 1948; baseline 0.003 -17"><span class='ocrx_word' id='word_1_229' title='bbox 38 1905 72 1931; x_wconf 87' lang='lat'>30</span> <span class='ocrx_word' id='word_1_230' title='bbox 91 1894 227 1948; x_wconf 88' lang='lat' dir='ltr'>ipsius</span> <span class='ocrx_word' id='word_1_231' title='bbox 260 1895 304 1934; x_wconf 92' lang='lat' dir='ltr'>et</span> <span class='ocrx_word' id='word_1_232' title='bbox 335 1893 475 1948; x_wconf 89' lang='lat' dir='ltr'>gentis</span> <span class='ocrx_word' id='word_1_233' title='bbox 507 1893 614 1933; x_wconf 84' lang='lat' dir='ltr'>vitia</span> <span class='ocrx_word' id='word_1_234' title='bbox 645 1893 849 1934; x_wconf 85' lang='lat' dir='ltr'>vicerunt.</span> <span class='ocrx_word' id='word_1_235' title='bbox 899 1892 1104 1948; x_wconf 86' lang='lat' dir='ltr'>Magnam</span> <span class='ocrx_word' id='word_1_236' title='bbox 1137 1893 1308 1947; x_wconf 86' lang='lat' dir='ltr'>quidem</span> <span class='ocrx_word' id='word_1_237' title='bbox 1341 1908 1432 1935; x_wconf 91' lang='lat' dir='ltr'>esse</span> 
     </span>
     <span class='ocr_line' id='line_1_32' title="bbox 91 1951 1433 2007; baseline 0 -14"><span class='ocrx_word' id='word_1_238' title='bbox 91 1954 262 2007; x_wconf 90' lang='lat' dir='ltr'>partem</span> <span class='ocrx_word' id='word_1_239' title='bbox 300 1951 390 1993; x_wconf 90' lang='lat' dir='ltr'>sine</span> <span class='ocrx_word' id='word_1_240' title='bbox 427 1951 528 2004; x_wconf 89' lang='lat' dir='ltr'>fide,</span> <span class='ocrx_word' id='word_1_241' title='bbox 567 1951 657 1992; x_wconf 90' lang='lat' dir='ltr'>sine</span> <span class='ocrx_word' id='word_1_242' title='bbox 696 1951 903 1992; x_wconf 90' lang='lat' dir='ltr'>societate</span> <span class='ocrx_word' id='word_1_243' title='bbox 941 1954 984 1992; x_wconf 85' lang='lat' dir='ltr'>et</span> <span class='ocrx_word' id='word_1_244' title='bbox 1023 1951 1322 1992; x_wconf 86' lang='lat' dir='ltr'>coniunctione</span> <span class='ocrx_word' id='word_1_245' title='bbox 1359 1967 1433 1993; x_wconf 94' lang='lat' dir='ltr'>no-</span> 
     </span>
     <span class='ocr_line' id='line_1_33' title="bbox 92 2009 1432 2064; baseline 0 -13"><span class='ocrx_word' id='word_1_246' title='bbox 92 2011 221 2052; x_wconf 88' lang='lat' dir='ltr'>minis</span> <span class='ocrx_word' id='word_1_247' title='bbox 252 2010 392 2052; x_wconf 90' lang='lat' dir='ltr'>nostri</span> <span class='ocrx_word' id='word_1_248' title='bbox 416 2023 485 2051; x_wconf 90' lang='lat' dir='ltr'>res</span> <span class='ocrx_word' id='word_1_249' title='bbox 510 2009 605 2063; x_wconf 90' lang='lat' dir='ltr'>ipsa</span> <span class='ocrx_word' id='word_1_250' title='bbox 630 2009 829 2050; x_wconf 88' lang='lat' dir='ltr'>declarat.</span> <span class='ocrx_word' id='word_1_251' title='bbox 886 2009 1002 2058; x_wconf 83' lang='lat' dir='ltr'>Quae</span> <span class='ocrx_word' id='word_1_252' title='bbox 1030 2013 1096 2050; x_wconf 90' lang='lat' dir='ltr'>est</span> <span class='ocrx_word' id='word_1_253' title='bbox 1122 2010 1235 2051; x_wconf 90' lang='lat' dir='ltr'>enim</span> <span class='ocrx_word' id='word_1_254' title='bbox 1260 2014 1432 2064; x_wconf 85' lang='lat' dir='ltr'>praeter</span> 
     </span>
     <span class='ocr_line' id='line_1_34' title="bbox 94 2068 1430 2123; baseline 0 -13"><span class='ocrx_word' id='word_1_255' title='bbox 94 2068 337 2110; x_wconf 85' lang='lat' dir='ltr'>Sardiniam</span> <span class='ocrx_word' id='word_1_256' title='bbox 368 2068 600 2122; x_wconf 86' lang='lat' dir='ltr'>provincia,</span> <span class='ocrx_word' id='word_1_257' title='bbox 634 2082 739 2122; x_wconf 91' lang='lat' dir='ltr'>quae</span> <span class='ocrx_word' id='word_1_258' title='bbox 770 2068 934 2109; x_wconf 90' lang='lat' dir='ltr'>nullam</span> <span class='ocrx_word' id='word_1_259' title='bbox 964 2068 1123 2109; x_wconf 88' lang='lat' dir='ltr'>habeat</span> <span class='ocrx_word' id='word_1_260' title='bbox 1151 2068 1333 2109; x_wconf 84' lang='lat' dir='ltr'>amicam</span> <span class='ocrx_word' id='word_1_261' title='bbox 1357 2083 1430 2123; x_wconf 94' lang='lat' dir='ltr'>po-</span> 
     </span>
     <span class='ocr_line' id='line_1_35' title="bbox 92 2126 1502 2182; baseline -0.001 -13"><span class='ocrx_word' id='word_1_262' title='bbox 92 2128 195 2182; x_wconf 92' lang='lat' dir='ltr'>pulo</span> <span class='ocrx_word' id='word_1_263' title='bbox 245 2128 441 2169; x_wconf 84' lang='lat' dir='ltr'>Romano</span> <span class='ocrx_word' id='word_1_264' title='bbox 493 2141 542 2168; x_wconf 83' lang='lat' dir='ltr'>ae</span> <span class='ocrx_word' id='word_1_265' title='bbox 586 2126 767 2167; x_wconf 90' lang='lat' dir='ltr'>liberam</span> <span class='ocrx_word' id='word_1_266' title='bbox 811 2127 1060 2167; x_wconf 78' lang='lat' dir='ltr'>civitatem?</span> <span class='ocrx_word' id='word_1_267' title='bbox 1132 2126 1282 2167; x_wconf 89' lang='lat' dir='ltr'>Africa</span> <span class='ocrx_word' id='word_1_268' title='bbox 1324 2127 1502 2181; x_wconf 74' lang='lat' dir='ltr'>ipsa45a</span> 
     </span>
     <span class='ocr_line' id='line_1_36' title="bbox 39 2185 1432 2240; baseline -0.001 -13"><span class='ocrx_word' id='word_1_269' title='bbox 39 2196 74 2222; x_wconf 82' lang='lat'>35</span> <span class='ocrx_word' id='word_1_270' title='bbox 93 2200 247 2240; x_wconf 88' lang='lat' dir='ltr'>parens</span> <span class='ocrx_word' id='word_1_271' title='bbox 290 2186 367 2227; x_wconf 91' lang='lat' dir='ltr'>illa</span> <span class='ocrx_word' id='word_1_272' title='bbox 412 2185 650 2238; x_wconf 81' lang='lat' dir='ltr'>Sardiniae,</span> <span class='ocrx_word' id='word_1_273' title='bbox 694 2199 801 2239; x_wconf 90' lang='lat' dir='ltr'>quae</span> <span class='ocrx_word' id='word_1_274' title='bbox 844 2185 1031 2239; x_wconf 87' lang='lat' dir='ltr'>plurima</span> <span class='ocrx_word' id='word_1_275' title='bbox 1074 2187 1117 2226; x_wconf 88' lang='lat' dir='ltr'>et</span> <span class='ocrx_word' id='word_1_276' title='bbox 1155 2185 1432 2226; x_wconf 88' lang='lat' dir='ltr'>acerbissima</span> 
     </span>
     <span class='ocr_line' id='line_1_37' title="bbox 94 2243 1431 2308; baseline 0 -24"><span class='ocrx_word' id='word_1_277' title='bbox 94 2258 191 2285; x_wconf 91' lang='lat' dir='ltr'>cum</span> <span class='ocrx_word' id='word_1_278' title='bbox 228 2244 464 2286; x_wconf 89' lang='lat' dir='ltr'>maioribus</span> <span class='ocrx_word' id='word_1_279' title='bbox 501 2243 663 2285; x_wconf 80' lang='lat' dir='ltr'>nostiis</span> <span class='ocrx_word' id='word_1_280' title='bbox 703 2243 818 2285; x_wconf 85' lang='lat' dir='ltr'>bella</span> <span class='ocrx_word' id='word_1_281' title='bbox 854 2243 1008 2308; x_wconf 84' lang='lat' dir='ltr'>gessit,</span> <span class='ocrx_word' id='word_1_282' title='bbox 1043 2257 1131 2284; x_wconf 91' lang='lat' dir='ltr'>non</span> <span class='ocrx_word' id='word_1_283' title='bbox 1162 2243 1303 2284; x_wconf 89' lang='lat' dir='ltr'>solum</span> <span class='ocrx_word' id='word_1_284' title='bbox 1333 2244 1431 2284; x_wconf 88' lang='lat' dir='ltr'>fide-</span> 
     </span>
     <span class='ocr_line' id='line_1_38' title="bbox 93 2301 1431 2358; baseline 0.001 -15"><span class='ocrx_word' id='word_1_285' title='bbox 93 2302 271 2344; x_wconf 88' lang='lat' dir='ltr'>lissimis</span> <span class='ocrx_word' id='word_1_286' title='bbox 308 2303 473 2358; x_wconf 87' lang='lat' dir='ltr'>regnis,</span> <span class='ocrx_word' id='word_1_287' title='bbox 511 2303 585 2344; x_wconf 91' lang='lat' dir='ltr'>sed</span> <span class='ocrx_word' id='word_1_288' title='bbox 617 2302 748 2343; x_wconf 89' lang='lat' dir='ltr'>etiam</span> <span class='ocrx_word' id='word_1_289' title='bbox 778 2302 824 2343; x_wconf 89' lang='lat' dir='ltr'>in</span> <span class='ocrx_word' id='word_1_290' title='bbox 854 2302 950 2356; x_wconf 91' lang='lat' dir='ltr'>ipsa</span> <span class='ocrx_word' id='word_1_291' title='bbox 979 2301 1200 2356; x_wconf 78' lang='lat' dir='ltr'>provincia</span> <span class='ocrx_word' id='word_1_292' title='bbox 1230 2316 1275 2343; x_wconf 83' lang='lat' dir='ltr'>se</span> <span class='ocrx_word' id='word_1_293' title='bbox 1308 2316 1333 2343; x_wconf 93' lang='lat' dir='ltr'>a</span> <span class='ocrx_word' id='word_1_294' title='bbox 1364 2316 1431 2344; x_wconf 88' lang='lat' dir='ltr'>so·</span> 
     </span>
    </p>
   </div>
   <div class='ocr_carea' id='block_1_3' title="bbox 1449 878 1504 968">
    <p class='ocr_par' dir='ltr' id='par_1_3' title="bbox 1449 878 1504 968">
     <span class='ocr_line' id='line_1_39' title="bbox 1453 878 1504 918; baseline 0 0"><span class='ocrx_word' id='word_1_295' title='bbox 1453 878 1504 918; x_wconf 82' lang='grc'>19</span> 
     </span>
     <span class='ocr_line' id='line_1_40' title="bbox 1449 939 1493 968; baseline 0 0"><span class='ocrx_word' id='word_1_296' title='bbox 1449 939 1493 968; x_wconf 78' lang='lat'>42</span> 
     </span>
    </p>
   </div>
  </div>
 </body>
</html>
