<?xml version="1.0" encoding="UTF-8"?>
<!DOCTYPE html PUBLIC "-//W3C//DTD XHTML 1.0 Transitional//EN"
    "http://www.w3.org/TR/xhtml1/DTD/xhtml1-transitional.dtd">
<html xmlns="http://www.w3.org/1999/xhtml" xml:lang="en" lang="en">
 <head>
  <title>
</title>
<meta http-equiv="Content-Type" content="text/html;charset=utf-8" />
  <meta name='ocr-system' content='tesseract 3.04.00' />
  <meta name='ocr-capabilities' content='ocr_page ocr_carea ocr_par ocr_line ocrx_word'/>
</head>
<body>
  <div class='ocr_page' id='page_1' title='image "./p3scriptaquaemanse02ciceuoft_0279.png"; bbox 0 0 1671 2543; ppageno 0'>
   <div class='ocr_carea' id='block_1_1' title="bbox 562 91 1448 134">
    <p class='ocr_par' dir='ltr' id='par_1_1' title="bbox 562 91 1448 134">
     <span class='ocr_line' id='line_1_1' title="bbox 562 91 1448 134; baseline 0.006 -6"><span class='ocrx_word' id='word_1_1' title='bbox 562 92 663 128; x_wconf 86' lang='lat' dir='ltr'>CAP.</span> <span class='ocrx_word' id='word_1_2' title='bbox 691 97 782 128; x_wconf 83' lang='grc'>4-6</span> <span class='ocrx_word' id='word_1_3' title='bbox 809 96 828 134; x_wconf 64' lang='lat' dir='ltr'>g</span> <span class='ocrx_word' id='word_1_4' title='bbox 855 96 980 128; x_wconf 81' lang='lat'>9—15.</span> <span class='ocrx_word' id='word_1_5' title='bbox 1366 91 1448 133; x_wconf 86' lang='lat'>139</span> 
     </span>
    </p>
   </div>
   <div class='ocr_carea' id='block_1_2' title="bbox 29 198 1504 2366">
    <p class='ocr_par' dir='ltr' id='par_1_2' title="bbox 29 198 1504 2366">
     <span class='ocr_line' id='line_1_2' title="bbox 100 198 1447 256; baseline -0.002 -13"><span class='ocrx_word' id='word_1_6' title='bbox 100 201 250 256; x_wconf 90' lang='lat' dir='ltr'>populi</span> <span class='ocrx_word' id='word_1_7' title='bbox 282 200 467 242; x_wconf 82' lang='lat' dir='ltr'>Romani</span> <span class='ocrx_word' id='word_1_8' title='bbox 506 200 716 242; x_wconf 87' lang='lat' dir='ltr'>excellens</span> <span class='ocrx_word' id='word_1_9' title='bbox 755 200 964 254; x_wconf 83' lang='lat' dir='ltr'>dignitas!</span> <span class='ocrx_word' id='word_1_10' title='bbox 1004 214 1028 241; x_wconf 95' lang='lat'>0</span> <span class='ocrx_word' id='word_1_11' title='bbox 1061 198 1137 242; x_wconf 87' lang='lat' dir='ltr'>Cn.</span> <span class='ocrx_word' id='word_1_12' title='bbox 1170 199 1351 253; x_wconf 82' lang='lat' dir='ltr'>Pompei</span> <span class='ocrx_word' id='word_1_13' title='bbox 1387 200 1447 241; x_wconf 89' lang='lat' dir='ltr'>sic</span> 
     </span>
     <span class='ocr_line' id='line_1_3' title="bbox 100 258 1447 326; baseline -0.001 -24"><span class='ocrx_word' id='word_1_14' title='bbox 100 261 189 302; x_wconf 91' lang='lat' dir='ltr'>late</span> <span class='ocrx_word' id='word_1_15' title='bbox 220 260 433 326; x_wconf 81' lang='lat' dir='ltr'>longeque</span> <span class='ocrx_word' id='word_1_16' title='bbox 465 259 619 300; x_wconf 88' lang='lat' dir='ltr'>diffusa</span> <span class='ocrx_word' id='word_1_17' title='bbox 649 258 755 313; x_wconf 91' lang='lat' dir='ltr'>laus,</span> <span class='ocrx_word' id='word_1_18' title='bbox 787 261 837 300; x_wconf 89' lang='lat' dir='ltr'>ut</span> <span class='ocrx_word' id='word_1_19' title='bbox 868 259 959 300; x_wconf 91' lang='lat' dir='ltr'>eius</span> <span class='ocrx_word' id='word_1_20' title='bbox 989 258 1153 314; x_wconf 87' lang='lat' dir='ltr'>gloriae</span> <span class='ocrx_word' id='word_1_21' title='bbox 1180 258 1447 300; x_wconf 78' lang='lat' dir='ltr'>domicilium</span> 
     </span>
     <span class='ocr_line' id='line_1_4' title="bbox 102 317 1446 373; baseline -0.002 -12"><span class='ocrx_word' id='word_1_22' title='bbox 102 319 342 361; x_wconf 80' lang='lat' dir='ltr'>communis</span> <span class='ocrx_word' id='word_1_23' title='bbox 398 317 568 373; x_wconf 89' lang='lat' dir='ltr'>imperii</span> <span class='ocrx_word' id='word_1_24' title='bbox 622 317 781 358; x_wconf 84' lang='lat' dir='ltr'>finibus</span> <span class='ocrx_word' id='word_1_25' title='bbox 831 317 1104 359; x_wconf 83' lang='lat' dir='ltr'>terminetur!</span> <span class='ocrx_word' id='word_1_26' title='bbox 1163 332 1187 359; x_wconf 96' lang='lat' dir='ltr'>o</span> <span class='ocrx_word' id='word_1_27' title='bbox 1235 317 1446 371; x_wconf 88' lang='lat' dir='ltr'>nationes,</span> 
     </span>
     <span class='ocr_line' id='line_1_5' title="bbox 101 374 1445 432; baseline -0.002 -13"><span class='ocrx_word' id='word_1_28' title='bbox 101 378 248 431; x_wconf 89' lang='lat' dir='ltr'>urbes,</span> <span class='ocrx_word' id='word_1_29' title='bbox 292 377 459 432; x_wconf 89' lang='lat' dir='ltr'>populi,</span> <span class='ocrx_word' id='word_1_30' title='bbox 502 389 643 432; x_wconf 85' lang='lat' dir='ltr'>reges,</span> <span class='ocrx_word' id='word_1_31' title='bbox 684 376 946 430; x_wconf 69' lang='lat' dir='ltr'>tetrarchae,</span> <span class='ocrx_word' id='word_1_32' title='bbox 983 376 1158 431; x_wconf 88' lang='lat' dir='ltr'>tyranni</span> <span class='ocrx_word' id='word_1_33' title='bbox 1195 378 1330 417; x_wconf 91' lang='lat' dir='ltr'>testes</span> <span class='ocrx_word' id='word_1_34' title='bbox 1369 374 1445 418; x_wconf 87' lang='lat' dir='ltr'>Cn.</span> 
     </span>
     <span class='ocr_line' id='line_1_6' title="bbox 66 434 1446 490; baseline 0 -15"><span class='ocrx_word' id='word_1_35' title='bbox 66 449 83 475; x_wconf 87' lang='lat'><strong>5</strong></span> <span class='ocrx_word' id='word_1_36' title='bbox 103 436 283 490; x_wconf 84' lang='lat' dir='ltr'>Pompei</span> <span class='ocrx_word' id='word_1_37' title='bbox 319 450 407 477; x_wconf 91' lang='lat' dir='ltr'>non</span> <span class='ocrx_word' id='word_1_38' title='bbox 443 435 583 477; x_wconf 88' lang='lat' dir='ltr'>solum</span> <span class='ocrx_word' id='word_1_39' title='bbox 618 435 795 476; x_wconf 83' lang='lat' dir='ltr'>virtutis</span> <span class='ocrx_word' id='word_1_40' title='bbox 832 435 877 476; x_wconf 89' lang='lat' dir='ltr'>in</span> <span class='ocrx_word' id='word_1_41' title='bbox 911 435 1044 489; x_wconf 90' lang='lat' dir='ltr'>bello,</span> <span class='ocrx_word' id='word_1_42' title='bbox 1082 435 1155 477; x_wconf 92' lang='lat' dir='ltr'>sed</span> <span class='ocrx_word' id='word_1_43' title='bbox 1188 435 1319 476; x_wconf 90' lang='lat' dir='ltr'>etiam</span> <span class='ocrx_word' id='word_1_44' title='bbox 1350 434 1446 476; x_wconf 90' lang='lat' dir='ltr'>reli-</span> 
     </span>
     <span class='ocr_line' id='line_1_7' title="bbox 103 493 1445 551; baseline -0.002 -15"><span class='ocrx_word' id='word_1_45' title='bbox 103 495 245 551; x_wconf 85' lang='lat' dir='ltr'>gionis</span> <span class='ocrx_word' id='word_1_46' title='bbox 276 494 322 536; x_wconf 91' lang='lat' dir='ltr'>in</span> <span class='ocrx_word' id='word_1_47' title='bbox 352 495 475 549; x_wconf 81' lang='lat' dir='ltr'>pace!</span> <span class='ocrx_word' id='word_1_48' title='bbox 511 508 587 535; x_wconf 87' lang='lat' dir='ltr'>vos</span> <span class='ocrx_word' id='word_1_49' title='bbox 619 493 813 548; x_wconf 88' lang='lat' dir='ltr'>denique,</span> <span class='ocrx_word' id='word_1_50' title='bbox 844 496 989 535; x_wconf 91' lang='lat' dir='ltr'>mutae</span> <span class='ocrx_word' id='word_1_51' title='bbox 1020 494 1231 549; x_wconf 73' lang='lat' dir='ltr'>regiones,</span> <span class='ocrx_word' id='word_1_52' title='bbox 1261 493 1445 548; x_wconf 77' lang='lat' dir='ltr'>inploro,</span> 
     </span>
     <span class='ocr_line' id='line_1_8' title="bbox 103 552 1445 607; baseline -0.001 -12"><span class='ocrx_word' id='word_1_53' title='bbox 103 556 147 595; x_wconf 87' lang='lat' dir='ltr'>et</span> <span class='ocrx_word' id='word_1_54' title='bbox 167 553 260 595; x_wconf 88' lang='lat' dir='ltr'>sola</span> <span class='ocrx_word' id='word_1_55' title='bbox 279 556 493 595; x_wconf 91' lang='lat' dir='ltr'>terrarum</span> <span class='ocrx_word' id='word_1_56' title='bbox 511 553 775 606; x_wconf 87' lang='lat' dir='ltr'>ultimarum,</span> <span class='ocrx_word' id='word_1_57' title='bbox 800 566 888 607; x_wconf 85' lang='lat' dir='ltr'>vos,</span> <span class='ocrx_word' id='word_1_58' title='bbox 915 552 1061 607; x_wconf 90' lang='lat' dir='ltr'>maria,</span> <span class='ocrx_word' id='word_1_59' title='bbox 1084 555 1248 607; x_wconf 86' lang='lat' dir='ltr'>portus,</span> <span class='ocrx_word' id='word_1_60' title='bbox 1267 552 1445 606; x_wconf 85' lang='lat' dir='ltr'>insulae,</span> 
     </span>
     <span class='ocr_line' id='line_1_9' title="bbox 101 611 1444 665; baseline -0.001 -12"><span class='ocrx_word' id='word_1_61' title='bbox 101 613 250 654; x_wconf 84' lang='lat' dir='ltr'>litora!</span> <span class='ocrx_word' id='word_1_62' title='bbox 321 611 438 661; x_wconf 84' lang='lat' dir='ltr'>Quae</span> <span class='ocrx_word' id='word_1_63' title='bbox 477 614 543 653; x_wconf 91' lang='lat' dir='ltr'>est</span> <span class='ocrx_word' id='word_1_64' title='bbox 581 612 696 653; x_wconf 89' lang='lat' dir='ltr'>enim</span> <span class='ocrx_word' id='word_1_65' title='bbox 735 625 826 665; x_wconf 91' lang='lat' dir='ltr'>ora,</span> <span class='ocrx_word' id='word_1_66' title='bbox 871 626 979 665; x_wconf 89' lang='lat' dir='ltr'>quae</span> <span class='ocrx_word' id='word_1_67' title='bbox 1018 611 1156 665; x_wconf 87' lang='lat' dir='ltr'>sedes,</span> <span class='ocrx_word' id='word_1_68' title='bbox 1201 611 1275 665; x_wconf 91' lang='lat' dir='ltr'>qui</span> <span class='ocrx_word' id='word_1_69' title='bbox 1312 611 1444 664; x_wconf 82' lang='grc'>100118,</span> 
     </span>
     <span class='ocr_line' id='line_1_10' title="bbox 102 669 1444 725; baseline -0.001 -12"><span class='ocrx_word' id='word_1_70' title='bbox 102 671 148 712; x_wconf 91' lang='grc'>111</span> <span class='ocrx_word' id='word_1_71' title='bbox 185 685 269 725; x_wconf 92' lang='lat' dir='ltr'>quo</span> <span class='ocrx_word' id='word_1_72' title='bbox 303 685 392 712; x_wconf 91' lang='lat' dir='ltr'>non</span> <span class='ocrx_word' id='word_1_73' title='bbox 423 672 571 712; x_wconf 80' lang='lat' dir='ltr'>extent</span> <span class='ocrx_word' id='word_1_74' title='bbox 601 670 730 711; x_wconf 88' lang='lat' dir='ltr'>huius</span> <span class='ocrx_word' id='word_1_75' title='bbox 762 684 859 711; x_wconf 90' lang='lat' dir='ltr'>cum</span> <span class='ocrx_word' id='word_1_76' title='bbox 890 669 1179 724; x_wconf 86' lang='lat' dir='ltr'>fortitudinis,</span> <span class='ocrx_word' id='word_1_77' title='bbox 1216 672 1312 711; x_wconf 90' lang='lat' dir='ltr'>tum</span> <span class='ocrx_word' id='word_1_78' title='bbox 1342 684 1444 711; x_wconf 84' lang='lat' dir='ltr'>vero</span> 
     </span>
     <span class='ocr_line' id='line_1_11' title="bbox 51 728 1444 784; baseline 0 -15"><span class='ocrx_word' id='word_1_79' title='bbox 51 744 84 769; x_wconf 76' lang='grc' dir='ltr'>ιο</span> <span class='ocrx_word' id='word_1_80' title='bbox 102 730 399 784; x_wconf 86' lang='lat' dir='ltr'>humanitatis,</span> <span class='ocrx_word' id='word_1_81' title='bbox 426 744 523 771; x_wconf 91' lang='lat' dir='ltr'>cum</span> <span class='ocrx_word' id='word_1_82' title='bbox 546 729 689 783; x_wconf 87' lang='lat' dir='ltr'>animi,</span> <span class='ocrx_word' id='word_1_83' title='bbox 715 731 809 770; x_wconf 91' lang='lat' dir='ltr'>tum</span> <span class='ocrx_word' id='word_1_84' title='bbox 830 728 1028 770; x_wconf 88' lang='lat' dir='ltr'>consilii</span> <span class='ocrx_word' id='word_1_85' title='bbox 1017 742 1211 783; x_wconf 79' lang='lat' dir='ltr'>inpressa</span> <span class='ocrx_word' id='word_1_86' title='bbox 1229 728 1444 783; x_wconf 76' lang='lat' dir='ltr'>vestigia?</span> 
     </span>
     <span class='ocr_line' id='line_1_12' title="bbox 101 787 1446 843; baseline -0.002 -13"><span class='ocrx_word' id='word_1_87' title='bbox 101 788 229 831; x_wconf 89' lang='lat' dir='ltr'>Hunc</span> <span class='ocrx_word' id='word_1_88' title='bbox 250 788 477 843; x_wconf 89' lang='lat' dir='ltr'>quisquam</span> <span class='ocrx_word' id='word_1_89' title='bbox 495 787 737 830; x_wconf 81' lang='lat' dir='ltr'>incredibili</span> <span class='ocrx_word' id='word_1_90' title='bbox 758 787 940 841; x_wconf 90' lang='lat' dir='ltr'>quadam</span> <span class='ocrx_word' id='word_1_91' title='bbox 958 789 1087 842; x_wconf 90' lang='lat' dir='ltr'>atque</span> <span class='ocrx_word' id='word_1_92' title='bbox 1100 787 1294 828; x_wconf 87' lang='lat' dir='ltr'>inaudita</span> <span class='ocrx_word' id='word_1_93' title='bbox 1307 787 1446 842; x_wconf 82' lang='lat' dir='ltr'>gravi-</span> 
     </span>
     <span class='ocr_line' id='line_1_13' title="bbox 102 845 1444 902; baseline -0.001 -14"><span class='ocrx_word' id='word_1_94' title='bbox 102 850 212 902; x_wconf 92' lang='lat' dir='ltr'>tate,</span> <span class='ocrx_word' id='word_1_95' title='bbox 250 848 430 902; x_wconf 85' lang='lat' dir='ltr'>virtute,</span> <span class='ocrx_word' id='word_1_96' title='bbox 469 846 714 888; x_wconf 87' lang='lat' dir='ltr'>constantia</span> <span class='ocrx_word' id='word_1_97' title='bbox 748 846 994 900; x_wconf 88' lang='lat' dir='ltr'>praeditum</span> <span class='ocrx_word' id='word_1_98' title='bbox 1030 845 1204 888; x_wconf 84' lang='lat' dir='ltr'>foedera</span> <span class='ocrx_word' id='word_1_99' title='bbox 1237 846 1444 887; x_wconf 89' lang='lat' dir='ltr'>scientem</span> 
     </span>
     <span class='ocr_line' id='line_1_14' title="bbox 100 886 1503 977; baseline -0.002 -29"><span class='ocrx_word' id='word_1_100' title='bbox 100 906 361 962; x_wconf 84' lang='lat' dir='ltr'>neglexisse,</span> <span class='ocrx_word' id='word_1_101' title='bbox 399 905 601 959; x_wconf 90' lang='lat' dir='ltr'>violasse,</span> <span class='ocrx_word' id='word_1_102' title='bbox 635 904 802 959; x_wconf 85' lang='lat' dir='ltr'>rupisse</span> <span class='ocrx_word' id='word_1_103' title='bbox 834 905 973 946; x_wconf 87' lang='lat' dir='ltr'>dicere</span> <span class='ocrx_word' id='word_1_104' title='bbox 1006 904 1211 946; x_wconf 82' lang='lat' dir='ltr'>audebit?</span> <span class='ocrx_word' id='word_1_105' title='bbox 1274 903 1444 945; x_wconf 85' lang='lat' dir='ltr'>Gratifi-</span> <span class='ocrx_word' id='word_1_106' title='bbox 1459 886 1503 977; x_wconf 71' lang='lat'>64</span> 
     </span>
     <span class='ocr_line' id='line_1_15' title="bbox 103 947 1503 1029; baseline -0.001 -23"><span class='ocrx_word' id='word_1_107' title='bbox 103 968 226 1007; x_wconf 88' lang='lat' dir='ltr'>catur</span> <span class='ocrx_word' id='word_1_108' title='bbox 257 965 364 1006; x_wconf 91' lang='lat' dir='ltr'>mihi</span> <span class='ocrx_word' id='word_1_109' title='bbox 390 967 517 1020; x_wconf 91' lang='lat' dir='ltr'>gestu</span> <span class='ocrx_word' id='word_1_110' title='bbox 543 966 779 1017; x_wconf 87' lang='lat' dir='ltr'>accusator,</span> <span class='ocrx_word' id='word_1_111' title='bbox 809 963 1064 1005; x_wconf 86' lang='lat' dir='ltr'>inscientem</span> <span class='ocrx_word' id='word_1_112' title='bbox 1089 962 1164 1005; x_wconf 86' lang='lat' dir='ltr'>Cn.</span> <span class='ocrx_word' id='word_1_113' title='bbox 1190 947 1503 1029; x_wconf 75' lang='lat' dir='ltr'>Pompeium14</span> 
     </span>
     <span class='ocr_line' id='line_1_16' title="bbox 51 1022 1446 1079; baseline 0 -16"><span class='ocrx_word' id='word_1_114' title='bbox 51 1038 83 1063; x_wconf 81' lang='lat'>15</span> <span class='ocrx_word' id='word_1_115' title='bbox 103 1023 255 1066; x_wconf 82' lang='lat' dir='ltr'>fecisse</span> <span class='ocrx_word' id='word_1_116' title='bbox 276 1023 506 1079; x_wconf 88' lang='lat' dir='ltr'>significat.</span> <span class='ocrx_word' id='word_1_117' title='bbox 552 1022 682 1072; x_wconf 81' lang='lat' dir='ltr'>Quasi</span> <span class='ocrx_word' id='word_1_118' title='bbox 703 1037 803 1063; x_wconf 87' lang='lat' dir='ltr'>vero</span> <span class='ocrx_word' id='word_1_119' title='bbox 817 1036 900 1064; x_wconf 66' lang='lat' dir='ltr'>ozon</span> <span class='ocrx_word' id='word_1_120' title='bbox 912 1022 1048 1064; x_wconf 83' lang='lat' dir='ltr'>levius</span> <span class='ocrx_word' id='word_1_121' title='bbox 1064 1022 1133 1076; x_wconf 86' lang='lat' dir='ltr'>sit,</span> <span class='ocrx_word' id='word_1_122' title='bbox 1154 1036 1251 1063; x_wconf 90' lang='lat' dir='ltr'>cum</span> <span class='ocrx_word' id='word_1_123' title='bbox 1264 1022 1309 1063; x_wconf 88' lang='lat' dir='ltr'>in</span> <span class='ocrx_word' id='word_1_124' title='bbox 1322 1024 1446 1063; x_wconf 88' lang='lat' dir='ltr'>tanta</span> 
     </span>
     <span class='ocr_line' id='line_1_17' title="bbox 103 1080 1444 1137; baseline -0.001 -13"><span class='ocrx_word' id='word_1_125' title='bbox 103 1097 148 1124; x_wconf 87' lang='lat' dir='ltr'>re</span> <span class='ocrx_word' id='word_1_126' title='bbox 180 1082 354 1137; x_wconf 91' lang='lat' dir='ltr'>publica</span> <span class='ocrx_word' id='word_1_127' title='bbox 385 1096 553 1123; x_wconf 85' lang='lat' dir='ltr'>versere</span> <span class='ocrx_word' id='word_1_128' title='bbox 585 1084 629 1122; x_wconf 90' lang='lat' dir='ltr'>et</span> <span class='ocrx_word' id='word_1_129' title='bbox 660 1081 858 1122; x_wconf 80' lang='lat' dir='ltr'>maximis</span> <span class='ocrx_word' id='word_1_130' title='bbox 882 1081 1071 1136; x_wconf 88' lang='lat' dir='ltr'>negotiis</span> <span class='ocrx_word' id='word_1_131' title='bbox 1096 1081 1273 1135; x_wconf 86' lang='lat' dir='ltr'>praesis,</span> <span class='ocrx_word' id='word_1_132' title='bbox 1304 1080 1444 1122; x_wconf 84' lang='lat' dir='ltr'>facere</span> 
     </span>
     <span class='ocr_line' id='line_1_18' title="bbox 103 1139 1444 1196; baseline -0.002 -13"><span class='ocrx_word' id='word_1_133' title='bbox 103 1141 278 1196; x_wconf 89' lang='lat' dir='ltr'>aliquid,</span> <span class='ocrx_word' id='word_1_134' title='bbox 306 1141 419 1195; x_wconf 89' lang='lat' dir='ltr'>quod</span> <span class='ocrx_word' id='word_1_135' title='bbox 445 1140 556 1182; x_wconf 89' lang='lat' dir='ltr'>scias</span> <span class='ocrx_word' id='word_1_136' title='bbox 580 1154 668 1181; x_wconf 89' lang='lat' dir='ltr'>non</span> <span class='ocrx_word' id='word_1_137' title='bbox 692 1140 832 1194; x_wconf 90' lang='lat' dir='ltr'>licere,</span> <span class='ocrx_word' id='word_1_138' title='bbox 859 1154 989 1194; x_wconf 89' lang='lat' dir='ltr'>quam</span> <span class='ocrx_word' id='word_1_139' title='bbox 1015 1139 1188 1181; x_wconf 90' lang='lat' dir='ltr'>omnino</span> <span class='ocrx_word' id='word_1_140' title='bbox 1214 1154 1302 1180; x_wconf 90' lang='lat' dir='ltr'>non</span> <span class='ocrx_word' id='word_1_141' title='bbox 1324 1139 1444 1193; x_wconf 89' lang='lat' dir='ltr'>scire,</span> 
     </span>
     <span class='ocr_line' id='line_1_19' title="bbox 104 1197 1445 1254; baseline -0.002 -13"><span class='ocrx_word' id='word_1_142' title='bbox 104 1200 205 1254; x_wconf 91' lang='lat' dir='ltr'>quid</span> <span class='ocrx_word' id='word_1_143' title='bbox 243 1200 383 1241; x_wconf 89' lang='lat' dir='ltr'>liceat.</span> <span class='ocrx_word' id='word_1_144' title='bbox 444 1198 621 1240; x_wconf 85' lang='lat' dir='ltr'>Etenim</span> <span class='ocrx_word' id='word_1_145' title='bbox 657 1200 821 1252; x_wconf 84' lang='lat' dir='ltr'>utrum,</span> <span class='ocrx_word' id='word_1_146' title='bbox 859 1199 930 1250; x_wconf 72' lang='lat' dir='ltr'>qui</span> <span class='ocrx_word' id='word_1_147' title='bbox 962 1199 1009 1239; x_wconf 72' lang='lat' dir='ltr'>in</span> <span class='ocrx_word' id='word_1_148' title='bbox 1039 1197 1252 1252; x_wconf 82' lang='lat' dir='ltr'>Hispania</span> <span class='ocrx_word' id='word_1_149' title='bbox 1282 1198 1445 1239; x_wconf 89' lang='lat' dir='ltr'>bellum</span> 
     </span>
     <span class='ocr_line' id='line_1_20' title="bbox 103 1255 1446 1312; baseline -0.002 -12"><span class='ocrx_word' id='word_1_150' title='bbox 103 1259 360 1301; x_wconf 90' lang='lat' dir='ltr'>acerrimum</span> <span class='ocrx_word' id='word_1_151' title='bbox 397 1260 440 1299; x_wconf 91' lang='lat' dir='ltr'>et</span> <span class='ocrx_word' id='word_1_152' title='bbox 473 1257 709 1299; x_wconf 81' lang='lat' dir='ltr'>maximum</span> <span class='ocrx_word' id='word_1_153' title='bbox 740 1259 950 1312; x_wconf 84' lang='lat' dir='ltr'>gesserat,</span> <span class='ocrx_word' id='word_1_154' title='bbox 989 1271 1073 1311; x_wconf 92' lang='lat' dir='ltr'>quo</span> <span class='ocrx_word' id='word_1_155' title='bbox 1105 1257 1197 1297; x_wconf 91' lang='lat' dir='ltr'>iure</span> <span class='ocrx_word' id='word_1_156' title='bbox 1231 1255 1446 1298; x_wconf 83' lang='lat' dir='ltr'>Gaditana</span> 
     </span>
     <span class='ocr_line' id='line_1_21' title="bbox 50 1315 1444 1371; baseline 0 -15"><span class='ocrx_word' id='word_1_157' title='bbox 50 1332 84 1357; x_wconf 82' lang='lat'>20</span> <span class='ocrx_word' id='word_1_158' title='bbox 105 1318 256 1360; x_wconf 84' lang='lat' dir='ltr'>civitas</span> <span class='ocrx_word' id='word_1_159' title='bbox 283 1319 408 1371; x_wconf 88' lang='lat' dir='ltr'>esset,</span> <span class='ocrx_word' id='word_1_160' title='bbox 433 1316 654 1358; x_wconf 88' lang='lat' dir='ltr'>nesciebat</span> <span class='ocrx_word' id='word_1_161' title='bbox 681 1330 745 1370; x_wconf 91' lang='lat' dir='ltr'>an,</span> <span class='ocrx_word' id='word_1_162' title='bbox 772 1330 869 1357; x_wconf 92' lang='lat' dir='ltr'>cum</span> <span class='ocrx_word' id='word_1_163' title='bbox 892 1315 958 1356; x_wconf 87' lang='lat' dir='ltr'>ius</span> <span class='ocrx_word' id='word_1_164' title='bbox 978 1315 1095 1356; x_wconf 90' lang='lat' dir='ltr'>illius</span> <span class='ocrx_word' id='word_1_165' title='bbox 1114 1315 1265 1369; x_wconf 91' lang='lat' dir='ltr'>populi</span> <span class='ocrx_word' id='word_1_166' title='bbox 1283 1318 1444 1370; x_wconf 83' lang='lat' dir='ltr'>nosset,</span> 
     </span>
     <span class='ocr_line' id='line_1_22' title="bbox 101 1373 1446 1430; baseline -0.003 -12"><span class='ocrx_word' id='word_1_167' title='bbox 101 1375 507 1430; x_wconf 87' lang='lat' dir='ltr'>interpretationem</span> <span class='ocrx_word' id='word_1_168' title='bbox 531 1374 714 1416; x_wconf 87' lang='lat' dir='ltr'>foederis</span> <span class='ocrx_word' id='word_1_169' title='bbox 739 1388 827 1415; x_wconf 90' lang='lat' dir='ltr'>non</span> <span class='ocrx_word' id='word_1_170' title='bbox 851 1374 1056 1415; x_wconf 79' lang='lat' dir='ltr'>tenebat?</span> <span class='ocrx_word' id='word_1_171' title='bbox 1105 1373 1155 1415; x_wconf 89' lang='lat' dir='ltr'>Id</span> <span class='ocrx_word' id='word_1_172' title='bbox 1177 1374 1314 1429; x_wconf 87' lang='lat' dir='ltr'>igitur</span> <span class='ocrx_word' id='word_1_173' title='bbox 1334 1374 1446 1428; x_wconf 86' lang='lat' dir='ltr'>quis—</span> 
     </span>
     <span class='ocr_line' id='line_1_23' title="bbox 104 1433 1445 1490; baseline -0.002 -14"><span class='ocrx_word' id='word_1_174' title='bbox 104 1449 234 1490; x_wconf 88' lang='lat' dir='ltr'>quam</span> <span class='ocrx_word' id='word_1_175' title='bbox 265 1433 340 1476; x_wconf 65' lang='grc'>611.</span> <span class='ocrx_word' id='word_1_176' title='bbox 372 1433 627 1487; x_wconf 91' lang='lat' dir='ltr'>Pompeium</span> <span class='ocrx_word' id='word_1_177' title='bbox 663 1433 886 1488; x_wconf 88' lang='lat' dir='ltr'>ignorasse</span> <span class='ocrx_word' id='word_1_178' title='bbox 925 1433 1063 1474; x_wconf 86' lang='lat' dir='ltr'>dicere</span> <span class='ocrx_word' id='word_1_179' title='bbox 1100 1433 1292 1487; x_wconf 87' lang='lat' dir='ltr'>audebit,</span> <span class='ocrx_word' id='word_1_180' title='bbox 1331 1433 1445 1487; x_wconf 93' lang='lat' dir='ltr'>quod</span> 
     </span>
     <span class='ocr_line' id='line_1_24' title="bbox 103 1491 1446 1546; baseline -0.002 -11"><span class='ocrx_word' id='word_1_181' title='bbox 103 1494 339 1535; x_wconf 90' lang='lat' dir='ltr'>mediocres</span> <span class='ocrx_word' id='word_1_182' title='bbox 363 1492 572 1546; x_wconf 86' lang='lat' dir='ltr'>homines,</span> <span class='ocrx_word' id='word_1_183' title='bbox 605 1492 718 1546; x_wconf 93' lang='lat' dir='ltr'>quod</span> <span class='ocrx_word' id='word_1_184' title='bbox 742 1492 862 1533; x_wconf 91' lang='lat' dir='ltr'>nullo</span> <span class='ocrx_word' id='word_1_185' title='bbox 888 1505 980 1545; x_wconf 82' lang='grc'>11811,</span> <span class='ocrx_word' id='word_1_186' title='bbox 1010 1491 1131 1533; x_wconf 89' lang='grc'>1111110</span> <span class='ocrx_word' id='word_1_187' title='bbox 1158 1491 1301 1533; x_wconf 89' lang='lat' dir='ltr'>studio</span> <span class='ocrx_word' id='word_1_188' title='bbox 1327 1506 1446 1545; x_wconf 89' lang='lat' dir='ltr'>prae-</span> 
     </span>
     <span class='ocr_line' id='line_1_25' title="bbox 106 1550 1444 1605; baseline -0.001 -12"><span class='ocrx_word' id='word_1_189' title='bbox 106 1552 186 1593; x_wconf 89' lang='lat' dir='ltr'>diti</span> <span class='ocrx_word' id='word_1_190' title='bbox 199 1551 390 1605; x_wconf 87' lang='lat' dir='ltr'>militari,</span> <span class='ocrx_word' id='word_1_191' title='bbox 406 1551 520 1604; x_wconf 90' lang='lat' dir='ltr'>quod</span> <span class='ocrx_word' id='word_1_192' title='bbox 533 1550 745 1592; x_wconf 88' lang='lat' dir='ltr'>librarioli</span> <span class='ocrx_word' id='word_1_193' title='bbox 756 1550 937 1604; x_wconf 85' lang='lat' dir='ltr'>denique</span> <span class='ocrx_word' id='word_1_194' title='bbox 951 1564 992 1592; x_wconf 82' lang='lat'>36</span> <span class='ocrx_word' id='word_1_195' title='bbox 1005 1550 1114 1591; x_wconf 90' lang='lat' dir='ltr'>scire</span> <span class='ocrx_word' id='word_1_196' title='bbox 1128 1550 1444 1604; x_wconf 77' lang='lat' dir='ltr'>profiteantur?</span> 
     </span>
     <span class='ocr_line' id='line_1_26' title="bbox 51 1608 1504 1665; baseline -0.002 -14"><span class='ocrx_word' id='word_1_197' title='bbox 51 1625 85 1650; x_wconf 84' lang='lat'>25</span> <span class='ocrx_word' id='word_1_198' title='bbox 105 1610 319 1665; x_wconf 88' lang='lat' dir='ltr'>Equidem</span> <span class='ocrx_word' id='word_1_199' title='bbox 345 1612 495 1651; x_wconf 89' lang='lat' dir='ltr'>contra</span> <span class='ocrx_word' id='word_1_200' title='bbox 520 1609 732 1663; x_wconf 83' lang='lat' dir='ltr'>existimo,</span> <span class='ocrx_word' id='word_1_201' title='bbox 756 1608 930 1662; x_wconf 82' lang='lat' dir='ltr'>iudices,</span> <span class='ocrx_word' id='word_1_202' title='bbox 956 1623 1052 1650; x_wconf 89' lang='lat' dir='ltr'>cum</span> <span class='ocrx_word' id='word_1_203' title='bbox 1077 1608 1123 1649; x_wconf 89' lang='lat' dir='ltr'>in</span> <span class='ocrx_word' id='word_1_204' title='bbox 1149 1608 1266 1650; x_wconf 92' lang='lat' dir='ltr'>omni</span> <span class='ocrx_word' id='word_1_205' title='bbox 1289 1622 1444 1664; x_wconf 85' lang='lat' dir='ltr'>genere</span> <span class='ocrx_word' id='word_1_206' title='bbox 1461 1615 1504 1647; x_wconf 78' lang='lat'>15</span> 
     </span>
     <span class='ocr_line' id='line_1_27' title="bbox 106 1667 1443 1721; baseline -0.002 -11"><span class='ocrx_word' id='word_1_207' title='bbox 106 1684 155 1711; x_wconf 90' lang='lat' dir='ltr'>ac</span> <span class='ocrx_word' id='word_1_208' title='bbox 187 1668 396 1709; x_wconf 83' lang='lat' dir='ltr'>varietate</span> <span class='ocrx_word' id='word_1_209' title='bbox 429 1667 599 1721; x_wconf 90' lang='lat' dir='ltr'>artium,</span> <span class='ocrx_word' id='word_1_210' title='bbox 632 1668 762 1708; x_wconf 88' lang='lat' dir='ltr'>etiam</span> <span class='ocrx_word' id='word_1_211' title='bbox 794 1667 979 1720; x_wconf 88' lang='lat' dir='ltr'>illarum,</span> <span class='ocrx_word' id='word_1_212' title='bbox 1011 1681 1119 1720; x_wconf 92' lang='lat' dir='ltr'>quae</span> <span class='ocrx_word' id='word_1_213' title='bbox 1152 1667 1242 1708; x_wconf 90' lang='lat' dir='ltr'>sine</span> <span class='ocrx_word' id='word_1_214' title='bbox 1275 1681 1443 1708; x_wconf 92' lang='lat' dir='ltr'>summo</span> 
     </span>
     <span class='ocr_line' id='line_1_28' title="bbox 106 1724 1446 1780; baseline -0.002 -11"><span class='ocrx_word' id='word_1_215' title='bbox 106 1728 196 1770; x_wconf 90' lang='lat' dir='ltr'>otio</span> <span class='ocrx_word' id='word_1_216' title='bbox 246 1740 334 1767; x_wconf 88' lang='lat' dir='ltr'>non</span> <span class='ocrx_word' id='word_1_217' title='bbox 382 1725 507 1767; x_wconf 87' lang='lat' dir='ltr'>facile</span> <span class='ocrx_word' id='word_1_218' title='bbox 557 1726 798 1779; x_wconf 90' lang='lat' dir='ltr'>discuntur,</span> <span class='ocrx_word' id='word_1_219' title='bbox 853 1724 927 1767; x_wconf 86' lang='lat' dir='ltr'>Cn.</span> <span class='ocrx_word' id='word_1_220' title='bbox 970 1724 1201 1778; x_wconf 91' lang='lat' dir='ltr'>Pompeius</span> <span class='ocrx_word' id='word_1_221' title='bbox 1252 1726 1446 1780; x_wconf 82' lang='lat' dir='ltr'>excellat,</span> 
     </span>
     <span class='ocr_line' id='line_1_29' title="bbox 107 1783 1446 1841; baseline -0.001 -14"><span class='ocrx_word' id='word_1_222' title='bbox 107 1786 371 1841; x_wconf 85' lang='lat' dir='ltr'>singularem</span> <span class='ocrx_word' id='word_1_223' title='bbox 414 1784 629 1838; x_wconf 88' lang='lat' dir='ltr'>quandam</span> <span class='ocrx_word' id='word_1_224' title='bbox 671 1784 841 1825; x_wconf 88' lang='lat' dir='ltr'>laudem</span> <span class='ocrx_word' id='word_1_225' title='bbox 881 1783 971 1824; x_wconf 90' lang='lat' dir='ltr'>eius</span> <span class='ocrx_word' id='word_1_226' title='bbox 1009 1783 1315 1836; x_wconf 89' lang='lat' dir='ltr'>praestabilem</span> <span class='ocrx_word' id='word_1_227' title='bbox 1353 1797 1446 1825; x_wconf 88' lang='lat' dir='ltr'>esse</span> 
     </span>
     <span class='ocr_line' id='line_1_30' title="bbox 29 1841 1446 1896; baseline -0.004 -9"><span class='ocrx_word' id='word_1_228' title='bbox 29 1883 34 1888; x_wconf 90' lang='lat'><em>.</em></span> <span class='ocrx_word' id='word_1_229' title='bbox 107 1844 333 1887; x_wconf 87' lang='lat' dir='ltr'>scientiam</span> <span class='ocrx_word' id='word_1_230' title='bbox 381 1842 426 1883; x_wconf 91' lang='lat' dir='ltr'>in</span> <span class='ocrx_word' id='word_1_231' title='bbox 471 1842 732 1895; x_wconf 83' lang='lat' dir='ltr'>foederibus,</span> <span class='ocrx_word' id='word_1_232' title='bbox 781 1841 1072 1896; x_wconf 86' lang='lat' dir='ltr'>pactionibus,</span> <span class='ocrx_word' id='word_1_233' title='bbox 1122 1841 1446 1883; x_wconf 89' lang='lat' dir='ltr'>condicionibus</span> 
     </span>
     <span class='ocr_line' id='line_1_31' title="bbox 52 1900 1445 1966; baseline -0.001 -23"><span class='ocrx_word' id='word_1_234' title='bbox 52 1918 87 1943; x_wconf 84' lang='lat'>30</span> <span class='ocrx_word' id='word_1_235' title='bbox 106 1902 383 1958; x_wconf 88' lang='lat' dir='ltr'>populorum,</span> <span class='ocrx_word' id='word_1_236' title='bbox 421 1915 589 1966; x_wconf 80' lang='lat' dir='ltr'>regum,</span> <span class='ocrx_word' id='word_1_237' title='bbox 625 1903 866 1941; x_wconf 80' lang='lat' dir='ltr'>exterarum</span> <span class='ocrx_word' id='word_1_238' title='bbox 896 1900 1139 1954; x_wconf 90' lang='lat' dir='ltr'>nationum,</span> <span class='ocrx_word' id='word_1_239' title='bbox 1170 1900 1217 1940; x_wconf 89' lang='lat' dir='ltr'>in</span> <span class='ocrx_word' id='word_1_240' title='bbox 1246 1900 1445 1942; x_wconf 88' lang='lat' dir='ltr'>universo</span> 
     </span>
     <span class='ocr_line' id='line_1_32' title="bbox 107 1957 1447 2016; baseline -0.002 -13"><span class='ocrx_word' id='word_1_241' title='bbox 107 1962 289 2016; x_wconf 83' lang='lat' dir='ltr'>denique</span> <span class='ocrx_word' id='word_1_242' title='bbox 320 1959 424 2002; x_wconf 88' lang='lat' dir='ltr'>belli</span> <span class='ocrx_word' id='word_1_243' title='bbox 455 1959 546 2000; x_wconf 92' lang='lat' dir='ltr'>iure</span> <span class='ocrx_word' id='word_1_244' title='bbox 574 1961 702 2013; x_wconf 88' lang='lat' dir='ltr'>atque</span> <span class='ocrx_word' id='word_1_245' title='bbox 727 1958 864 2013; x_wconf 89' lang='lat' dir='ltr'>pacis,</span> <span class='ocrx_word' id='word_1_246' title='bbox 893 1958 979 2000; x_wconf 90' lang='lat' dir='ltr'>nisi</span> <span class='ocrx_word' id='word_1_247' title='bbox 1003 1957 1114 1999; x_wconf 89' lang='lat' dir='ltr'>forte</span> <span class='ocrx_word' id='word_1_248' title='bbox 1142 1973 1201 2012; x_wconf 90' lang='lat' dir='ltr'>ea,</span> <span class='ocrx_word' id='word_1_249' title='bbox 1234 1972 1342 2012; x_wconf 89' lang='lat' dir='ltr'>quae</span> <span class='ocrx_word' id='word_1_250' title='bbox 1367 1972 1447 2000; x_wconf 89' lang='lat' dir='ltr'>nos</span> 
     </span>
     <span class='ocr_line' id='line_1_33' title="bbox 106 2015 1448 2071; baseline -0.004 -9"><span class='ocrx_word' id='word_1_251' title='bbox 106 2019 209 2062; x_wconf 92' lang='lat' dir='ltr'>libri</span> <span class='ocrx_word' id='word_1_252' title='bbox 246 2019 402 2061; x_wconf 88' lang='lat' dir='ltr'>docent</span> <span class='ocrx_word' id='word_1_253' title='bbox 437 2017 484 2059; x_wconf 91' lang='lat' dir='ltr'>in</span> <span class='ocrx_word' id='word_1_254' title='bbox 513 2018 667 2058; x_wconf 90' lang='lat' dir='ltr'>umbra</span> <span class='ocrx_word' id='word_1_255' title='bbox 698 2020 826 2071; x_wconf 89' lang='lat' dir='ltr'>atque</span> <span class='ocrx_word' id='word_1_256' title='bbox 859 2017 967 2071; x_wconf 89' lang='lat' dir='ltr'>otio,</span> <span class='ocrx_word' id='word_1_257' title='bbox 1006 2031 1055 2057; x_wconf 92' lang='lat' dir='ltr'>ea</span> <span class='ocrx_word' id='word_1_258' title='bbox 1087 2015 1161 2058; x_wconf 87' lang='lat' dir='ltr'>Cn.</span> <span class='ocrx_word' id='word_1_259' title='bbox 1194 2016 1448 2071; x_wconf 87' lang='lat' dir='ltr'>Pompeium</span> 
     </span>
     <span class='ocr_line' id='line_1_34' title="bbox 105 2075 1448 2133; baseline -0.002 -13"><span class='ocrx_word' id='word_1_260' title='bbox 105 2092 263 2133; x_wconf 90' lang='lat' dir='ltr'>neque,</span> <span class='ocrx_word' id='word_1_261' title='bbox 312 2091 410 2119; x_wconf 88' lang='lat' dir='ltr'>cum</span> <span class='ocrx_word' id='word_1_262' title='bbox 453 2077 758 2130; x_wconf 78' lang='lat' dir='ltr'>lequiesceret,</span> <span class='ocrx_word' id='word_1_263' title='bbox 800 2075 972 2116; x_wconf 88' lang='lat' dir='ltr'>litterae</span> <span class='ocrx_word' id='word_1_264' title='bbox 1014 2089 1172 2129; x_wconf 90' lang='lat' dir='ltr'>neque,</span> <span class='ocrx_word' id='word_1_265' title='bbox 1216 2089 1312 2116; x_wconf 90' lang='lat' dir='ltr'>cum</span> <span class='ocrx_word' id='word_1_266' title='bbox 1356 2090 1448 2117; x_wconf 90' lang='lat' dir='ltr'>rem</span> 
     </span>
     <span class='ocr_line' id='line_1_35' title="bbox 107 2134 1133 2192; baseline -0.005 -13"><span class='ocrx_word' id='word_1_267' title='bbox 107 2139 294 2192; x_wconf 86' lang='lat' dir='ltr'>gereret,</span> <span class='ocrx_word' id='word_1_268' title='bbox 325 2135 524 2191; x_wconf 77' lang='lat' dir='ltr'>legiones</span> <span class='ocrx_word' id='word_1_269' title='bbox 555 2135 674 2189; x_wconf 90' lang='lat' dir='ltr'>ipsae</span> <span class='ocrx_word' id='word_1_270' title='bbox 707 2134 855 2175; x_wconf 90' lang='lat' dir='ltr'>docere</span> <span class='ocrx_word' id='word_1_271' title='bbox 888 2136 1133 2188; x_wconf 89' lang='lat' dir='ltr'>potuerunt.</span> 
     </span>
     <span class='ocr_line' id='line_1_36' title="bbox 54 2191 1447 2258; baseline -0.003 -21"><span class='ocrx_word' id='word_1_272' title='bbox 54 2210 88 2237; x_wconf 81' lang='lat'>35</span> <span class='ocrx_word' id='word_1_273' title='bbox 195 2194 358 2249; x_wconf 89' lang='lat' dir='ltr'>Atque,</span> <span class='ocrx_word' id='word_1_274' title='bbox 401 2197 451 2235; x_wconf 86' lang='lat' dir='ltr'>ut</span> <span class='ocrx_word' id='word_1_275' title='bbox 495 2207 574 2258; x_wconf 79' lang='lat' dir='ltr'>ego</span> <span class='ocrx_word' id='word_1_276' title='bbox 619 2192 776 2246; x_wconf 87' lang='lat' dir='ltr'>sentio,</span> <span class='ocrx_word' id='word_1_277' title='bbox 819 2192 999 2246; x_wconf 86' lang='lat' dir='ltr'>iudices,</span> <span class='ocrx_word' id='word_1_278' title='bbox 1043 2206 1171 2233; x_wconf 89' lang='lat' dir='ltr'>causa</span> <span class='ocrx_word' id='word_1_279' title='bbox 1213 2191 1329 2233; x_wconf 90' lang='lat' dir='ltr'>dicta</span> <span class='ocrx_word' id='word_1_280' title='bbox 1369 2194 1447 2233; x_wconf 90' lang='lat' dir='ltr'>est.</span> 
     </span>
     <span class='ocr_line' id='line_1_37' title="bbox 106 2250 1447 2307; baseline -0.003 -12"><span class='ocrx_word' id='word_1_281' title='bbox 106 2253 367 2307; x_wconf 87' lang='lat' dir='ltr'>Temporum</span> <span class='ocrx_word' id='word_1_282' title='bbox 398 2252 536 2307; x_wconf 88' lang='lat' dir='ltr'>magis</span> <span class='ocrx_word' id='word_1_283' title='bbox 570 2265 648 2306; x_wconf 87' lang='lat' dir='ltr'>ego</span> <span class='ocrx_word' id='word_1_284' title='bbox 680 2265 793 2292; x_wconf 90' lang='lat' dir='ltr'>nunc</span> <span class='ocrx_word' id='word_1_285' title='bbox 821 2250 938 2292; x_wconf 76' lang='lat' dir='ltr'>vitiis</span> <span class='ocrx_word' id='word_1_286' title='bbox 966 2264 1094 2304; x_wconf 91' lang='lat' dir='ltr'>quam</span> <span class='ocrx_word' id='word_1_287' title='bbox 1120 2263 1275 2305; x_wconf 87' lang='lat' dir='ltr'>genere</span> <span class='ocrx_word' id='word_1_288' title='bbox 1301 2250 1447 2291; x_wconf 89' lang='lat' dir='ltr'>iudicii</span> 
     </span>
     <span class='ocr_line' id='line_1_38' title="bbox 105 2309 1449 2366; baseline -0.003 -13"><span class='ocrx_word' id='word_1_289' title='bbox 105 2312 229 2366; x_wconf 88' lang='lat' dir='ltr'>plura</span> <span class='ocrx_word' id='word_1_290' title='bbox 262 2312 411 2353; x_wconf 90' lang='lat' dir='ltr'>dicam.</span> <span class='ocrx_word' id='word_1_291' title='bbox 474 2311 556 2351; x_wconf 87' lang='lat' dir='ltr'>Est</span> <span class='ocrx_word' id='word_1_292' title='bbox 588 2310 701 2351; x_wconf 91' lang='lat' dir='ltr'>enim</span> <span class='ocrx_word' id='word_1_293' title='bbox 728 2309 832 2350; x_wconf 90' lang='lat' dir='ltr'>haec</span> <span class='ocrx_word' id='word_1_294' title='bbox 859 2309 1019 2350; x_wconf 83' lang='lat' dir='ltr'>saeculi</span> <span class='ocrx_word' id='word_1_295' title='bbox 1045 2309 1254 2363; x_wconf 87' lang='lat' dir='ltr'>quaedam</span> <span class='ocrx_word' id='word_1_296' title='bbox 1279 2309 1449 2350; x_wconf 89' lang='lat' dir='ltr'>macula</span> 
     </span>
    </p>
   </div>
  </div>
 </body>
</html>
