1671 2543
546 35 648 70 CAP.
675 39 814 70 37—40
841 40 860 78 ξ,
887 40 1037 71 91-96.
1378 36 1462 77 199

113 142 383 198 inauditam),
414 143 523 184 nihil
550 146 627 197 est,
660 144 772 198 quod
798 158 865 184 me
891 143 1074 198 hortere,
1105 143 1216 184 nihil
1242 146 1319 197 est,
1349 145 1462 198 quod

113 203 288 257 invites3
315 202 534 244 admoneri
560 217 626 243 me
648 203 753 243 satis
774 205 849 244 est.
889 202 1152 244 Admonebit
1172 204 1316 243 autem
1334 217 1460 244 nemo

115 263 224 303 alius
267 261 352 302 nisi
396 261 457 302 rei
501 261 699 315 publicae
742 263 931 315 tempus,
982 261 1094 315 quod
1137 261 1246 302 mihi
1290 262 1461 316 quidem

113 322 252 376 magis
284 321 462 374 videtur,
495 335 622 374 quam
653 322 701 361 tu
729 335 933 374 umquam
959 320 1194 361 arbitratus
1221 335 1277 374 es,
1309 335 1459 374 appro-

76 396 94 420 5
113 381 332 435 pinquare.
393 379 559 433 Ecquid
590 379 720 431 vides,
752 380 903 434 ecquid
935 379 1080 433 sentis,
1111 379 1206 434 lege
1236 379 1461 420 iudiciaria
1475 383 1530 424 39

113 440 202 480 lata
253 452 358 493 quos
402 438 585 492 posthac
628 438 790 479 iudices
834 438 967 479 simus
1014 437 1236 479 habituri?
1309 437 1459 492 Neque

112 498 298 553 legetur,
338 497 531 551 quisquis
563 496 764 551 voluerit,
795 511 885 549 nec,
919 497 1112 551 quisquis
1142 497 1342 550 noluerit,
1373 512 1460 538 non

112 557 298 612 legetur3
328 555 436 596 nulli
469 556 734 597 conicientur
764 556 811 597 in
841 556 963 597 illum
997 556 1204 611 ordinem,
1235 556 1345 597 nulli
1377 556 1460 597 exi-

112 618 300 668 mentur3
342 629 430 655 non
474 614 652 656 ambitio
699 615 751 656 ad
792 615 994 670 gratiam,
1036 629 1125 656 non
1160 615 1367 670 iniquitas
1407 616 1460 656 ad

59 690 92 714 10
113 673 445 716 aemulationem
489 674 719 728 conitetur3
763 674 923 714 iudices
968 673 1219 714 iudicabunt
1258 673 1307 729 ii,
1352 688 1459 728 quos

110 735 179 775 lex
216 733 328 787 ipsa,
364 746 452 773 non
490 747 597 786 quos
631 732 855 774 hominum
886 732 1020 773 libido
1055 732 1272 787 delegerit.
1335 732 1459 782 Quod

112 807 209 834 011111
246 792 310 832 ita
345 791 418 844 sit,
456 791 565 832 mihi
598 792 738 846 crede,
774 791 990 832 neminem
1021 791 1204 832 invitum
1235 791 1458 846 invitabis3

111 866 178 892 res
217 851 312 904 ipsa
344 852 387 890 et
418 850 480 890 rei
510 850 708 904 publicae
740 852 911 904 tempus
943 852 1017 890 aut
1049 864 1115 890 me
1147 850 1307 904 ipsum,
1346 851 1459 905 quod

110 910 263 961 nolim,
301 910 376 949 aut
413 908 545 949 alium
585 910 829 963 quempiam
867 910 941 949 aut
975 908 1180 950 invitabit
1206 911 1280 950 aut
1311 909 1459 950 dehor—

57 983 90 1008 15
110 969 284 1009 tabitur.

199 1026 422 1080 Equidem,
453 1028 502 1066 ut
532 1026 661 1079 paulo
695 1029 792 1067 ante
825 1026 924 1080 dixi,
954 1041 1040 1068 non
1074 1027 1221 1067 eadem
1247 1026 1458 1081 supplicia
1472 1036 1517 1066 95

111 1100 202 1127 esse
252 1086 297 1126 in
339 1085 587 1126 hominibus
632 1085 830 1126 existimo
875 1099 981 1140 quae
1025 1085 1209 1126 fortasse
1254 1085 1458 1140 plerique,

110 1144 417 1197 damnationes,
453 1143 737 1198 expulsiones,
767 1158 911 1198 neces3
943 1144 1123 1198 denique
1154 1144 1319 1185 nullam
1350 1144 1459 1185 mihi

108 1217 292 1258 poenam
335 1203 503 1243 videtur
545 1202 703 1243 habere
744 1202 804 1256 id,
849 1203 962 1257 quod
999 1203 1190 1244 accidere
1227 1203 1458 1256 innocenti,

56 1277 91 1302 20
112 1262 224 1316 quod
249 1261 365 1315 forti,
392 1261 504 1315 quod
531 1261 728 1315 sapienti,
755 1261 867 1315 quod
889 1261 1002 1302 bono
1022 1262 1115 1302 viro
1137 1263 1180 1302 et
1200 1261 1283 1302 civi
1301 1264 1458 1315 potest.

107 1319 342 1363 Damnatio
368 1320 464 1373 ista,
492 1335 598 1373 quae
623 1320 670 1360 in
694 1322 736 1360 te
762 1320 996 1375 flagitatur,
1023 1320 1184 1375 obtigit
1209 1319 1255 1361 P.
1278 1319 1457 1375 Rutilio,

109 1380 222 1434 quod
254 1379 468 1433 specimen
500 1378 654 1421 habuit
679 1378 784 1420 haec
811 1379 961 1420 civitas
988 1379 1268 1420 innocentiae.
1317 1377 1458 1420 Maior

108 1438 215 1479 mihi
246 1438 435 1479 iudicum
467 1440 510 1478 et
540 1438 601 1478 rei
629 1437 827 1491 publicae
853 1453 992 1492 poena
1016 1438 1092 1479 illa
1117 1438 1210 1479 visa
1236 1440 1302 1479 est
1329 1453 1457 1492 quam

109 1496 258 1537 Rutili.
313 1495 360 1536 L.
388 1495 584 1550 Opimius
617 1497 777 1537 eiectus
804 1499 870 1538 est
895 1511 916 1537 e
942 1497 1094 1551 patria,
1127 1497 1163 1538 is
1191 1497 1265 1550 qui
1290 1498 1333 1537 et
1357 1499 1458 1551 post

54 1569 88 1594 25
109 1557 356 1608 praeturam
394 1557 437 1595 et
471 1554 619 1596 consul
651 1555 850 1596 maximis
882 1570 973 1596 rem
1003 1555 1222 1609 publicam
1253 1555 1456 1609 periculis

109 1614 325 1654 liberarat.
375 1612 476 1653 Non
507 1613 552 1653 111
584 1628 645 1667 00,
678 1615 746 1654 0111
778 1614 891 1654 facta
923 1616 989 1654 est
1018 1614 1187 1667 iniuria,
1221 1614 1294 1654 sed
1319 1614 1365 1654 in
1389 1614 1456 1667 iis,

109 1672 181 1726 qui
218 1671 428 1723 fecerunt,
467 1671 639 1712 sceleris
674 1674 718 1712 et
749 1672 1033 1713 conscientiae
1066 1686 1205 1726 poena
1236 1673 1455 1713 remansit.

107 1731 168 1772 At
211 1732 361 1771 contra
398 1729 464 1769 bis
504 1729 690 1771 Catilina
727 1730 950 1771 absolutus
988 1733 1061 1782 est,
1105 1731 1286 1771 emissus
1324 1731 1455 1771 etiam

106 1790 180 1830 ille
213 1790 363 1830 auctor
393 1791 493 1828 tuus
524 1788 780 1841 provinciae,
816 1803 912 1829 cum
944 1791 1142 1842 stuprum
1173 1788 1318 1829 Bonae
1352 1788 1454 1829 deae

52 1862 87 1887 30
105 1847 403 1901 pulvinaribus
430 1846 659 1887 intulisset.
710 1847 815 1895 Quis
840 1847 923 1887 fuit
947 1847 993 1887 in
1018 1850 1142 1887 tanta
1168 1846 1354 1900 civitate,
1381 1847 1455 1901 qui

105 1906 229 1946 illum
267 1906 430 1946 incesto
468 1904 716 1957 liberatum,
752 1919 839 1946 non
873 1919 963 1958 eos,
1002 1905 1075 1959 qui
1105 1905 1168 1946 ita
1198 1905 1452 1959 iudicarant,

104 1965 199 2019 pari
225 1964 383 2005 scelere
404 1963 636 2004 obstrictos
658 1963 969 2005 arbitraretur?
1007 1965 1077 2004 An
1097 1978 1176 2018 ego
1198 1966 1452 2018 exspectem,
1466 1942 1523 2032 ἐξ)

104 2023 205 2064 dum
235 2023 284 2064 de
310 2025 353 2063 te
381 2022 566 2076 quinque
594 2024 636 2062 et
661 2022 936 2076 septuaginta
962 2022 1147 2063 tabellae
1174 2022 1454 2075 diribeanfflr,

104 2082 155 2122 de
188 2096 271 2136 quo
304 2081 391 2122 iam
422 2081 588 2134 pridem
614 2095 760 2121 omnes
786 2081 990 2122 mortales
1018 2081 1209 2121 omnium
1235 2094 1452 2135 generum,

50 2154 85 2181 35
106 2142 312 2194 aetatum,
348 2140 546 2181 ordinum
577 2139 901 2180 iudicaverunt?
964 2139 1070 2188 Quis
1102 2140 1215 2180 enim
1246 2141 1288 2180 te
1322 2139 1452 2193 aditu,

105 2199 200 2252 quis
236 2199 326 2240 ullo
363 2197 545 2251 honore,
584 2198 679 2252 quis
718 2197 897 2252 denique
937 2198 1152 2239 communi
1191 2197 1452 2239 salutatione

102 2256 281 2311 dignum
306 2257 461 2311 putat?
501 2255 659 2297 Omnes
683 2256 934 2297 memoriam
955 2256 1202 2298 consulatus
1221 2256 1298 2310 tui,
1323 2256 1450 2310 facta,
