1671 2543
540 402 601 449 M.
642 401 828 449 TULLI
866 401 1195 450 CICERONIS

196 523 269 579 IN
321 524 389 578 M.
436 522 801 578 ANTONIUM
844 523 1097 578 ORATIO
1144 522 1535 579 PHILIPPICA

744 627 985 685 SEXTA.

666 884 1061 934 ARGUMENTUM.

291 997 345 1032 Eo
384 997 459 1040 die,
498 1008 569 1042 quo
600 997 649 1032 M.
682 995 856 1032 Cicero
841 997 1067 1041 SJuleriorem
1100 997 1306 1032 orationem
1336 997 1375 1032 in
1408 998 1541 1032 senatu

197 1045 345 1088 habuit
376 1045 471 1080 nihil
506 1044 712 1089 perfectum
745 1046 818 1087 est,
851 1044 949 1088 q'uod
975 1043 1014 1079 Ι.
1042 1043 1126 1079 Piso
1158 1044 1303 1097 legatos
1334 1044 1461 1090 potius
1493 1045 1540 1079 ad

196 1092 243 1128 M.
272 1073 474 1127 Antonium
505 1091 707 1126 mittendos
734 1090 889 1126 censuit.
938 1091 1124 1126 Postridie
1151 1091 1229 1126 eius
1256 1091 1340 1135 diei,
1367 1090 1467 1136 quod
1491 1092 1541 1127 M.

196 1138 323 1174 Cicero
357 1140 400 1174 de
432 1138 634 1174 honoribus
667 1138 875 1173 t1ibuendis
905 1141 1117 1183 censuerat,
1151 1140 1344 1183 acceptum
1371 1140 1443 1182 est3
1476 1138 1542 1173 sed

197 1198 281 1221 curn
307 1186 352 1221 de
377 1187 539 1221 Antonio
565 1187 771 1231 rogaretur,
797 1196 843 1220 ne
870 1185 1048 1221 discessio
1075 1197 1118 1221 eo
1145 1186 1204 1221 die
1231 1186 1346 1229 fieret,
1373 1197 1396 1220 a
1415 1184 1541 1221 Salvio

197 1233 346 1268 tribuno
378 1233 427 1278 pl.
460 1233 682 1277 impeditum
713 1233 779 1267 est.
829 1232 883 1267 Eo
915 1243 1061 1277 quoque
1088 1233 1166 1277 die,
1199 1232 1263 1276 qui
1287 1232 1385 1268 hunc
1412 1243 1540 1277 seque-

194 1280 316 1322 batur,
343 1291 400 1315 res
428 1280 476 1314 ad
501 1280 611 1314 finem
636 1280 817 1324 perducta
841 1290 915 1314 non
941 1291 977 1314 es
980 1281 1006 1314 t.
1057 1261 1195 1322 Quarto
1222 1279 1260 1313 (11
1262 1291 1370 1314 mum
1396 1279 1456 1314 die
1480 1289 1540 1314 res

197 1327 252 1361 ita
282 1328 473 1361 transacta.
506 1328 580 1368 est,
614 1328 656 1360 ut
687 1330 836 1361 senatus
862 1326 1008 1369 legatos
1035 1327 1082 1360 ad
1107 1326 1311 1360 Antonium
1336 1325 1539 1361 mittendos

196 1374 420 1409 decemeret.
465 1373 517 1408 Eo
544 1354 604 1407 die
625 1372 672 1407 M
695 1372 821 1408 Cicero
849 1384 871 1407 a
895 1354 932 1407 P.
955 1373 1114 1425 Apuleio
1141 1373 1290 1407 tribuno
1315 1372 1365 1417 pl.
1392 1374 1430 1407 in
1456 1383 1539 1408 con-

196 1421 336 1456 tionem
361 1420 564 1465 productus
590 1419 698 1462 hanc,
724 1430 819 1463 quae
845 1419 942 1454 infra
961 1419 1099 1464 scripta
1119 1422 1185 1462 e‚st
1213 1420 1418 1454 orationem
1439 1419 1541 1465 apud

197 1467 375 1521 populum
407 1466 555 1509 habuit,
582 1468 620 1501 in
646 1477 736 1510 qua,
769 1466 858 1511 quid
884 1466 964 1511 ipse
991 1466 1035 1500 de
1062 1466 1250 1511 legatione
1277 1466 1324 1501 ad
1350 1466 1397 1502 M.
1425 1468 1540 1502 Anto-

196 1515 297 1549 nium
331 1515 481 1549 decreta
511 1513 756 1556 existimaret,
791 1524 902 1558 expos
888 1515 962 1547 uit
985 1514 1163 1558 populum
1167 1524 1236 1557 que
1262 1513 1468 1549 Romanum
1493 1513 1539 1549 ad

196 1561 488 1607 recuperandam
511 1560 764 1605 tuendamque
790 1560 1004 1596 libri-tatem
1031 1561 1252 1595 adhortatus
1279 1563 1346 1597 est.

162 1787 179 1826 Ῑ
286 1799 450 1842 Audita
493 1800 614 1842 vobis
660 1814 751 1841 esse
797 1799 1001 1851 arbitror,
1047 1797 1256 1852 Quirites,
1300 1811 1408 1852 quae
1453 1797 1542 1839 sint

164 1846 295 1901 1aeta
333 1859 377 1900 in
416 1861 585 1912 senatu,
624 1873 731 1912 quae
767 1857 898 1899 fuerit
931 1857 1134 1911 cuiusque
1167 1856 1392 1898 sententia.
1454 1855 1540 1898 Res

198 1918 312 1959 enim
351 1932 402 1959 ex
438 1917 644 1958 Kalendis
683 1916 894 1958 Ianuariis
934 1916 1100 1971 agitata
1142 1915 1270 1970 paulo
1310 1917 1408 1956 ante
1446 1929 1542 1957 con-

196 1976 311 2018 fecta
342 1979 408 2018 est
439 1976 581 2017 minus
615 1975 785 2030 quidem
816 1975 892 2016 illa
925 1988 1080 2028 severe,
1113 1988 1241 2028 quam
1270 1973 1424 2028 decuit,
1454 1986 1542 2015 non

197 2038 343 2076 tamen
375 2035 548 2077 omnino
581 2034 800 2076 dissolute.
861 2032 985 2075 Mora
1016 2035 1082 2075 est
1114 2033 1257 2074 adlata
1286 2032 1420 2086 bello,
1453 2046 1541 2073 non
1577 2042 1594 2069 ⁵

198 2108 327 2135 eausa
358 2094 539 2135 sublata.
602 2092 740 2142 Quam
773 2092 827 2134 ob
861 2106 968 2146 rem,
1000 2091 1114 2146 quod
1146 2091 1360 2146 quaesivit
1391 2105 1442 2132 ex
1472 2103 1540 2131 me

198 2151 243 2193 P.
276 2152 503 2207 Apuleius,
540 2151 670 2193 homo
709 2154 753 2192 et
791 2151 939 2192 multis
973 2149 1126 2192 officiis
1159 2149 1267 2191 mihi
1299 2152 1343 2191 et
1373 2162 1541 2190 summa

197 2210 493 2252 familiaritate
526 2211 778 2252 coniunctus
811 2212 854 2250 et
886 2209 1008 2250 vobis
1042 2208 1346 2262 amicissimus,
1385 2206 1448 2247 ita
1479 2221 1540 2248 re-

198 2269 435 2323 spondebo,
466 2272 516 2310 ut
548 2284 608 2323 ea,
641 2269 795 2323 quibus
826 2282 914 2309 non
944 2267 1217 2320 interfuistis,
1247 2279 1374 2307 nosse
1405 2265 1540 2319 possi-

198 2327 266 2367 tis.
323 2326 463 2369 Causa
493 2327 744 2369 foltissimis
771 2326 1033 2381 optimisque
1060 2325 1306 2368 consulibus
1333 2322 1538 2365 Kalendis
1560 2334 1594 2361 ιο

1606 2415 1632 2543 ff?
