1671 2543
193 71 279 114 536
351 72 403 107 IN
428 73 475 109 M.
502 73 763 109 ANTONIUM
789 73 964 109 ORATIO
990 73 1259 110 PHILIPPICA
1284 75 1379 110 XIII.

193 181 415 236 minasque
453 182 698 223 verborum!
742 182 826 223 nisi
869 181 980 224 forte
1027 197 1099 224 eos
1137 197 1222 237 pax
1257 183 1353 238 ipsa
1390 183 1534 239 leniet,

194 240 474 295 maximeque,
502 255 597 282 cum
624 241 668 281 in
693 240 807 282 hunc
833 241 1025 283 ordinem
1051 242 1256 296 venerint,
1283 242 1534 284 salutabunt

192 299 389 355 benigne,
421 299 601 340 comiter
627 299 906 354 appellabunt
930 315 1062 342 unum
1089 315 1299 355 quemque
1324 304 1533 344 nostrum.

158 356 294 426 5Non
331 358 631 411 recordamini,
669 373 744 412 per
782 359 881 400 deos
920 359 1207 414 immortales,
1247 375 1351 415 quas
1384 361 1428 402 in
1459 375 1532 403 eos

158 395 429 458 5sententias
455 392 678 458 dixeritis?
728 416 839 459 Acta
864 417 920 459 Μ.
948 418 1110 460 Antoni
1136 419 1385 473 rescidistis,
1415 420 1533 476 leges
1569 430 1587 458 ⁶

192 475 407 528 refixistis,
437 489 515 530 per
546 476 631 517 vim
665 478 708 517 et
739 479 891 518 contra
919 477 1108 531 auspicia
1135 477 1245 519 latas
1271 478 1534 534 decrevistis,

192 535 328 576 totius
360 533 515 576 Italiae
553 534 734 576 dilectus
767 536 1050 590 excitavistis,
1089 536 1300 592 collegam
1331 540 1376 579 et
1405 537 1534 580 scele-

192 607 287 634 rum
326 593 490 635 socium
529 594 720 635 omnium
757 594 928 636 hostem
965 571 1244 637 iudicavistis
1306 595 1413 639 Cum
1451 596 1534 639 hoc

193 666 301 706 quae
337 666 421 706 pax
458 654 604 706 potest
642 653 763 694 esse?
824 652 977 695 Hostis
1016 654 1052 695 si
1090 657 1204 696 esset
1235 657 1453 709 externus,
1489 655 1533 697 id
1629 695 1643 715 ,ο

192 710 335 765 ipsum
384 710 455 752 vix
499 711 659 752 talibus
703 711 848 766 factis,
899 712 971 754 sed
1013 716 1163 767 posset
1206 713 1350 769 aliquo
1394 714 1532 756 111οᾶ0.
1554 726 1587 753 ιο
1631 718 1643 767 ‚⁷

191 768 345 823 Maria,
395 772 581 824 montes,
625 746 850 825 regionuni
895 772 1212 827 magnitudines
1256 773 1534 828 interessent3
1639 771 1642 782 '

193 828 356 870 odisses
389 842 504 883 eum,
543 843 669 883 quem
700 844 787 871 non
818 830 994 872 videres.
1055 830 1113 872 Hi
1145 831 1190 872 in
1222 831 1357 874 oculis
1387 832 1533 874 haere-

190 887 300 928 bunt
332 890 386 941 et,
420 902 517 929 cum
542 888 702 942 licebit,
734 889 778 929 in
802 888 1017 944 faucibus3
1050 890 1205 944 quibus
1232 890 1345 932 enim
1371 890 1533 946 saeptis

191 948 282 987 tam
308 946 508 988 immanis
535 947 684 988 beluas
708 948 1051 989 continebimus‘?
1102 948 1162 990 At
1181 949 1369 991 incertus
1391 950 1534 992 exitus

190 1005 305 1047 belli
367 1005 449 1047 Est
488 1006 662 1048 omnino
694 1005 875 1048 fortium
906 1006 1112 1061 virorum,
1151 1007 1299 1074 quales
1330 1022 1406 1050 vos
1439 1023 1533 1051 esse
1553 1019 1586 1046 1⁵

191 1063 375 1117 debetis,
418 1065 625 1106 virtutem
668 1068 887 1119 praestare
932 1064 1121 1122 (tantum
1164 1067 1276 1108 enim
1319 1065 1531 1133 possunt),

157 1098 390 1164 efortuna'e
429 1123 600 1177 culpam
636 1138 723 1165 non
760 1125 1048 1166 extimescere.
1117 1124 1199 1167 Sed
1238 1126 1441 1180 quoniam
1477 1126 1532 1169 ab

189 1182 272 1224 hoc
298 1182 444 1224 ordine
470 1197 557 1224 non
581 1182 791 1224 fortitudo
819 1184 969 1238 solum,
995 1198 1143 1225 verum
1169 1184 1300 1226 etiam
1321 1185 1533 1240 sapientia

190 1241 437 1306 postulatur
463 1239 742 1296 (quamquam
769 1242 838 1283 vix
864 1218 1062 1284 videiitur
1081 1243 1185 1285 haec
1204 1258 1330 1298 posse
1352 1243 1531 1300 seiungi,

190 1299 467 1354 seiungamus
500 1299 683 1354 tamen),
722 1300 932 1343 fortitudo
965 1301 1167 1343 dimicare
1199 1302 1337 1356 iubet,
1369 1302 1532 1345 iustum
1552 1314 1586 1340 20

191 1357 336 1400 odium
372 1357 580 1412 incendit,
625 1359 677 1399 ad
717 1360 1031 1414 confligendum
1069 1360 1270 1414 impellit,
1315 1364 1441 1403 vocat
1479 1361 1531 1404 ad

189 1417 445 1472 periculum3
489 1417 590 1471 quid
634 1417 874 1471 sapientia?
941 1417 1216 1460 Cautioribus
1259 1419 1398 1461 utitur
1436 1434 1532 1462 con-

191 1475 312 1528 siliis,
343 1475 388 1516 in
412 1478 635 1530 posterum
666 1476 879 1530 providet,
920 1480 985 1518 est
1017 1477 1134 1518 omni
1165 1478 1331 1519 ratione
1364 1479 1532 1521 tectior.

192 1534 303 1583 Quid
334 1534 470 1589 igitur
501 1534 676 1576 censet?
707 1535 942 1589 parendum
968 1539 1034 1577 est
1060 1536 1173 1577 enim
1200 1539 1328 1591 atque
1354 1537 1398 1578 id
1424 1538 1531 1592 opti-

190 1608 308 1634 mum
338 1593 625 1647 iudicandum,
658 1593 771 1647 quod
803 1594 860 1635 sit
892 1595 1207 1648 sapientissime
1234 1596 1530 1638 constitutum.
1551 1607 1584 1634 2⁶
1640 1609 1645 1614 ’

192 1650 237 1694 81
275 1652 355 1694 hoc
393 1652 621 1706 praecipit,
663 1666 716 1694 ne
755 1652 854 1708 quid
892 1653 981 1694 vita
1019 1654 1261 1696 existimem
1299 1655 1531 1710 antiquius,

189 1725 242 1752 ne
275 1711 498 1752 decernam
530 1711 684 1765 capitis
717 1711 918 1766 periculo,
949 1712 1114 1768 fugiam
1141 1727 1265 1755 omne
1291 1713 1530 1768 discrimen,

191 1784 393 1824 quaeram
425 1784 475 1811 ex
507 1783 575 1811 ea:
606 1769 834 1825 ‘Etiamne,
867 1770 903 1812 si
935 1771 1029 1825 erit,
1061 1786 1158 1813 cum
1188 1772 1231 1813 id
1262 1771 1415 1826 fecero,
1446 1786 1531 1814 ser-

190 1827 435 1870 viendumP'
505 1826 550 1870 Si
595 1829 810 1884 annuerit,
859 1844 912 1870 ne
956 1844 1035 1885 ego
1074 1828 1341 1884 Sapientiam
1383 1830 1528 1886 istam,

191 1887 384 1942 quamvis
429 1887 487 1928 sit
525 1887 709 1942 erudita,
751 1902 838 1930 non
882 1888 1063 1929 audiam.
1132 1888 1209 1930 Sin
1243 1890 1584 1944 responderim-w

189 1945 340 1987 ‘Tuere
384 1946 446 1987 ita
488 1945 624 1987 vitam
668 1961 906 2001 corpusque
952 1948 1176 2001 [servato]‚
1219 1947 1281 1989 ita
1320 1947 1530 2003 fortunas,

188 2005 251 2046 ita
282 2019 372 2046 rem
403 2004 673 2059 familiarem,
704 2008 753 2046 ut
777 2005 881 2047 haec
907 2006 1107 2047 libertate
1132 2007 1374 2072 posteriora
1399 2006 1529 2050 ducas

187 2063 333 2118 itaque
372 2063 439 2104 his
477 2063 542 2104 uti
579 2064 702 2117 velis,
741 2064 777 2105 si
810 2064 946 2106 libera
976 2079 1021 2106 re
1053 2065 1226 2122 publica
1255 2065 1414 2120 possis,
1449 2079 1528 2107 nec

188 2137 266 2176 pro
310 2122 378 2163 his
425 2121 688 2176 libertatem,
732 2123 805 2163 sed
844 2138 921 2177 pro
960 2117 1161 2165 libertate
1198 2124 1305 2166 haec
1340 2123 1526 2179 proicias

188 2183 411 2235 tamquam
460 2181 643 2236 pignora
689 2181 904 2223 iniuriae’:
954 2185 1045 2223 tum
1091 2181 1336 2237 Sapientiae
1378 2195 1527 2224 vocem
1546 2193 1580 2219 ⁸⁶

157 2239 336 2280 vaudire
379 2239 524 2281 videar
567 2239 689 2294 eique
727 2243 776 2280 ut
813 2240 890 2282 deo
928 2255 1112 2295 paream.
1179 2240 1349 2295 Itaque,
1392 2239 1428 2281 si
1466 2254 1527 2282 re-

189 2298 323 2350 ceptis
373 2297 459 2339 illis
510 2312 601 2339 esse
650 2313 877 2353 possumus
926 2299 1069 2353 liberi,
1118 2299 1336 2341 vincamus
1381 2297 1526 2340 odium

153 335 178 376 3

1632 1702 1644 1748 ‘a
