1671 2543
212 131 299 172 414
396 130 446 165 IN
474 131 522 166 M.
550 129 811 165 ANTONIUM
838 128 1015 164 ORATIO
1042 129 1311 164 PHILIPPICA
1337 130 1381 164 ΙΙ.

140 227 198 270 45
301 237 543 280 Recordare
570 238 706 293 igitur
730 238 866 292 illum,
892 236 950 279 M.
970 238 1148 293 Antoni,
1174 238 1298 292 diem,
1325 252 1408 293 quo
1430 238 1560 280 dicta-

146 288 356 338 11⁵turam
395 297 630 351 sustulisti,
667 311 778 351 pone
817 300 916 338 ante
956 296 1102 339 oculos
1137 296 1351 338 laetitiam
1384 301 1560 339 senatus

213 356 445 411 populique
502 355 705 410 Romani,
765 355 910 398 confer
967 370 1063 398 cum
1118 355 1200 398 hac
1250 356 1559 398 nundinatione

212 418 287 456 tua
316 418 594 470 tuorumque3
625 417 720 456 tum
745 414 984 470 intelleges,
1017 417 1228 469 quantum
1253 415 1367 457 inter
1392 415 1560 458 lucrum

212 476 256 515 et
292 474 463 515 laudem
494 473 678 516 intersit.
743 472 825 515 Sed
856 474 1079 527 nimirum,
1117 476 1167 516 ut
1198 474 1371 529 quidam
1404 475 1556 516 morbo
1594 486 1609 512 ε

212 533 356 587 aliquo
391 536 434 573 et
466 547 616 574 sensus
644 535 820 587 stupore
846 533 1106 574 suavitatem
1132 533 1218 575 cibi
1242 547 1329 575 non
1355 533 1560 587 sentiunt,

213 592 274 633 sic
306 591 546 646 libidinosi,
578 592 708 646 avari,
743 591 972 633 facinerosi
1006 607 1128 633 verae
1161 592 1301 634 laudis
1335 595 1560 648 gustatum

210 665 298 692 non
334 650 508 692 habent.
572 649 654 692 Sed
692 650 729 692 si
768 654 810 692 te
844 651 936 692 laus
969 651 1141 693 allicere
1174 651 1227 692 ad
1259 654 1373 693 recte
1405 650 1559 693 facien-

211 709 309 750 dum
344 724 432 751 non
457 712 614 764 potest,
646 724 699 751 ne
726 712 866 751 metus
894 710 1066 764 quidem
1093 725 1118 751 a
1142 709 1404 752 foedissimis
1431 709 1559 752 sactis
1629 725 1631 727 ¹

211 771 359 823 potest
390 769 598 810 avocare?
650 768 815 811 Iudicia
846 770 932 810 non
965 770 1134 821 metuis,
1167 769 1202 811 si
1235 771 1413 823 propter
1438 769 1558 810 inno-
1579 781 1612 806 ιο

212 827 416 882 centiam,
454 827 600 881 laudo,
639 828 706 869 sin
737 830 915 882 propter
946 828 1051 882 vim,
1088 842 1175 870 non
1207 827 1445 883 intellegis,
1485 827 1559 882 qui

211 887 297 928 isto
331 886 458 928 modo
490 886 650 928 iudicia
679 901 767 928 non
799 887 965 941 timeat,
997 887 1036 929 ei
1069 887 1170 941 quid
1202 887 1440 928 timendum
1473 885 1559 927 sit?

144 944 383 995 116Quodsi
408 960 496 987 non
521 945 821 987 metuis'viros
847 945 975 988 fortis
997 945 1278 1001 egregiosque
1302 945 1420 1000 civis,
1446 944 1560 1000 quod

211 1019 236 1045 a
268 1018 447 1059 corpore
479 1007 555 1045 tuo
588 1004 874 1059 prohibentur
907 1004 1057 1059 armis,
1095 1004 1160 1046 tui
1192 1007 1254 1057 te,
1286 1004 1393 1046 mihi
1425 1004 1560 1059 crede,

211 1063 374 1105 diutius
399 1077 488 1105 non
513 1062 664 1105 ferent.
704 1063 822 1112 Quae
849 1066 916 1105 est
942 1066 1087 1105 autem
1114 1063 1205 1105 vita
1230 1063 1319 1105 dies
1346 1066 1390 1105 et
1408 1065 1559 1104 noctes
1579 1073 1610 1101 ις

212 1122 364 1164 timere
397 1137 422 1163 a
454 1122 573 1163 suis‘?
632 1121 730 1164 Nisi
762 1137 862 1164 vero
896 1126 971 1164 aut
1003 1122 1239 1164 maioribus
1270 1122 1405 1164 habes
1437 1122 1560 1163 bene-

211 1181 320 1223 ficiis
359 1181 597 1236 obligatos,
636 1195 766 1235 quam
803 1181 875 1223 ille
915 1181 1124 1236 quosdam
1161 1180 1316 1222 habuit
1353 1195 1404 1223 ex
1437 1180 1503 1235 iis,
1534 1194 1560 1222 a

212 1240 369 1294 quibus
402 1243 469 1281 est
500 1239 767 1294 interfectus,
800 1243 875 1282 aut
908 1243 955 1281 tu
987 1254 1032 1282 es
1061 1240 1150 1281 ulla
1175 1254 1221 1281 re
1247 1254 1344 1282 cum
1371 1253 1421 1281 eo
1448 1253 1559 1282 com·

211 1298 439 1352 parandus.
512 1298 616 1339 Fuit
659 1298 703 1339 in
747 1299 822 1340 illo
869 1299 1107 1354 ingenium,
1159 1298 1288 1351 ratio,
1338 1297 1558 1350 memoria,

212 1357 402 1410 litterae,
435 1370 549 1410 cura,
586 1357 808 1411 cogitatio,
840 1356 1084 1412 diligentia3
1117 1371 1184 1398 res
1216 1356 1330 1398 bello
1363 1359 1558 1412 gesserat
1578 1368 1613 1394 πο

213 1415 408 1469 quamvis
448 1415 508 1456 rei
541 1415 738 1469 publicae
771 1415 1067 1469 calamitosas,
1105 1418 1150 1456 at
1182 1417 1327 1456 tamen
1361 1428 1560 1471 magnas,

213 1474 373 1515 multos
401 1488 536 1515 annos
562 1487 743 1529 regnare
768 1474 1000 1515 meditatus
1023 1488 1181 1530 magno
1202 1474 1363 1528 labore,
1388 1473 1559 1530 magnis

212 1532 426 1587 periculis,
463 1532 577 1586 quod
610 1532 836 1588 cogitarat,
869 1533 1085 1586 effecerat3
1117 1532 1381 1587 muneribus,
1412 1547 1559 1574 monu-

213 1591 383 1645 mentis,
415 1591 660 1646 congiariis,
692 1592 830 1646 epulis
863 1592 1186 1633 multitudinem
1218 1591 1466 1646 imperitam
1491 1590 1558 1633 de-

213 1651 410 1704 lenierat3
443 1665 543 1692 suos
575 1651 798 1705 praemiis,
831 1651 1098 1692 adversarios
1131 1650 1384 1693 clementiae
1416 1650 1557 1705 specie
1577 1662 1611 1688 25

212 1710 479 1763 devinxerat3
511 1709 614 1763 quid
646 1709 814 1751 multa?
847 1710 1056 1751 attulerat
1087 1709 1174 1751 iam
1202 1709 1364 1751 liberae
1390 1709 1558 1751 civitati

212 1769 373 1822 partim
423 1771 559 1821 metu,
609 1768 770 1822 partim
819 1769 1032 1823 patientia
1076 1768 1430 1810 consuetudinem
1475 1781 1557 1809 ser-

213 1827 366 1869 viendi.
410 1825 519 1869 Cum
547 1827 621 1868 illo
649 1841 729 1882 ego
757 1830 799 1868 te
826 1827 1073 1869 dominandi
1099 1827 1336 1882 cupiditate
1364 1825 1556 1868 consenc

212 1900 408 1940 possum,
447 1886 602 1927 ceteris
639 1900 739 1927 vero
772 1886 901 1928 rebus
933 1886 1051 1928 nullo
1085 1886 1211 1927 modo
1244 1884 1555 1940 comparandus

212 1959 268 1986 es.
333 1943 416 1986 Sed
448 1959 499 1985 ex
529 1945 728 1998 plurimis
762 1945 899 2000 malis,
932 1959 1039 1999 quae
1072 1945 1125 1986 ab
1158 1943 1232 1986 illo
1266 1944 1327 1986 rei
1358 1943 1555 1998 publicae
1575 1961 1610 1986 30

212 2006 314 2044 sunt
345 2004 502 2056 inusta,
534 2003 616 2045 hoc
648 2006 794 2045 tamen
825 2003 928 2045 boni
961 2003 1118 2057 extitit,
1153 2002 1266 2057 quod
1295 2002 1445 2045 didicit
1469 2002 1556 2043 iam

212 2061 396 2116 populus
436 2061 675 2116 Romanus,
715 2065 923 2116 quantum
962 2062 1114 2116 cuique
1153 2061 1361 2115 crederet,
1399 2060 1554 2115 quibus

213 2135 257 2162 se
290 2121 600 2174 committeret,
632 2135 657 2161 a
689 2121 845 2174 quibus
878 2123 1058 2162 caveret.
1120 2119 1239 2162 Haec
1269 2134 1357 2161 non
1387 2119 1554 2174 cogitas

212 2193 348 2233 neque
400 2179 618 2234 intellegis
670 2179 776 2221 satis
828 2193 920 2221 esse
967 2179 1070 2220 viris
1115 2178 1300 2220 fortibus
1344 2176 1553 2231 didicisse,

214 2251 343 2291 quam
375 2237 433 2279 sit
462 2252 506 2278 re
533 2238 774 2292 pulchrum,
806 2238 1013 2280 beneficio
1039 2240 1225 2293 gratum,
1255 2235 1371 2276 fama
1396 2235 1552 2291 glorio-
1572 2253 1605 2279 ³⁵

110 2307 310 2347 <newsum
336 2299 568 2349 tyrannum
596 2296 818 2338 occidere?
867 2297 949 2351 An,
975 2310 1072 2338 cum
1097 2295 1221 2336 illum
1245 2293 1442 2335 homines
1467 2308 1554 2336 non

138 2354 404 2402 118tulerint‚
437 2356 479 2394 te
512 2354 680 2395 ferent?
731 2353 942 2397 Certatim
972 2353 1167 2409 posthac,
1200 2352 1306 2394 mihi
1336 2353 1469 2405 crede,
1501 2353 1554 2395 ad

141 1804 197 1845 46

144 1864 208 1894 117
