1671 2543
71 740 104 764 10

73 1033 104 1057 15

72 2211 106 2236 35

571 88 670 123 CAP.
700 92 791 123 6—8
817 92 836 130 g
865 91 1012 123 14—19.
1384 85 1465 127 121

123 198 377 240 succedatur
405 196 582 238 statim.³
642 194 687 237 Si
716 196 786 237 liic
813 196 944 239 sinat!
991 195 1102 236 Tum
1129 195 1243 236 enim
1270 194 1469 235 tribunus

123 257 384 299 intercedere
412 255 586 310 poterit,
612 270 724 296 nunc
749 270 836 296 non
861 257 1018 309 potest.
1057 254 1210 308 Itaque
1238 267 1317 308 ego
1344 253 1469 307 idem,

124 317 197 370 qui
229 330 340 357 nunc
373 314 621 356 consulibus
654 314 725 368 iis,
765 315 838 368 qui
871 313 1086 369 designati
1118 315 1262 367 erunt,
1299 311 1469 366 Syriam

123 374 503 428 Macedoniamque
536 373 729 427 decerno,
762 373 987 414 decernam
1020 372 1190 413 easdem
1216 371 1468 425 praetorias,

124 438 172 475 ut
199 437 242 476 et
267 436 487 488 praetores
515 446 677 473 annuas
703 432 946 486 provincias
971 431 1161 473 habeant
1182 434 1225 471 et
1245 445 1317 471 eos
1340 432 1469 484 quam

122 493 310 548 primum
346 492 582 544 videamus,
616 505 722 545 quos
756 491 898 531 animo
932 505 1068 544 aequo
1094 490 1236 531 videre
1262 503 1350 530 non
1375 503 1470 542 pos-

123 566 283 593 sumus.
321 550 415 604 Sed,
435 550 542 591 mihi
559 550 730 604 credite,
749 564 985 603 numquam
1001 549 1250 590 succedetur
1264 548 1367 601 illis,
1386 547 1469 588 nisi
1485 551 1511 593 8

124 626 220 652 cum
252 625 302 652 ea
329 610 424 664 lege
450 609 670 662 referetur,
704 623 788 662 qua
814 608 1020 649 intercedi
1047 608 1096 649 de
1123 607 1355 662 provinciis
1381 620 1470 647 non

123 669 284 711 licebit.
334 668 486 722 Itaque
518 668 601 710 hoc
633 671 826 722 tempore
860 668 1018 708 amisso
1047 681 1182 708 annus
1209 669 1275 707 est
1301 666 1470 720 integer

124 729 247 769 vobis
286 728 617 782 exspectandus,
656 741 739 780 quo
778 726 1003 767 interiecto
1043 725 1200 767 civium
1233 724 1470 777 calamitas,

124 787 340 828 sociorum
385 801 607 840 aerumna,
651 785 1085 826 sceleratissimorum
1127 784 1352 825 hominum
1393 783 1469 823 im-

123 846 296 900 punitas
328 848 606 900 propagatur.

215 904 377 953 Quodsi
409 907 553 945 essent
582 904 645 944 illi
673 903 827 957 optimi
853 902 946 957 viri,
979 905 1124 943 tamen
1150 915 1229 956 ego
1257 914 1353 941 mea
1379 914 1469 940 sen·
1486 909 1528 941 18

125 963 262 1005 tentia
288 962 333 1005 C.
361 962 535 1004 Caesari
568 962 878 1004 succedendum
904 961 1095 1002 nondum
1120 963 1329 1015 putarem.
1376 958 1470 1007 Qua

125 1023 174 1063 de
201 1037 245 1064 re
272 1022 422 1075 dicam,
448 1024 593 1076 patres
621 1021 866 1074 conscripti,
893 1034 1000 1074 quae
1021 1020 1173 1073 sentio,
1200 1022 1328 1072 atque
1349 1017 1470 1057 illam

125 1081 519 1135 interpellationem
564 1080 647 1121 mei
689 1078 1035 1131 familiarissimi,
1081 1092 1164 1131 qua
1201 1077 1329 1131 paulo
1370 1078 1469 1116 ante

124 1140 368 1194 interrupta
405 1142 471 1179 est
510 1139 647 1180 oratio
681 1153 793 1192 mea,
829 1152 917 1178 non
947 1137 1261 1191 pertimescam.
1324 1134 1470 1189 Negat

124 1213 191 1239 me
218 1199 283 1239 vir
309 1198 498 1252 optimus
525 1197 810 1238 inimiciorem
831 1195 1015 1237 Gabinio
1043 1196 1196 1236 debere
1224 1209 1317 1236 esse
1342 1207 1470 1247 quam

125 1256 316 1311 Caesari,
347 1271 518 1297 omnem
543 1257 664 1297 illam
690 1257 1006 1309 tempestatem,
1034 1254 1102 1295 cui
1129 1254 1342 1305 cesserim,
1369 1251 1469 1294 Cae·
1521 1281 1524 1285 -

71 1327 85 1351 2
125 1330 218 1357 sare
251 1315 485 1369 impulsore
519 1318 647 1369 atque
680 1315 873 1355 adiutore
905 1328 997 1354 esse
1025 1313 1269 1354 excitatam.
1326 1310 1405 1353 Cui
1433 1310 1470 1350 si

123 1375 311 1428 primum
335 1374 395 1415 sic
416 1374 709 1428 respondeam,
736 1388 802 1414 me
825 1372 1062 1414 communis
1083 1371 1289 1413 utilitatis
1309 1370 1468 1411 habere

124 1434 348 1485 rationem,
368 1447 455 1474 non
475 1433 635 1474 doloris
656 1432 752 1485 mei,
772 1431 990 1485 possimne
1011 1431 1206 1484 probare,
1228 1444 1324 1471 cum
1343 1429 1387 1469 id
1402 1442 1468 1468 me

123 1491 263 1533 facere
297 1492 446 1545 dicam,
479 1492 593 1545 quod
625 1491 819 1544 exemplo
848 1490 1188 1531 fortissimorum
1216 1492 1259 1530 et
1286 1487 1469 1530 clarissi-

126 1565 295 1591 morum
316 1550 472 1591 civium
491 1550 631 1591 facere
651 1549 843 1604 possim?
875 1549 943 1590 An
964 1548 1026 1590 Ti.
1042 1547 1260 1589 Gracchus
1282 1546 1470 1601 (patrem

72 1626 101 1649 2·
126 1609 238 1662 dico,
277 1609 395 1650 cuius
433 1609 600 1650 utinam
637 1608 716 1648 filii
747 1623 799 1649 ne
833 1608 1165 1662 degenerassent
1198 1621 1222 1647 a
1254 1605 1469 1661 gravitate

125 1666 303 1722 patrial)
337 1670 504 1708 tantam
532 1667 702 1708 laudem
729 1669 794 1707 est
822 1667 1014 1719 adeptus,
1047 1666 1161 1719 quod
1186 1665 1385 1705 tribunus
1412 1663 1468 1716 pl.

126 1727 242 1767 solus
294 1740 345 1766 ex
390 1728 485 1766 toto
530 1726 604 1766 illo
650 1725 832 1779 collegio
871 1723 917 1764 L.
958 1723 1148 1777 Scipioni
1187 1723 1346 1763 auxilio
1384 1721 1469 1762 fuit

125 1784 448 1825 inimicissimus
482 1787 524 1824 et
555 1784 690 1837 ipsius
718 1786 760 1824 et
787 1783 935 1823 fratris
964 1782 1053 1822 eius
1073 1781 1269 1822 Africani
1294 1780 1469 1821 iuravit-

126 1858 207 1897 que
234 1843 279 1883 in
305 1843 503 1883 contione
531 1856 574 1882 se
600 1842 645 1882 in
672 1841 858 1896 gratiam
883 1855 971 1882 non
989 1840 1161 1893 redisse,
1188 1839 1262 1880 sed
1283 1839 1469 1879 alienum

72 1919 85 1930 τ’
126 1902 209 1942 sibi
235 1901 369 1942 videri
397 1901 608 1955 dignitate
634 1900 816 1953 imperii,
843 1913 926 1953 quo
954 1899 1080 1939 duces
1107 1901 1251 1939 essent
1276 1897 1469 1938 hostium

126 1960 325 2014 Scipione
365 1959 660 2013 triumphante
699 1958 834 2010 ducti,
876 1957 1023 1998 eodem
1061 1957 1203 2010 ipsum
1242 1956 1356 2008 duci,
1396 1955 1469 2009 qui

124 2019 466 2072 triumphasset?
507 2017 611 2066 Quis
637 2016 803 2070 plenior
828 2016 1100 2056 inimicorum
1126 2015 1209 2055 fuit
1234 2013 1278 2056 C.
1299 2013 1468 2055 Mario?
1486 2022 1527 2053 19

124 2077 171 2118 L.
204 2077 403 2130 Crassus,
435 2076 492 2117 M.
527 2075 710 2117 Scaurus
744 2075 883 2128 alieni,
915 2074 1079 2115 inimici
1112 2087 1258 2114 omnes
1291 2072 1468 2113 Metelli.

125 2136 186 2177 At
224 2136 254 2176 ii
291 2150 378 2177 non
417 2135 542 2176 modo
576 2135 698 2175 illum
730 2133 952 2174 inimicum
985 2147 1035 2173 ex
1069 2131 1211 2172 Gallia
1243 2131 1468 2172 sententiis

127 2195 214 2235 suis
247 2209 334 2236 non
365 2194 662 2245 detrahebant,
695 2192 767 2232 sed
799 2192 837 2232 ei
868 2194 1045 2245 propter
1074 2190 1286 2231 rationem
1314 2189 1469 2230 Gallici

125 2253 226 2294 belli
266 2253 531 2306 provinciam
564 2254 684 2292 extra
717 2250 908 2291 ordinem
940 2249 1237 2290 decernebant.
1299 2248 1469 2289 Bellum

124 2311 169 2352 in
191 2310 331 2352 Gallia
355 2312 590 2352 maximum
611 2311 782 2365 gestum
803 2311 885 2362 est,
912 2308 1099 2349 domitae
1122 2310 1221 2348 sunt
1242 2321 1266 2347 a
1287 2305 1467 2348 Caesare
