1671 2543
536 108 638 145 CAP.
665 114 804 145 41—42
832 114 851 152 ἓ
879 113 1052 146 99-104.
1382 110 1468 151 243

117 219 182 261 vel
213 219 328 260 vitae
360 217 552 273 periculo
583 218 693 259 velle
724 218 940 272 videbam3
977 218 1028 259 de
1059 218 1215 260 horum
1247 218 1470 269 desiderio,

114 279 247 332 luctu,
280 277 482 332 querellis
514 276 671 318 cotidie
703 276 866 331 aliquid
897 280 1038 318 tecum
1070 277 1198 318 simul
1225 277 1470 331 audiebam3

113 351 227 378 nunc
259 336 405 391 timeo,
435 350 488 377 110
520 335 603 377 tibi
633 335 742 376 nihil
773 338 946 390 praeter
973 336 1173 378 lacrimas
1201 351 1355 390 queam
1380 336 1470 377 red-

116 396 226 449 dere,
259 409 365 450 quas
397 397 445 436 tu
476 394 522 436 in
553 394 659 436 meis
692 395 1002 436 acerbitatibus
1031 395 1240 449 plurimas
1267 394 1470 437 effudisti.

79 467 95 493 5
117 454 229 504 Quid
260 454 374 495 enim
403 467 582 508 possum
613 453 730 494 aliud·
758 453 844 494 nisi
876 468 1081 508 maerere,
1112 454 1197 495 nisi
1228 454 1348 508 flere,
1378 453 1539 495 nisi102

115 516 159 555 te
203 527 300 555 cum
342 527 438 554 mea
480 512 619 554 salute
664 512 923 566 complecti?
993 511 1187 554 Salutem
1229 513 1312 554 tibi
1355 512 1470 554 idem

116 573 216 614 dare
240 573 436 627 possunt,
463 571 536 626 qui
561 571 669 612 mihi
695 571 982 612 reddiderunt.
1026 571 1086 612 Te
1111 574 1259 613 tamen
1279 570 1469 628 (exurge,

117 628 312 686 quaesol)
345 630 542 671 retinebo
574 632 619 671 et
649 631 913 684 complectar
942 645 1021 672 nec
1052 645 1119 672 me
1152 630 1293 671 solum
1325 631 1470 685 depre-

117 692 308 732 catorem
339 688 614 731 fortunarum
645 691 837 743 tuarum,
876 689 950 731 sed
982 689 1187 730 comitem
1219 689 1469 744 sociumque

64 768 96 793 10
114 748 370 804 profitebor3
413 750 560 802 atque,
603 750 654 789 ut
698 762 841 802 spero,
883 763 1010 790 nemo
1055 748 1138 788 erit
1178 751 1270 789 tam
1308 748 1470 790 crudeli

116 807 260 849 animo
292 809 468 861 tamque
499 807 733 848 inhumano
759 821 838 848 nec
864 809 955 848 tam
980 807 1192 848 inmemor
1216 821 1304 848 non
1329 807 1470 848 dicam

116 880 311 908 meorum
340 866 388 907 in
414 866 551 907 bonos
577 866 844 919 meritorum,
876 866 950 907 sed
975 866 1187 907 bonorum
1212 865 1258 906 in
1284 879 1364 919 me,
1396 866 1470 920 qui

117 940 142 966 a
184 939 252 966 me
296 924 381 966 mei
424 926 690 965 servatorem
734 924 888 978 capitis
933 925 1110 966 divellat
1153 939 1202 966 ac
1243 923 1470 965 distrahat.

115 983 218 1025 Non
262 997 341 1039 ego
385 982 492 1024 meis
535 986 735 1024 ornatum
773 983 992 1024 beneficiis
1030 998 1055 1024 a
1091 983 1215 1024 vobis
1254 983 1470 1037 deprecor,

64 1061 97 1087 15
115 1042 296 1096 iudices,
334 1041 408 1082 sed
446 1041 668 1083 custodem
706 1042 858 1083 salutis
895 1056 1032 1095 meae,
1067 1056 1155 1082 non
1188 1041 1341 1095 opibus
1375 1056 1470 1083 con-

115 1101 264 1155 tendo,
300 1115 388 1142 non
419 1100 698 1154 auctoritate,
732 1114 819 1141 non
850 1100 1009 1156 gratia,
1043 1100 1117 1141 sed
1147 1100 1364 1154 precibus,
1397 1100 1471 1141 sed

114 1159 325 1226 lacrimis,
368 1158 442 1200 sed
479 1159 790 1209 misericordia,
829 1173 1081 1215 mecumque
1118 1173 1195 1200 vos
1234 1158 1363 1200 simul
1399 1159 1471 1200 hic

116 1218 382 1260 miserrimus
415 1219 459 1258 et
490 1218 680 1272 optimus
713 1218 958 1259 obtestatur
989 1232 1174 1282 parens,
1201 1220 1244 1258 et
1275 1232 1353 1271 pro
1384 1231 1470 1258 uno

115 1277 206 1319 filio
256 1277 339 1318 duo
388 1278 535 1331 patres
586 1277 874 1340 deprecamur.
947 1274 1115 1331 Nolite,
1163 1276 1342 1341 iudices,
1389 1281 1541 1343 per103

63 1355 98 1380 20
116 1351 211 1391 vos,
244 1350 321 1390 per
362 1334 580 1390 fortunas,
615 1349 693 1390 per
728 1335 889 1377 liberos
927 1337 1095 1377 vestros
1133 1334 1320 1376 inimicis
1352 1336 1472 1390 111013,

115 1395 169 1437 113
212 1394 487 1449 praesertim,
531 1408 639 1448 quos
684 1408 764 1450 ego
807 1409 886 1448 pro
927 1396 1073 1435 vestia
1111 1393 1250 1435 salute
1280 1395 1473 1459 suscepi,

98 1454 217 1495 dare
248 1453 462 1511 laetitiam
483 1453 776 1509 gloriantibus
802 1467 878 1494 vos
904 1452 992 1494 iam
1018 1453 1179 1494 oblitos
1207 1453 1291 1494 mei
1317 1453 1471 1494 salutis

118 1512 221 1565 eius,
252 1526 279 1553 a
309 1506 393 1565 quo
425 1526 522 1553 mea
553 1512 676 1553 salus
702 1515 956 1553 conservata
981 1514 1060 1566 est,
1090 1511 1231 1553 hostis
1259 1512 1472 1554 extitisse:

87 1570 252 1611 nolite
285 1570 475 1611 animum
506 1585 649 1612 meum
680 1571 906 1612 debilitare
933 1585 1030 1612 cum
1055 1571 1187 1624 luctu,
1219 1573 1314 1611 tum
1339 1571 1472 1611 etiam

66 1648 98 1673 25
119 1631 238 1669 metu
275 1631 565 1669 commutatae
601 1632 770 1670 vestrae
806 1629 1045 1671 voluntatis
1084 1643 1185 1684 erga
1217 1643 1304 1684 111ος
1342 1629 1470 1670 sinite

119 1702 199 1741 me,
234 1686 347 1740 quod
377 1686 503 1727 vobis
532 1686 669 1728 fretus
700 1687 801 1728 huic
833 1702 959 1741 saepe
990 1687 1184 1741 promisi,
1215 1687 1258 1727 id
1290 1701 1316 1728 a
1346 1687 1469 1728 vobis

120 1746 159 1787 ei
190 1744 468 1800 persolveres
506 1744 668 1798 Teque,
706 1745 750 1787 C.
782 1745 931 1798 Flave,
967 1760 1041 1786 oro
1075 1747 1119 1785 et
1151 1746 1360 1798 obtestor,
1393 1746 1541 1799 qui104

119 1818 314 1845 meorum
346 1802 624 1844 consiliorum
654 1803 700 1844 in
732 1804 958 1844 consulatu
991 1803 1145 1855 3001113,
1179 1803 1472 1857 periculorum

118 1862 348 1917 particeps,
379 1875 534 1914 rerum,
566 1875 672 1915 quas
704 1863 832 1916 gessi,
864 1862 1035 1902 adiutor
1058 1860 1182 1902 fuisti
1208 1875 1360 1915 meque
1385 1876 1473 1903 non

66 1939 101 1965 30
119 1921 247 1962 modo
274 1920 441 1961 salvum
467 1934 646 1974 semper,
678 1920 752 1960 sed
777 1920 909 1961 etiam
935 1922 1135 1961 ornatum
1161 1919 1471 1974 florentemque

121 1994 214 2021 esse
238 1978 427 2033 voluisti,
452 1981 502 2020 ut
527 1978 634 2019 mihi
658 1993 735 2032 per
759 1978 839 2019 hos
866 1992 1090 2019 conserves
1115 1993 1223 2032 eum,
1248 1992 1325 2031 per
1345 1993 1472 2032 quem

120 2052 188 2079 me
224 2037 308 2079 tibi
345 2040 389 2079 et
424 2037 494 2078 his
533 2039 833 2078 conservatum
869 2037 999 2078 vides.
1061 2036 1193 2078 Plura
1228 2050 1281 2077 ne
1320 2036 1472 2091 dicam,

120 2099 219 2138 tuae
251 2111 319 2138 me
351 2096 483 2137 etiam
513 2095 716 2137 lacrimae
747 2095 971 2149 inpediunt
1001 2097 1267 2149 vestraeque,
1299 2095 1472 2149 iudices,

120 2169 208 2196 non
238 2155 378 2196 solum
409 2169 541 2206 meae,
574 2154 729 2208 quibus
761 2168 841 2209 ego
873 2168 1031 2208 magno
1063 2153 1110 2195 111
1140 2156 1256 2194 metu
1284 2168 1378 2195 meo
1406 2168 1472 2195 su-

69 2229 103 2255 35
121 2213 214 2255 bito
234 2214 414 2255 inducor
433 2214 479 2254 'm
500 2227 630 2268 spem,
650 2227 727 2254 vos
749 2213 921 2254 eosdem
940 2213 986 2253 in
1005 2212 1088 2254 hoc
1103 2213 1392 2254 conservando
1408 2212 1471 2254 fu-

122 2274 256 2326 turos,
278 2272 352 2326 qui
377 2272 547 2314 fueritis
561 2271 607 2312 in
620 2286 688 2312 me
696 2271 918 2326 ,quoniam
932 2270 1029 2311 istis
1044 2270 1201 2318 vestris
1215 2270 1404 2312 lacrimis
1420 2271 1470 2312 de

122 2329 210 2370 illis
235 2330 447 2385 recordor,
474 2345 580 2385 quas
599 2344 678 2384 pro
699 2344 766 2371 me
787 2344 912 2384 saepe
933 2332 976 2370 et
995 2329 1180 2370 multum
1199 2329 1468 2383 profudistis.

1190 2397 1260 2432 16*
