1671 2543
228 102 314 143 554
364 101 415 136 ΙΝ
441 102 488 138 M.
515 102 771 138 ANTONIUM
798 103 872 138 ΟΒ.
898 102 1018 138 PHIL.
1045 102 1140 138 XIII.
1185 101 1286 138 CAP.
1313 107 1354 137 21
1382 108 1401 146 ξ,
1427 107 1482 147 49,
1509 108 1565 138 50.

229 210 266 251 si
292 209 384 251 fieri
408 210 559 264 possit,
586 213 723 251 terras
749 210 999 266 demigrare,
1025 211 1134 251 unde
1162 210 1449 252 Antoniorum
1474 209 1566 252 ‘nec

228 268 345 310 facta
376 283 453 311 nec
484 283 641 310 nomen
679 269 851 323 audiat’,
891 284 1017 323 quam
1049 269 1147 310 illos
1180 267 1375 311 Caesaris
1407 269 1567 310 virtute

229 327 407 381 eiectos,
457 327 582 368 Bruti
639 330 830 369 retentos
881 328 994 369 intra
1043 327 1148 369 haec
1198 327 1365 369 moenia
1413 327 1567 369 videre.

229 384 562 440 Optatissimum
589 389 655 427 est
680 386 867 440 vincere,
893 386 1123 428 secundum
1150 389 1216 428 est
1234 386 1399 428 nullum
1421 400 1567 428 casum

228 458 306 499 pro
346 445 557 499 dignitate
596 447 639 486 et
676 445 876 486 libertate
914 445 1079 500 patriae
1116 459 1202 486 non
1238 444 1459 486 ferendum
1493 459 1567 499 pu·
1603 460 1620 486 5

229 506 333 544 tare.
384 502 504 551 Quod
532 503 744 557 reliquum
771 506 849 558 est,
881 518 968 545 non
994 507 1059 545 est
1085 504 1274 557 tertium,
1307 503 1378 545 sed
1403 506 1568 558 postre-

229 577 346 602 mum
379 562 582 616 omnium,
615 562 846 603 maximam
873 562 1185 617 turpitudinem
1212 562 1427 617 suscipere
1452 562 1567 604 vitae

229 620 474 674 cupiditate.
543 672 547 675 ψ

172 686 215 717 50
320 678 437 728 Quae
482 694 578 721 cum
621 680 684 720 ita
728 679 833 734 sint,
877 680 926 720 de
971 679 1183 721 mandatis
1228 679 1472 733 litterisque
1510 677 1566 720 M.

230 737 398 792 Lepidi,
436 738 518 779 viri
551 738 796 792 clarissimi,
836 737 1017 780 Servilio
1050 738 1264 780 assentior
1296 740 1339 779 et
1369 737 1451 779 hoc
1483 752 1567 778 am·
1589 754 1623 780 ιο
1670 734 1671 747 ’

230 796 342 850 plius
376 811 546 851 censeo,
581 796 803 852 ‘Magnum
834 796 1105 851 Pompeium,
1139 796 1273 838 Gnaei
1304 796 1458 846 filium,
1490 810 1568 851 pro

229 854 366 909 patris
405 855 700 909 maiorumque
740 870 915 897 suorum
953 856 1095 897 animo
1134 856 1361 909 studioque
1399 855 1443 896 in
1478 869 1569 896 rem

230 913 448 968 publicam
480 928 640 968 suaque
672 914 857 968 pristina
887 914 1059 969 virtute,
1093 914 1317 968 industria,
1348 913 1568 955 voluntate

230 972 400 1027 fecisse,
446 972 558 1027 quod
597 987 717 1014 suam
757 987 1005 1027 eorumque,
1050 987 1157 1027 quos
1196 987 1341 1014 secum
1377 972 1569 1026 haberet,

231 1045 406 1085 operam
450 1031 618 1072 senatui
661 1032 905 1086 populoque
944 1032 1138 1073 Romano
1182 1031 1402 1086 pollicitus
1443 1033 1569 1085 esset,
1589 1046 1622 1073 ιε

231 1104 409 1144 eamque
447 1105 538 1132 rem
576 1090 743 1132 senatui
780 1091 1024 1145 populoque
1063 1090 1258 1132 Romano
1297 1092 1467 1146 gratam
1505 1104 1569 1132 ac·

231 1151 484 1203 ceptamque
524 1162 633 1202 esse,
672 1149 793 1203 eique
829 1149 984 1191 honori
1021 1149 1309 1204 dignitatique
1347 1162 1441 1190 eam
1478 1162 1569 1190 rem

229 1206 351 1249 fore?
417 1207 512 1249 Hoc
554 1207 620 1248 vel
663 1207 862 1263 coniungi
908 1223 1004 1250 cum
1041 1208 1124 1249 hoc
1161 1210 1334 1249 senatus
1373 1207 1569 1249 consulto

231 1265 334 1307 licet
377 1266 443 1307 vel
488 1266 654 1321 seiungi
697 1270 842 1320 potest
886 1267 1200 1321 separatimque
1245 1265 1471 1320 perscribi,
1519 1269 1570 1306 ut

230 1325 405 1378 proprio
451 1327 623 1366 senatus
668 1325 864 1367 consulto
902 1325 1133 1379 Pompeius
1171 1324 1438 1366 collaudatus
1476 1337 1569 1365 esse
1589 1339 1624 1365 20

229 1382 436 1424 videatur.
