1671 2543
195 99 283 141 438
375 97 426 133 IN
451 98 499 134 M.
526 96 783 132 ANTONIUM
809 96 985 132 ORATIO
1012 95 1285 131 PHILIPPICA
1310 95 1353 132 V.

198 207 469 249 vocabamur.
559 204 641 247 Sed
697 205 932 260 querellam
986 204 1321 259 praeteritorum
1377 204 1542 246 dierum

200 266 378 308 sustulit
404 266 541 307 oratio
569 265 805 319 consulum,
838 265 911 318 qui
936 264 999 305 ita
1024 263 1159 305 locuti
1185 266 1296 317 sunt,
1327 265 1377 304 ut
1402 263 1542 318 magis

200 327 427 380 exoptatae
454 324 673 365 Kalendae
701 338 829 378 quam
856 338 974 364 serae
1001 337 1092 364 esse
1118 322 1354 363 videantur.
1397 321 1542 376 Atque

199 387 249 426 ut
293 384 431 425 oratio
477 383 702 425 consulum
745 382 934 423 animum
978 396 1122 423 meum
1165 381 1300 422 erexit
1338 395 1543 435 spemque

201 443 351 484 attulit
388 457 475 484 non
513 442 640 483 modo
677 441 829 483 salutis
862 441 1193 494 conservandae,
1230 454 1378 481 verum
1411 439 1542 480 etiam
1579 452 1595 477 ⁵

201 502 427 558 dignitatis
458 501 667 556 pristinae
699 500 1016 554 reciperandae,
1055 500 1215 541 sic-me
1247 499 1544 554 perturbasset

202 561 292 602 eius
332 560 563 614 sententia,
602 559 675 614 qui
712 560 876 614 primus
915 561 1094 614 rogatus
1133 561 1216 612 est,
1252 558 1338 599 nisi
1374 560 1543 599 vestrae

166 633 186 663 2
202 619 355 661 virtuti
375 618 728 673 constantiaeque
749 618 1018 660 confiderem.
1061 617 1145 659 Hic
1165 617 1278 658 enim
1299 616 1388 658 dies
1407 616 1544 670 vobis,

200 681 346 733 patres
381 677 627 733 conscripti,
657 677 832 732 inluxit,
867 677 974 718 haec
1005 679 1199 731 potestas
1233 676 1332 717 data
1363 678 1447 730 est,
1483 677 1543 728 ut,

202 740 412 792 quantum
431 737 619 791 virtutis,
646 739 854 790 quantum
874 735 1154 790 constantiae,
1175 737 1385 789 quantum
1405 734 1543 789 gravi-
1564 745 1597 770 ιο

201 797 306 838 tatis
344 796 390 837 in
419 796 547 837 huius
581 796 742 837 ordinis
775 795 954 837 consilio
987 797 1117 848 esset,
1155 794 1315 848 populo
1347 793 1544 835 Romano

201 855 416 897 declarare
437 854 636 909 possetis.
678 853 991 907 Recordamini,
1012 853 1085 907 qui
1105 853 1194 894 dies
1214 853 1367 893 nudius
1389 852 1544 893 tertius

201 915 390 956 (lecimus
434 913 582 968 fuerit,
628 916 814 968 quantus
859 926 1090 954 consensus
1128 914 1338 961 vestrum,
1383 913 1546 965 quanta

200 973 357 1027 virtus,
408 975 569 1027 quanta
619 972 878 1026 constantia,
929 974 1135 1026 quantam
1176 970 1272 1011 sitis
1317 984 1342 1011 a
1383 969 1544 1024 populo

200 1032 396 1074 Romano
429 1032 616 1085 laudem,
649 1034 854 1086 quantam
886 1030 1088 1086 gloriam,
1120 1031 1326 1084 quantam
1357 1028 1545 1084 gratiam
1567 1041 1598 1068 15

131 1089 193 1147 (2
200 1091 429 1133 consecuti.
496 1090 640 1144 Atque
672 1090 747 1132 illo
781 1090 865 1142 die,
902 1092 1047 1144 patres
1081 1087 1332 1142 conscripti,
1370 1101 1420 1129 ea
1450 1101 1546 1129 con-

202 1150 419 1204 stituistis,
450 1152 499 1190 ut
530 1149 653 1191 vobis
687 1149 772 1190 iam
803 1123 911 1190 nihil
938 1148 996 1189 sit
1020 1147 1238 1203 integrum
1263 1146 1348 1188 nisi
1374 1148 1448 1187 aut
1472 1146 1546 1187 ho-

166 1212 326 1251 3nesta
365 1223 449 1263 pax
487 1210 562 1249 aut
598 1208 762 1249 bellum
797 1207 1097 1249 necessarium.
1165 1205 1321 1247 Pacem
1357 1205 1451 1246 vult
1487 1203 1545 1246 M.

201 1267 436 1321 Antonius,
469 1281 588 1308 arma
613 1267 811 1321 deponat,
837 1269 973 1322 roget,
999 1266 1260 1319 deprecetur.
1316 1263 1546 1305 Neminem

202 1326 449 1392 aequiorem
492 1325 677 1379 reperiet
721 1339 850 1390 quam
894 1339 978 1378 me,
1023 1323 1108 1377 cui,
1152 1323 1253 1364 dum
1297 1336 1341 1363 se
1380 1321 1544 1363 civibus
1565 1337 1599 1362 20

200 1384 346 1439 impiis
379 1383 661 1436 commendat,
692 1383 890 1424 inimicus
918 1397 1046 1436 quam
1072 1381 1234 1423 amicus
1262 1395 1354 1422 esse
1380 1380 1544 1422 maluit.

200 1443 324 1485 Nihil
363 1445 428 1484 est
465 1441 679 1496 profecto,
717 1441 829 1495 quod
867 1441 1007 1495 possit
1045 1440 1136 1481 dari
1167 1439 1329 1481 bellum
1361 1438 1546 1495 gerenti3

203 1502 285 1543 erit
333 1500 518 1542 fortasse
570 1500 748 1555 aliquid,
799 1500 913 1553 quod
957 1499 1131 1541 concedi
1172 1498 1313 1564 possit
1355 1497 1545 1553 roganti3

161 1556 370 1626 2legatos
403 1574 503 1601 vero
537 1559 589 1600 ad
622 1573 719 1600 eum
750 1559 935 1613 mittere,
967 1559 1017 1599 de
1050 1572 1134 1612 quo
1168 1556 1472 1613 gravissimum
1501 1559 1546 1598 et

203 1618 523 1661 severissimum
548 1618 754 1659 iudicium
778 1617 934 1659 nudius
960 1617 1115 1658 tertius
1136 1616 1324 1658 decimus
1344 1615 1545 1670 feceritis,
1565 1629 1598 1656 25

201 1693 289 1720 non
325 1678 412 1719 iam
450 1677 641 1719 levitatis
680 1679 763 1730 est,
808 1676 899 1731 sed,
941 1679 1008 1730 ut,
1047 1675 1161 1730 quod
1199 1675 1356 1730 sentio,
1394 1674 1545 1729 dicam,

202 1737 453 1778 dementiae.
515 1735 709 1777 Primum
741 1710 868 1777 duces
901 1749 973 1777 eos
999 1733 1265 1788 laudavistis,
1297 1733 1370 1788 qui
1396 1736 1547 1775 contra

202 1797 327 1837 illum
376 1796 538 1836 bellum
586 1795 755 1849 privato
807 1794 986 1836 consilio
1038 1793 1345 1847 suscepissent,
1395 1791 1544 1833 deinde

203 1855 364 1896 milites
405 1857 649 1907 veteranos,
694 1853 767 1907 qui
804 1867 901 1894 cum
944 1852 997 1894 ab
1035 1851 1228 1894 Antonio
1271 1851 1316 1892 in
1354 1850 1544 1892 colonias

203 1916 348 1955 essent
367 1912 548 1966 deducti,
569 1912 684 1953 illius
705 1911 912 1953 beneficio
932 1911 1181 1952 libertatem
1195 1909 1343 1964 populi
1360 1909 1545 1950 Romani
1564 1924 1599 1949 so

167 1974 554 2026 4anteposuerunt.
610 1970 751 2019 Quid?
783 1970 896 2025 legio
924 1969 1094 2023 Martia,
1126 1969 1257 2022 quid?
1292 1970 1445 2022 quarta
1471 1981 1546 2009 cur

203 2030 432 2072 laudatur?
496 2028 542 2071 Si
574 2029 687 2070 enim
720 2029 938 2070 consulem
971 2042 1096 2070 suum
1127 2028 1406 2093 reliquerunt,
1437 2026 1546 2067 vitu-

202 2089 413 2143 perandae
442 2091 554 2142 sunt,
580 2088 616 2129 si
636 2087 859 2128 inimicum
878 2087 940 2128 rei
960 2086 1168 2141 publicae,
1193 2086 1285 2127 iure
1305 2085 1546 2126 laudantur.

203 2148 352 2202 Atqui,
384 2162 481 2189 cum
513 2146 710 2188 consules
735 2145 924 2187 nondum
949 2144 1179 2198 haberetis,
1211 2142 1471 2196 decrevistis,
1496 2145 1546 2183 ut

205 2209 247 2246 et
279 2206 328 2247 de
360 2205 564 2260 praemiis
597 2205 785 2246 militum
816 2207 859 2245 et
890 2204 940 2245 de
971 2202 1209 2245 honoribus
1235 2202 1546 2256 imperatorum
1565 2216 1598 2242 ³⁵

204 2264 343 2317 primo
400 2278 568 2317 quoque
626 2266 820 2317 tempore
877 2261 1121 2304 referretur.
1198 2260 1347 2302 Placet
1396 2259 1547 2300 eodem

205 2325 397 2375 tempore
429 2321 621 2376 praemia
647 2322 908 2363 constituere
936 2321 1010 2371 eis,
1036 2319 1110 2374 qui
1136 2321 1286 2360 contra
1305 2317 1546 2360 Antonium
1656 2367 1657 2371 Ἰ

1650 2387 1658 2407 a*

1648 2455 1671 2543 {ss
