1671 2543
528 391 588 440 M.
629 390 818 438 TULLI
855 388 1188 438 CICERONIS

179 515 253 570 IN
302 515 370 569 M.
419 512 789 568 ANTONIUM
832 510 1085 566 ORATIO
1129 508 1535 566 PHILIPPICA

690 616 1021 674 SECUNDA.

661 815 1050 855 ARGUMENTUM.

278 918 370 954 Cum
394 918 443 953 M.
472 916 598 953 Cicero
625 917 854 961 superiorem
881 915 1086 951 orationem
1112 914 1317 960 habuisset,
1343 914 1392 952 M.
1419 915 1534 952 Anto-

180 966 266 1001 nius
291 966 330 1000 in
354 965 486 1000 villam
511 963 748 1000 Tiburtinam
782 974 821 998 se
847 962 1017 1007 contulit,
1043 964 1096 1006 ut,
1123 962 1214 1007 quid
1240 963 1454 999 adversario
1479 973 1535 999 re-

182 1013 394 1058 sponderet,
421 1012 745 1054 commentareffir,
773 1021 846 1055 qua
870 1010 909 1044 in
934 1021 973 1045 re
1006 1010 1237 1055 consumpsit
1268 1010 1536 1056 septemdecim

182 1061 271 1095 dies.
322 1061 364 1095 A.
397 1059 432 1094 d.
465 1059 552 1094 XIII
577 1057 767 1093 Kalendas
793 1057 972 1093 Octobres
997 1058 1045 1093 M.
1069 1056 1252 1093 Antonius
1284 1057 1323 1092 in
1353 1059 1536 1103 senatum,

183 1107 245 1151 qui
284 1108 321 1142 in
360 1106 452 1142 aede
492 1105 721 1141 Concordiae
758 1105 983 1148 habebatur,
1027 1104 1132 1140 venit
1169 1104 1322 1140 armatis
1361 1106 1534 1151 stipatus,

183 1154 291 1198 quasi
317 1153 394 1189 vim
419 1154 580 1197 timeret,
607 1152 837 1188 denuntiatis
864 1154 951 1187 ante
978 1151 1146 1188 Ciceroni
1171 1151 1392 1189 inimicitiis.
1444 1151 1535 1188 Cum

185 1200 310 1236 Cicero
339 1211 413 1235 non
439 1212 549 1235 ausus
576 1201 674 1235 esset
699 1211 742 1235 eo
771 1200 831 1235 die
861 1201 987 1235 venire
1018 1199 1058 1234 in
1089 1202 1270 1243 senatum,
1296 1199 1336 1234 in
1367 1211 1451 1236 eum
1470 1199 1534 1236 ab·

184 1250 327 1283 sentem
371 1247 611 1282 acerbissima
656 1247 825 1282 oratione
869 1246 1038 1282 invectus
1080 1247 1162 1282 erat
1203 1247 1398 1282 Antonius.
1467 1246 1535 1282 Cui

184 1293 345 1329 orationi
371 1294 576 1329 adversarii
602 1293 660 1328 sui
688 1294 814 1329 Cicero
840 1294 909 1328 hac
937 1293 1076 1338 scripta
1102 1293 1288 1337 oratione,
1315 1304 1411 1338 quae
1435 1293 1535 1330 infra

182 1341 338 1386 legitur,
365 1341 582 1385 respondet,
609 1351 720 1385 quam
746 1340 855 1385 fingit
880 1351 902 1375 a
927 1351 965 1375 se
991 1341 1160 1375 habitam
1186 1340 1257 1384 ita,
1284 1342 1476 1385 tamquam
1502 1341 1533 1376 si

180 1398 359 1430 praesens
385 1387 574 1432 praesenti
600 1387 853 1432 responderet.

145 1596 167 1687 ξ
275 1624 472 1673 Quonam
507 1639 602 1666 meo
635 1624 745 1678 fato,
783 1626 930 1679 patres
963 1625 1215 1680 conscripti,
1253 1625 1347 1668 fieri
1379 1626 1532 1683 dicam,

184 1685 233 1724 ut
269 1697 395 1725 nemo
433 1683 502 1724 his
540 1684 662 1725 annis
702 1683 858 1739 viginti
893 1684 955 1726 rei
986 1684 1184 1738 publicae
1215 1683 1349 1726 fuerit
1379 1685 1532 1741 hostis,

185 1742 258 1796 qui
283 1756 370 1783 non
396 1742 559 1783 bellum
585 1742 734 1784 eodem
760 1745 954 1797 tempore
981 1743 1087 1784 mihi
1109 1757 1278 1798 quoque
1298 1743 1531 1786 indixerit?

183 1799 276 1842 Nec
325 1815 426 1842 vero
476 1815 651 1843 necesse
701 1803 768 1843 est
812 1815 1073 1856 quemquam
1112 1816 1142 1853 ⁴a
1185 1816 1253 1843 me
1295 1803 1530 1859 nominari3

183 1859 407 1900 vobiscum
440 1859 523 1914 ipsi
555 1860 850 1902 recordamini.
912 1859 1022 1902 Mihi
1054 1875 1291 1915 poenarum
1322 1861 1388 1903 illi
1418 1862 1529 1917 plus,
1566 1880 1583 1907 5
1644 1871 1648 1883 ³

184 1931 313 1971 quam
347 1921 562 1972 optaram,
600 1918 826 1974 dederunt,
864 1921 907 1961 te
940 1919 1090 1974 miror,
1129 1919 1312 1974 Antoni,
1345 1935 1530 1976 quorum

182 1975 299 2017 facta
330 1976 512 2031 imitere,
544 1991 692 2019 eorum
718 1978 859 2020 exitus
885 1992 971 2020 non
996 1978 1333 2033 perhorrescere.
1383 1980 1528 2034 Atque

181 2033 265 2076 hoc
296 2034 341 2076 in
373 2035 469 2077 aliis
502 2036 643 2078 minus
675 2037 876 2078 mirabar.
926 2035 1065 2079 Nemo
1099 2038 1213 2079 enim
1245 2038 1420 2080 illorum
1451 2038 1528 2080 im·-

182 2093 318 2134 micus
350 2094 456 2135 mihi
488 2094 573 2136 fuit
604 2095 886 2150 voluntarius,
919 2110 1066 2138 omnes
1099 2111 1124 2138 a
1150 2111 1216 2139 me
1242 2096 1303 2138 rei
1328 2096 1526 2151 publicae

183 2165 312 2192 causa
354 2152 557 2195 lacessiti.
631 2153 696 2195 Tu
738 2169 792 2196 ne
835 2155 967 2196 verbo
1012 2155 1184 2210 quidem
1228 2155 1433 2209 violatus,
1476 2158 1526 2197 ut
1546 2173 1581 2201 ιο

183 2209 384 2251 audacior
417 2226 545 2265 quam
578 2211 777 2267 Catilina,
808 2212 1014 2255 furiosior
1046 2228 1176 2268 quam
1208 2212 1382 2255 Clodius
1414 2213 1526 2255 vide-

183 2280 291 2320 rere,
335 2268 450 2311 ultro
495 2285 562 2312 me
606 2271 848 2313 maledictis
890 2272 1105 2313 lacessisti
1150 2274 1353 2325 tuamque
1395 2286 1420 2312 a
1458 2287 1526 2314 me

181 2323 486 2369 alienationem
513 2329 929 2371 commendationem
955 2329 1036 2370 tibi
1057 2329 1109 2370 ad
1129 2329 1285 2382 impios
1307 2329 1412 2372 civis
1434 2329 1525 2372 fore
