1671 2543
101 725 133 749 10

98 1346 132 1371 20

101 1930 136 1953 30

103 2222 136 2246 35

552 53 652 89 CAP.
680 57 818 89 58—60
845 58 862 96 g
891 56 1086 88 123—128.
1435 52 1492 95 55

149 165 284 203 tatem
316 162 475 216 populo
502 161 698 203 Romano
729 176 870 203 caram
896 175 987 202 esse
1013 160 1241 203 universo?
1302 160 1363 202 At
1388 175 1492 203 vero
1504 165 1575 196 126

148 221 220 262 ille
253 224 439 275 praetor,
476 220 548 275 qui
580 220 630 261 de
662 234 728 261 me
760 235 848 261 non
877 220 1026 274 patris,
1058 220 1138 274 avi,
1168 220 1329 274 proavi,
1361 220 1493 262 maio-

149 295 245 321 rum
288 279 469 334 denique
508 293 682 321 suorum
722 279 929 333 omnium,
972 278 1046 320 sed
1085 277 1394 320 Graeculorum
1430 279 1492 320 in-

154 339 306 379 stituto
359 338 602 379 contionem
647 338 915 393 interrogare
960 337 1144 391 solebat,
1194 337 1379 378 velletne
1423 352 1492 379 mc

154 397 304 451 redire,
339 400 400 450 et,
433 411 529 438 cum
561 399 654 437 erat
686 396 967 437 reclamatum
998 396 1215 437 semivivis
1247 411 1492 438 mercenna—

152 455 312 497 riorum
349 455 545 510 vocibus,
586 455 794 510 populum
832 455 1074 496 Romanum
1109 469 1268 510 negare
1307 455 1493 509 dicebat,

151 514 188 554 is
230 529 326 556 cum
371 514 526 555 cotidie
571 514 832 570 gladiatores
878 516 1108 568 spectaret,
1151 528 1387 568 numquam
1426 516 1492 555 est

152 575 417 627 conspectus,
449 587 545 614 cum
571 573 746 614 veniret.
808 572 1072 628 Emergebat
1097 573 1255 627 subito,
1289 587 1385 614 cum
1411 572 1491 614 sub

152 631 320 673 tabulas
353 632 646 686 subrepserat,
677 634 726 672 ut

211 712 389 767 Mater,
421 716 470 754 te
503 713 709 768 appello

152 807 342 848 dicturus
386 807 613 848 videretur.
680 806 832 860 Itaque
878 807 953 848 illa
990 808 1059 848 via
1089 806 1364 862 latebrosior,
1409 821 1494 861 qua

152 868 393 920 spectatum
431 866 503 906 ille
541 865 758 919 veniebat,
796 865 940 920 Appia
976 866 1062 907 iam
1100 866 1346 908 vocabatur.
1410 865 1494 915 Qui

151 927 298 965 tamen
341 939 511 978 quoquo
556 927 749 978 tempore
796 927 1049 978 conspectus
1088 928 1198 979 erat,
1241 939 1329 965 non
1365 924 1492 966 modo

153 983 425 1037 gladiatores,
452 983 525 1024 sed
551 983 650 1037 equi
676 982 759 1036 ipsi
786 982 1075 1037 gladiatorum
1098 983 1333 1037 repentinis
1354 982 1494 1025 sibilis

119 1054 132 1077 ⁷>
153 1042 500 1083 extimescebant.
555 1041 780 1082 Videtisne
800 1042 946 1096 igitur,
967 1044 1177 1096 quantum
1196 1043 1357 1083 intersit
1379 1041 1494 1082 inter
1510 1046 1574 1077 12⁷

151 1100 360 1154 populum
386 1099 628 1142 Romanum
657 1103 700 1140 et
727 1100 988 1154 contionem3
1020 1100 1216 1141 dominos
1243 1100 1495 1142 contionum

153 1158 269 1200 omni
308 1159 404 1200 odio
438 1159 587 1213 populi
617 1159 778 1213 notari,
817 1158 972 1212 quibus
1005 1161 1150 1200 autem
1183 1158 1417 1200 consistere
1448 1158 1495 1199 in

152 1231 378 1270 operarum
423 1217 695 1259 contionibus
737 1231 825 1258 non
867 1217 1014 1272 liceat,
1066 1231 1138 1258 eos
1183 1217 1300 1258 omni
1343 1216 1495 1271 populi

151 1275 337 1316 Romani
370 1276 684 1330 significatione
717 1275 937 1317 decorari?

239 1334 304 1375 Tu
335 1334 441 1376 mihi
474 1335 605 1375 etiam
636 1333 693 1381 M.
718 1334 904 1375 Atilium
929 1333 1145 1389 Regulum
1172 1348 1495 1388 commemoras,

153 1392 226 1446 qui
257 1393 395 1434 redire
426 1393 517 1447 ipse
551 1392 858 1448 Carthaginem
890 1407 967 1434 sua
998 1393 1221 1434 voluntate
1255 1393 1307 1433 ad
1336 1393 1496 1447 suppli-

152 1451 265 1492 cium
310 1466 439 1505 quam
481 1452 571 1493 sine
612 1452 665 1493 iis
705 1451 902 1505 captivis,
948 1466 973 1492 a
1011 1452 1167 1505 quibus
1205 1451 1258 1492 ad
1296 1454 1495 1493 senatum

151 1510 308 1551 missus
344 1513 453 1564 erat,
491 1510 654 1551 Romae
687 1524 857 1551 manere
889 1510 1109 1564 maluerit,
1148 1512 1191 1551 et
1222 1510 1330 1551 mihi
1359 1524 1495 1565 negas

154 1569 389 1622 optandum
425 1569 611 1610 reditum
648 1568 782 1610 fuisse
820 1583 896 1623 per
926 1568 1114 1610 familias
1147 1571 1418 1622 comparatas
1451 1571 1495 1610 et

99 1638 122 1662 ε»
153 1626 347 1668 homines
388 1628 606 1668 armatos?
667 1627 769 1668 Vim
802 1627 967 1668 scilicet
1000 1641 1079 1681 ego
1113 1627 1369 1681 desideravi,
1407 1628 1493 1682 qui,
1508 1625 1566 1666 60

153 1685 254 1725 dum
288 1685 351 1726 vis
383 1684 484 1738 fuit,
521 1685 631 1726 nihil
663 1686 750 1740 egi,
788 1689 831 1726 et
864 1699 1007 1739 quem,
1046 1685 1082 1726 si
1113 1686 1178 1727 vis
1208 1700 1297 1727 non
1327 1685 1495 1739 fuisset,

151 1743 272 1784 nulla
313 1757 381 1783 res
423 1743 683 1784 labefactare
726 1744 950 1797 potuisset.
1017 1743 1145 1785 Hunc
1189 1758 1268 1799 ego
1306 1744 1493 1785 reditum
1510 1750 1576 1781 128

152 1801 433 1855 repudiarem,
466 1802 539 1855 qui
569 1802 632 1842 ita
656 1802 812 1843 florens
838 1802 933 1855 fuit,
963 1804 1012 1842 ut
1037 1816 1196 1855 verear,
1226 1816 1279 1842 ne
1306 1802 1402 1856 quis
1428 1817 1496 1843 me

154 1860 297 1901 studio
340 1860 502 1914 gloriae
540 1862 664 1914 putet
701 1860 859 1901 idcirco
899 1860 1053 1913 exisse,
1096 1862 1146 1900 ut
1182 1860 1245 1900 ita
1282 1860 1495 1901 redirem?

157 1918 294 1967 Quem
330 1918 444 1959 enim
481 1932 685 1971 umquam
724 1921 897 1960 senatus
934 1918 1068 1959 civem
1098 1918 1183 1959 nisi
1214 1933 1281 1959 me
1312 1919 1496 1960 nationi-

155 1977 235 2017 bus
274 1977 431 2017 exteris
468 1977 799 2030 commendavit,
838 1977 957 2018 cuius
988 1991 1193 2030 umquam
1223 1979 1401 2031 propter
1433 1991 1497 2018 sa-

154 2035 289 2076 lutem
313 2035 398 2076 nisi
425 2050 564 2076 ineam
590 2038 763 2076 senatus
788 2035 958 2089 publice
985 2035 1112 2076 sociis
1138 2034 1288 2089 populi
1310 2035 1496 2077 Romani

155 2094 319 2148 gratias
345 2094 463 2149 egit?
513 2093 577 2135 De
597 2108 664 2134 me
683 2108 768 2134 uno
788 2096 933 2148 patres
954 2093 1186 2148 conscripti
1206 2093 1496 2149 decreverunt,

154 2155 222 2206 ut,
255 2152 329 2206 qui
359 2152 602 2206 provincias
636 2167 732 2193 cum
763 2152 942 2206 imperio
976 2152 1233 2206 optinerent,
1266 2152 1339 2206 qui
1371 2167 1496 2207 quae-

158 2213 297 2251 stores
328 2210 547 2266 legatique
580 2213 733 2264 essent,
765 2211 948 2251 salutem
980 2213 1023 2251 et
1054 2210 1188 2251 vitam
1218 2211 1495 2253 custodirent.

156 2268 209 2310 In
239 2283 326 2309 una
356 2283 451 2310 mea
484 2284 610 2310 causa
640 2272 740 2324 post
765 2269 948 2310 Romam
980 2269 1196 2310 conditam
1226 2268 1390 2311 factum
1418 2272 1496 2325 est,
