1671 2543
590 83 691 117 CAP.
720 87 807 117 1—3
835 86 854 125 ς
883 87 982 118 1—7.
1371 84 1457 126 439

121 205 240 232 arma
277 190 483 245 ceperint,
521 192 564 232 et
600 191 767 246 legatos
806 190 858 231 ad
895 190 1135 232 Antonium
1172 191 1376 232 mittere?
1408 195 1457 233 ut

120 249 206 291 iam
242 249 486 304 pudendum
523 249 581 290 sit
617 249 866 290 honestiora
902 249 1071 291 decreta
1107 264 1199 291 esse
1236 250 1458 306 legionum

122 323 250 362 quam
283 310 473 362 senatus,
506 308 716 362 siquidem
741 308 932 363 legiones
959 308 1235 350 decreverunt
1261 311 1458 350 senatum

121 366 343 408 defendere
382 369 531 408 contra
562 366 817 421 Antonium,
856 369 1029 408 senatus
1062 367 1251 409 decernit
1287 368 1457 423 legatos

85 442 101 467 5
122 425 174 466 ad
216 425 466 466 Antonium.
539 425 698 467 Utrum
740 425 822 467 hoc
866 428 931 466 est
975 426 1226 468 confirmare
1268 426 1458 468 militum

119 484 284 525 animos
323 498 376 524 an
414 484 637 525 debilitare
674 484 909 525 virtutem?
975 484 1071 526 Hoc
1107 485 1196 526 dies
1234 485 1492 527 duodecim5

117 542 402 597 profecerunt,
433 546 493 597 ut,
526 557 651 597 quem
680 557 806 584 nemo
835 545 1006 597 praeter
1032 542 1232 597 Cotylam
1257 544 1456 585 inventus

119 601 177 642 sit
210 602 280 655 qui
312 601 566 656 defenderet,
597 602 633 643 is
665 602 823 642 habeat
854 602 939 643 iam
971 604 1178 656 patronos
1205 602 1336 643 etiam
1362 617 1457 644 con-

120 660 312 702 sulares?
394 660 476 709 Qui
525 660 692 702 utinam
743 675 888 702 omnes
939 663 1037 702 ante
1087 675 1153 702 me
1199 661 1457 702 sententiam

67 735 100 760 ιο
119 719 392 773 rogarentur!
445 717 722 774 (quamquam
767 718 978 774 suspicor,
1027 719 1128 773 quid
1170 719 1326 761 dicturi
1370 720 1457 761 sint

120 778 293 832 quidam
320 792 478 832 eorum,
505 778 578 832 qui
603 780 704 832 post
723 792 790 818 me
810 776 1097 833 rogabuntur)
1118 777 1286 819 facilius
1308 781 1458 820 contra

119 836 321 891 dicerem,
359 837 395 877 si
435 837 536 890 quid
574 837 799 877 videretur.
867 836 949 877 Est
986 837 1099 877 enim
1138 837 1282 890 opinio
1318 837 1457 878 decre-

118 898 264 936 turum
297 895 482 949 aliquem
514 894 705 936 Antonio
731 895 852 936 illam
876 895 1076 936 ultimam
1104 894 1301 949 Galliam,
1328 909 1457 949 quam

119 953 302 995 Plancus
348 954 526 995 obtinet.
600 952 710 1001 Quid
752 956 818 994 est
861 953 976 994 aliud
1020 953 1163 995 omnia
1207 954 1258 994 ad
1295 954 1458 995 bellum

67 1027 100 1053 15
121 1012 244 1054 civile
275 1012 393 1053 hosti
425 1027 544 1053 arma
575 1011 743 1067 largiri,
780 1012 967 1066 primum
997 1026 1150 1053 nervos
1182 1012 1303 1066 belli,
1334 1027 1458 1066 pecu-

117 1071 235 1112 niam
278 1070 510 1125 infinitam,
562 1085 645 1124 qua
687 1085 799 1112 nunc
844 1073 959 1126 eget,
1012 1071 1160 1112 deinde
1205 1071 1458 1126 equitatum,

119 1132 328 1184 quantum
370 1129 506 1170 velit?
579 1129 835 1183 Equitatum
878 1129 990 1184 dico3
1040 1129 1274 1183 dubitabit,
1319 1130 1456 1184 credo,

118 1188 260 1244 gentis
291 1188 496 1229 barbaras
530 1202 675 1229 secum
707 1188 923 1229 adducere.
984 1187 1080 1229 Hoc
1112 1188 1185 1242 (1111
1215 1202 1303 1229 non
1327 1188 1456 1242 videt,

120 1261 280 1301 excors,
313 1247 397 1301 qui,
424 1262 520 1288 cum
546 1247 674 1301 videt,
699 1247 899 1300 decernit,
924 1246 1082 1301 impius
1107 1250 1174 1288 est.
1229 1246 1293 1287 Tu
1320 1247 1490 1288 civem6

65 1321 100 1346 20
119 1305 375 1348 sceleratum
426 1308 468 1346 et
516 1305 731 1359 perditum
782 1304 1005 1346 Gallorum
1055 1307 1098 1346 et
1143 1303 1456 1346 Germanorum

117 1364 310 1419 pecunia,
346 1364 558 1418 peditatu,
597 1364 810 1418 equitatu,
849 1364 983 1418 copiis
1020 1363 1237 1405 instrues‘?
1299 1363 1454 1405 Nullae

117 1424 227 1470 istae
254 1423 550 1464 excusationes
577 1426 694 1464 sunt:
721 1422 858 1463 ‘Meus
879 1422 1039 1463 amicus
1062 1422 1153 1463 est.³
1205 1421 1271 1464 Sit
1289 1423 1455 1476 patriae

118 1481 249 1534 prius.
311 1480 448 1522 ‘Meus
480 1480 716 1536 cognatus?
772 1481 842 1522 An
871 1483 1017 1535 potest
1049 1480 1250 1535 cognatio
1278 1482 1456 1535 propior

119 1539 208 1580 ulla
245 1553 335 1580 0880
375 1554 504 1593 quam
541 1540 724 1594 patriae,
761 1540 807 1580 in
844 1554 927 1593 qua
963 1542 1162 1593 parentes
1196 1539 1327 1580 etiam
1359 1555 1455 1581 con—

67 1612 100 1637 25
121 1597 340 1638 tinentur‘?
402 1597 526 1638 ‘Mihi
552 1599 776 1651 pecuniam
801 1597 981 1638 tribuit.9
1039 1596 1174 1650 Cupio
1201 1597 1354 1651 videre,
1381 1598 1456 1652 (1111

119 1656 163 1697 1(1
195 1655 348 1696 audeat
378 1655 527 1696 dicere.
590 1655 700 1704 Quid
732 1658 875 1696 autem
907 1657 1077 1710 agatur,
1109 1669 1205 1695 cum
1237 1669 1455 1709 aperuero,

118 1714 243 1755 facile
271 1714 353 1754 erit
378 1716 579 1767 statuere,
607 1728 734 1767 quam
761 1713 1019 1754 sententiam
1046 1712 1198 1754 dicatis
1226 1716 1300 1753 aut
1326 1728 1455 1767 quam

121 1772 370 1826 sequamini.

208 1830 379 1885 Agitur,
404 1833 550 1871 utrum
575 1829 631 1870 M.
658 1829 848 1870 Antonio
867 1828 1051 1870 facultas
1072 1829 1195 1870 detur
1216 1829 1454 1883 opprimen-
1468 1831 1495 1872 3

67 1904 101 1929 30
121 1890 197 1930 dae
246 1889 308 1929 rei
356 1888 570 1942 publicae,
620 1888 758 1928 caedis
802 1887 1018 1928 faciendae
1055 1887 1284 1941 bonorum,
1333 1888 1454 1929 urbis

121 1948 381 1997 dividzmdae,
454 1960 657 2001 agrorum
725 1946 812 1986 suis
871 1945 1112 1987 latronibus
1176 1946 1455 2000 condonandi,

120 2006 269 2061 populi
310 2005 495 2046 Romani
539 2005 742 2046 servitute
787 2004 1070 2058 opprimendi,
1121 2018 1175 2045 an
1216 2004 1372 2045 horum
1415 2005 1455 2046 01

120 2065 258 2106 facere
301 2063 410 2104 nihil
448 2063 586 2104 liceat.
653 2062 872 2113 Dubitare,
913 2062 1013 2116 quid
1052 2063 1203 2117 agatis.
1270 2062 1332 2103 At
1367 2077 1455 2104 non

121 2123 279 2165 cadunt
317 2122 422 2163 haec
467 2121 513 2162 in
548 2121 798 2162 Antonium.
866 2120 961 2161 Hoc
997 2135 1049 2161 ne
1088 2119 1244 2174 Cotyla
1281 2120 1488 2174 quidem?

68 2195 101 2220 35
121 2182 259 2223 dicere
302 2181 487 2221 auderet.
556 2179 667 2228 Quid
705 2179 817 2220 enim
854 2179 899 2219 in
936 2193 1030 2219 eum
1069 2193 1156 2220 non
1194 2179 1324 2233 cadit,
1368 2179 1454 2234 qui,

122 2240 242 2282 cuius
274 2242 370 2281 acta
402 2253 446 2280 80
478 2237 701 2279 defendere
733 2237 847 2291 dicit,
879 2236 968 2278 eius
995 2251 1066 2278 eas
1091 2236 1208 2292 leges
1234 2238 1454 2293 pervertit,

122 2313 226 2353 quas
253 2298 436 2339 maxime
462 2296 635 2337 laudare
660 2295 936 2350 poteramus?
988 2293 1067 2335 Ille
1092 2295 1268 2349 paludes
1295 2295 1454 2338 siccare
