1671 2543
539 104 639 140 CAP.
667 108 805 140 31—33
832 109 851 148 s
878 109 1027 140 67-71.
1396 107 1449 148 31

116 213 209 263 Quo
241 212 459 268 patefacto
492 212 689 267 ferroque
722 214 984 268 deprehenso
1016 213 1089 255 1116
1118 213 1309 255 inclusus
1336 214 1452 255 domi

114 271 279 313 tamdiu
326 271 427 326 fuit,
479 272 682 326 quamdiu
724 272 924 314 inimicus
968 287 1087 313 meus
1132 273 1177 314 in
1216 273 1451 314 tribunatu.

113 329 179 372 De
211 345 306 372 meo
333 331 475 372 reditu
502 333 599 372 octo
625 330 790 372 tribuni
815 331 1210 386 promulgaverunt.
1271 331 1340 372 Ex
1366 346 1451 385 quo

114 389 383 430 intellectum
419 391 485 430 est
515 403 602 430 non
633 389 739 430 mihi
772 389 941 431 absenti
974 390 1156 431 crevisse
1190 390 1369 444 amicos,
1407 390 1453 431 in

77 460 94 486 5
115 462 165 489 ea
194 447 450 502 praesertim
481 447 674 502 fortuna,
711 448 756 488 111
788 462 872 503 qua
901 462 989 490 non
1018 448 1127 490 nulli
1159 448 1308 502 etiam,
1343 462 1450 502 quos

114 520 206 547 esse
231 508 495 560 putaveram,
520 521 607 548 non
632 509 766 560 crant,
794 507 866 548 sed
892 521 964 548 eos
990 507 1257 548 voluntatem
1283 521 1452 561 semper

114 565 302 619 eandem,
321 564 570 606 libertatem
588 579 676 606 non
695 565 872 606 eandem
893 580 1060 620 semper
1078 565 1292 607 habuisse.
1336 564 1451 607 Nam

114 637 165 664 ex
194 638 349 665 novem
381 624 578 676 tribunis,
613 638 720 678 quos
746 627 848 665 tunc
873 624 1119 678 habueram,
1150 639 1260 665 unus
1287 639 1353 665 me
1381 624 1451 665 ab-

114 684 233 723 sente
272 682 465 737 defluxit,
503 683 577 737 qui
615 696 853 737 cognomen
891 683 974 724 sibi
1013 697 1063 724 ex
1094 683 1318 724 Aeliorum
1349 683 1452 724 ima-

62 754 96 779 10
115 740 288 796 ginibus
327 741 527 795 arripuit,
566 755 649 795 quo
683 741 821 796 magis
852 741 1042 782 nationis
1075 741 1165 782 61113
1198 756 1289 783 6336
1323 756 1451 795 quam

115 799 283 854 generis
333 799 561 841 videretur.
635 799 731 841 Hoc
779 800 915 855 igitur
964 814 1074 841 anno
1119 800 1448 855 magistratibus
1466 813 1512 844 το

113 858 236 899 novis
269 858 506 913 designatis
540 873 636 900 cum
669 873 815 899 omnes
848 858 950 900 boni
983 873 1152 900 omnem
1185 873 1304 913 spem
1334 859 1452 900 meli·

115 916 201 958 oris
246 919 387 958 status
431 917 477 957 in
520 931 668 958 eorum
711 917 839 958 fidem
878 917 1209 971 convertissent,
1252 917 1451 971 princeps

113 974 159 1015 P.
198 973 408 1016 Lentulus
453 976 711 1017 auctoritate
757 989 805 1017 ac
850 975 1064 1017 sententia
1102 990 1179 1017 sua
1215 975 1371 1017 Pisone
1409 978 1453 1017 et

61 1046 95 1072 15
117 1032 301 1075 Gabinio
346 1034 687 1089 repugnantibus
733 1048 906 1075 causam
950 1034 1140 1088 suscepit
1180 1034 1451 1088 tribunisque

114 1092 171 1146 pl.
208 1095 304 1133 octo
337 1092 621 1134 referentibus
652 1093 1073 1147 praestantissimam
1104 1093 1154 1134 de
1186 1107 1253 1133 me
1286 1096 1452 1134 senten-

115 1151 222 1191 tiam
254 1150 374 1192 dixit.
437 1150 518 1200 Qui
552 1166 647 1192 cum
681 1151 733 1192 ad
765 1151 949 1206 gloriam
981 1165 1102 1192 suam
1132 1154 1261 1205 atque
1289 1151 1341 1192 ad
1366 1165 1452 1192 am-

114 1209 299 1264 plissimi
330 1209 526 1251 beneficii
552 1209 739 1264 gratiam
765 1210 903 1265 magis
929 1210 1143 1264 pertinere
1169 1210 1333 1251 videret
1359 1224 1452 1251 cau-

116 1282 208 1309 sam
250 1268 370 1309 illam
413 1268 629 1323 integram
666 1268 718 1309 ad
757 1283 881 1309 suum
919 1268 1192 1310 consulatum
1231 1268 1451 1321 reservari,

63 1340 97 1364 20
116 1329 262 1367 tamen
293 1341 383 1368 rem
413 1327 545 1368 talem
569 1341 646 1381 per
672 1326 779 1368 alios
806 1327 933 1368 citius
961 1341 1088 1381 quam
1114 1341 1190 1381 per
1216 1341 1260 1368 36
1287 1327 1451 1367 tardius

116 1385 269 1426 confici
301 1385 502 1426 malebat.

202 1442 297 1485 Hoc
330 1444 506 1485 interim
537 1447 731 1499 tempore
763 1444 809 1486 P.
844 1444 1022 1498 Sestius,
1054 1444 1228 1498 iudices,
1260 1444 1452 1499 designa·
1466 1432 1522 1473 33

115 1503 186 1543 tus
229 1502 313 1543 iter
356 1503 409 1544 ad
453 1502 497 1545 C.
536 1502 763 1545 Caesarem
805 1518 883 1558 pro
928 1517 1024 1544 mea
1068 1503 1205 1544 salute
1250 1493 1509 1556 suscepit.71

118 1560 229 1609 Quid
278 1561 431 1615 egerit,
481 1564 690 1615 quantum
733 1561 982 1616 profecerit,
1029 1561 1139 1602 nihil
1183 1561 1235 1601 ad
1280 1575 1452 1602 causam

63 1632 96 1658 25
118 1617 332 1673 (equidem
364 1619 580 1673 existimo,
619 1621 655 1661 si
686 1620 776 1673 ille,
814 1624 863 1661 ut
895 1620 1100 1673 arbitror,
1134 1634 1294 1673 aequus
1325 1619 1452 1660 nobis

116 1677 264 1731 fuerit,
298 1677 405 1718 nihil
438 1678 491 1718 ab
522 1678 604 1719 hoc
634 1678 895 1733 profectum3
933 1678 999 1719 sin
1029 1678 1199 1731 iratior,
1229 1692 1317 1719 non
1347 1678 1453 1718 mul-

117 1733 250 1790 tum),
288 1735 362 1776 sed
399 1738 545 1777 tamen
585 1737 858 1778 sedulitatem
890 1739 1018 1790 atque
1050 1736 1348 1790 integritatem
1379 1735 1452 1776 ho-

117 1793 245 1834 minis
290 1794 455 1835 videtis.
527 1793 751 1850 Ingredior
794 1796 880 1835 iam
924 1795 970 1835 in
1008 1793 1122 1835 Sesti
1165 1794 1452 1847 tribunatum,

117 1866 218 1893 nam
254 1852 337 1894 hoc
374 1852 560 1906 primum
597 1853 679 1894 iter
717 1854 966 1908 designatus
1002 1852 1063 1893 rei
1094 1852 1290 1906 publicae
1324 1866 1453 1893 causa

65 1925 100 1950 30
120 1911 327 1965 suseep1t3
364 1911 577 1964 pertinere
617 1914 660 1952 et
698 1912 750 1952 ad
792 1911 1061 1953 concordiam
1094 1910 1251 1951 civium
1282 1910 1453 1964 putavit

120 1972 163 2010 et
196 1969 248 2010 ad
279 1969 528 2023 perficiundi
559 1969 811 2010 facultatem
837 1970 1027 2010 animum
1053 1968 1247 2011 Caesaris
1275 1983 1299 2009 a
1325 1982 1453 2010 causa

118 2041 206 2068 non
240 2028 480 2069 abhorrere.
543 2028 665 2068 Abiit
695 2028 767 2069 1116
801 2042 954 2083 annus;
990 2028 1223 2082 respirasse
1254 2027 1451 2068 homines

119 2085 374 2127 videbantur
410 2087 600 2128 nondum
637 2101 699 2139 re,
737 2087 810 2127 sed
848 2101 921 2140 spe
959 2086 1020 2127 rei
1051 2085 1247 2140 publicae
1280 2100 1451 2139 recupe-

122 2145 289 2186 randae.
350 2145 560 2187 Exierunt
598 2145 723 2185 malis
763 2145 976 2186 ominibus
1017 2147 1143 2197 atque
1176 2144 1450 2185 execrationi-

70 2218 104 2243 35
124 2203 203 2244 bus
241 2203 323 2244 duo
355 2204 533 2244 vulturii
564 2203 767 2257 paludati.
831 2203 994 2252 Quibus
1026 2203 1192 2243 utinam
1222 2202 1328 2256 ipsis
1361 2216 1450 2243 eve-

121 2261 286 2302 nissent
315 2276 375 2315 ea,
408 2276 513 2315 quae
540 2265 632 2302 tum
656 2262 850 2303 homines
877 2261 1178 2316 precabantur!
1209 2275 1345 2314 neque
1372 2275 1450 2301 nos

122 2319 387 2372 provinciam
407 2320 700 2362 Macedoniam
727 2335 823 2362 cum
847 2320 1034 2361 exercitu
1053 2333 1189 2374 neque
1210 2319 1450 2373 equitatum
