1671 2543
173 133 259 173 454
347 132 397 167 IN
423 132 470 167 Μ.
497 132 754 167 ANTONIUM
781 132 958 168 ORATIO
986 133 1253 168 PHILIPPICA
1282 136 1323 169 V.

173 240 357 295 equiteS,
406 241 674 296 sagittarios,
726 241 977 295 elephantos
1023 241 1066 283 in
1109 256 1231 284 suam
1276 242 1511 308 populique

172 275 357 341 Romani
382 302 646 354 potestatem
672 299 887 355 redegerit
913 299 1266 355 difficillumoque
1292 301 1352 342 rei
1376 300 1514 356 publi-

173 372 245 399 cae
277 361 469 413 tempore
509 358 639 399 saluti
677 358 963 414 dignitatique
1002 359 1151 414 populi
1192 359 1377 402 Romani
1416 359 1512 402 sub—

173 417 353 472 venerit,
398 417 450 458 ob
491 431 561 458 eas
602 431 751 459 causas
790 418 956 459 senatui
994 418 1162 473 placere
1201 417 1246 461 C.
1284 417 1512 461 Caesarem

172 474 216 517 C.
254 475 299 529 f.‚
330 476 597 530 pontificem,
635 491 713 531 pro
756 479 971 531 praetore,
1009 479 1253 519 senatorem
1295 491 1387 519 esse
1419 491 1511 520 sen·
1548 492 1564 518 ⁵

172 535 437 589 tentiamque
476 535 570 577 loco
604 535 850 589 quaestorio
883 535 1038 590 dicere,
1077 536 1251 590 eiusque
1289 536 1512 590 rationem,

172 608 480 648 quemcumque
513 594 818 650 magistratum
849 597 978 649 petet,
1009 595 1072 636 ita
1096 595 1258 649 haberi,
1288 597 1338 637 ut
1363 595 1513 637 haberi

171 667 245 706 per
282 652 399 708 leges
432 652 596 706 liceret,
635 653 670 694 si
704 667 814 695 anno
847 653 1064 708 superiore
1097 656 1301 708 quaestor
1331 653 1512 696 fuisset?

117 718 154 749 27
174 711 283 760 Quid
316 714 382 753 est
415 711 545 766 enim,
576 714 722 766 patres
755 712 1006 767 conscripti,
1038 727 1111 754 cur
1144 727 1241 754 eum
1270 727 1358 754 non
1384 727 1512 767 quam

169 770 357 824 primum
383 770 673 825 amplissimos
699 771 884 813 honores
910 785 1059 826 capere
1086 771 1336 826 cupiamus?
1389 770 1512 827 Legi·
1533 786 1566 812 io

170 828 249 870 bus
283 829 395 870 enim
429 829 654 871 annalibus
687 844 783 872 cum
815 830 1087 885 grandiorem
1120 833 1307 872 aetatem
1337 830 1391 872 ad
1417 845 1512 873 con—

170 887 359 929 sulatum
397 888 736 943 constituebant,
774 888 1087 931 adulescentiae
1126 889 1416 931 temeritatem
1448 903 1513 931 ve-

169 946 397 1001 rebantur3
422 945 468 990 C.
494 945 652 989 Caesar
677 947 850 989 ineunte
877 950 1019 989 aetate
1046 947 1192 990 docuit
1212 948 1265 990 ab
1286 948 1512 990 excellenti

170 1005 406 1060 eximiaque
450 1005 610 1048 virtute
655 1020 933 1062 progressum
976 1007 1131 1048 aetatis
1173 1007 1388 1062 expectari
1425 1021 1512 1049 non

169 1067 379 1119 oportere.
442 1063 593 1120 Itaque
627 1065 809 1107 maiores
835 1065 975 1108 nostri
1000 1068 1165 1108 veteres
1191 1065 1256 1106 illi
1282 1065 1512 1108 admodum
1534 1079 1565 1106 1⁵

169 1123 337 1178 antiqui
368 1123 485 1178 leges
518 1124 692 1166 annales
723 1139 809 1166 non
839 1124 1070 1178 habebant,
1103 1139 1208 1179 quas
1237 1124 1385 1166 multis
1411 1127 1512 1179 post

170 1182 291 1224 annis
320 1182 470 1223 attulit
490 1182 768 1237 ambitio,„ut
805 1183 961 1238 gradus
999 1187 1112 1225 esset
1147 1183 1369 1239 petitionis
1401 1183 1514 1226 inter

169 1241 380 1295 aequales.
431 1240 499 1282 Ita
525 1256 650 1295 saepe
676 1255 833 1297 magna
858 1241 1022 1283 indoles
1048 1241 1234 1294 virtutis,
1260 1240 1512 1294 priusquam

117 1311 157 1342 18
171 1299 234 1341 rei
265 1299 462 1353 publicae
489 1300 690 1353 prodesse
717 1300 942 1354 potuisset,
974 1299 1164 1341 extincta
1191 1301 1268 1340 est.
1323 1298 1384 1340 At
1411 1312 1510 1340 vero

170 1358 282 1413 apud
326 1358 527 1412 antiquos
572 1357 708 1411 Rulli,
759 1357 898 1412 Decii,
948 1356 1123 1400 Corvini
1167 1357 1378 1410 multique
1423 1356 1510 1410 alii,
1531 1369 1565 1395 πο

170 1416 404 1458 recentiore
455 1419 599 1457 autem
650 1416 856 1458 memoria
905 1416 1099 1470 superior
1160 1415 1408 1469 Africanus,
1463 1414 1511 1457 T.

170 1474 438 1517 Flamininus
461 1475 690 1517 admodum
711 1475 1003 1516 adulescentes
1025 1474 1219 1516 consules
1240 1473 1345 1516 facti
1365 1476 1512 1516 tantas

171 1548 239 1575 res
279 1537 522 1589 gesserunt,
560 1536 609 1575 ut
647 1534 794 1588 populi
827 1533 1010 1575 Romani
1042 1533 1270 1587 imperium
1303 1533 1512 1587 auxerint,

169 1607 324 1634 nomen
368 1592 573 1634 ornarint.
643 1592 782 1642 Quid?
822 1591 997 1634 Macedo
1037 1591 1279 1633 Alexander
1321 1605 1419 1633 cum
1457 1592 1510 1633 ab

169 1651 341 1693 ineunte
387 1654 526 1693 aetate
565 1666 631 1692 res
670 1651 878 1692 maximas
917 1665 1064 1706 gerere
1102 1650 1332 1705 coepisset,
1368 1664 1508 1692 nonne
1528 1662 1562 1689 2⁶

170 1710 300 1752 tertio
351 1712 394 1751 et
444 1710 662 1752 tricesimo
713 1725 823 1752 anno
874 1712 1059 1751 mortem
1109 1709 1247 1751 obiit?
1291 1722 1399 1763 quae
1444 1711 1511 1750 est

170 1771 288 1811 aetas
325 1769 486 1811 nostris
525 1769 692 1825 legibus
731 1769 875 1810 decem
914 1768 1036 1810 annis
1075 1768 1214 1809 minor
1253 1781 1383 1822 quam
1414 1781 1510 1810 con-

170 1828 335 1870 sularis.
403 1827 470 1869 Ex
514 1842 597 1882 quo
636 1828 816 1869 iudicari
853 1829 998 1882 potest
1035 1826 1210 1868 virtutis
1249 1840 1341 1868 esse
1380 1840 1509 1880 quam

106 1891 154 1934 18
171 1887 325 1928 aetatis
359 1901 531 1928 cursum
563 1887 820 1928 celeriorem.
883 1885 996 1927 Nam
1025 1885 1138 1940 quod
1163 1884 1204 1939 ii,
1237 1885 1306 1939 qui
1335 1883 1509 1927 Caesari

169 1945 371 1999 invident,
404 1946 608 1987 simulant
634 1959 678 1987 se
705 1945 867 1998 timere,
899 1959 950 1986 ne
978 1944 1207 1986 verendum
1233 1943 1405 1998 quidem
1431 1946 1509 1998 est,
1527 1955 1563 1981 ω

169 2007 218 2046 ut
251 2007 394 2045 tenere
427 2019 471 2046 se
500 2004 649 2058 possit,
681 2006 730 2045 ut
756 2003 974 2057 moderari,
1005 2017 1057 2044 ne
1083 2002 1321 2044 honoribus
1346 2002 1508 2044 nostris

112 2076 154 2106 19
170 2063 308 2104 elatus
342 2063 697 2117 intemperantius
731 2063 818 2104 suis
851 2062 1005 2116 opibus
1038 2064 1196 2103 utatur.
1258 2060 1324 2102 Ea
1353 2064 1508 2102 natura

171 2136 312 2163 rerum
349 2124 432 2176 est,
475 2125 620 2176 patres
660 2121 910 2175 conscripti,
952 2123 1018 2174 ut,
1063 2119 1136 2174 qui
1174 2134 1347 2162 sensum
1384 2132 1506 2160 verae

170 2180 333 2234 gloriae
378 2181 556 2234 ceperit,
601 2180 757 2234 quique
803 2194 846 2221 se
892 2179 943 2221 ab
983 2181 1152 2233 senatu,
1196 2179 1249 2220 ab
1288 2177 1505 2232 equitibus

171 2237 375 2280 Romanis
414 2239 656 2293 populoque
690 2238 883 2280 Romano
922 2238 1119 2279 universo
1158 2236 1339 2278 senserit
1370 2234 1558 2278 eivemsa

171 2310 316 2337 carum
359 2297 509 2338 haberi
553 2298 867 2352 salutaremque
909 2296 970 2338 rei
1008 2296 1221 2350 publicae,
1263 2293 1371 2335 nihil
1409 2309 1506 2336 cum

172 2352 249 2395 hac
289 2355 427 2409 gloria
465 2356 798 2410 comparandum
835 2358 967 2410 putet.
1035 2354 1212 2396 Utinam
1245 2351 1289 2395 C.
1322 2351 1506 2409 Caesari,
