1671 2543
169 71 226 112 68
340 70 392 105 IN
417 70 455 105 P.
481 69 727 105 VATINIUM
751 68 942 103 TESTEM
965 67 1343 104 INTERROGATIO.

171 194 268 220 cum
299 178 339 220 ei
369 178 536 233 patriae
568 177 751 232 peperci,
784 191 913 230 quam
945 191 1174 231 servaram,
1206 178 1260 230 et,
1293 175 1331 218 si
1362 189 1441 231 ego
1467 178 1512 217 te

169 237 433 292 perditorem
476 239 519 278 et
563 238 812 277 vexatorem
854 235 915 277 rei
958 235 1156 289 publicae
1200 234 1311 289 fero,
1354 237 1403 275 tu
1443 249 1511 276 me

170 299 518 338 conservatorem
562 297 605 336 et
646 294 869 336 custodem
904 293 1029 335 feras.
1096 293 1261 335 Deinde
1301 293 1392 334 eius
1431 293 1512 334 viri

171 355 407 396 discessum
437 354 653 407 increpas,
685 367 812 406 quem
843 353 960 393 vides
994 352 1186 394 omnium
1217 352 1376 393 civium
1406 351 1513 393 desi-

171 413 307 468 derio,
343 413 479 467 ipsius
519 412 700 466 denique
737 411 799 452 rei
836 411 1033 465 publicae
1067 411 1188 452 luctu
1220 425 1312 452 esse
1343 424 1513 452 revoca·
1549 425 1567 452 5

171 475 276 513 tum.
349 472 410 513 At
460 471 574 512 enim
618 470 766 511 dixisti
807 484 894 511 non
937 484 1048 523 mea,
1097 470 1171 511 sed
1210 469 1272 510 rei
1314 469 1514 523 publicae

172 545 302 572 causa
337 530 535 571 homines
571 529 621 570 de
654 543 749 569 meo
781 528 923 569 reditu
952 528 1184 570 laborasse.
1247 528 1381 577 Quasi
1411 542 1513 569 vero

173 589 401 643 quisquam
441 588 507 629 vir
543 587 768 629 excellenti
806 587 949 628 animo
987 587 1033 628 in
1068 601 1158 628 rem
1195 587 1414 641 publicam
1453 586 1515 627 in-

173 662 346 702 gressus
375 646 609 701 optabilius
636 646 866 700 quicquam
892 646 1128 686 arbitretur
1154 659 1282 700 quam
1309 660 1353 686 se
1380 659 1403 686 a
1425 645 1513 686 suis

138 712 159 742 8
175 707 339 748 civibus
372 706 435 746 rei
464 705 662 759 publicae
693 719 821 746 causa
846 704 980 759 diligi.
1044 703 1218 745 Scilicet
1243 718 1396 758 aspera
1419 717 1515 744 mea
1534 719 1568 744 1ο

172 768 339 818 natura,
365 764 555 805 difficilis
576 763 731 817 aditus,
751 763 896 818 gravis
916 763 1072 817 voltus,
1092 762 1279 817 superba
1296 776 1515 816 responsa,

174 823 362 865 insolens
398 823 505 875 vita3
543 836 669 863 nemo
703 822 1055 863 consuetudinem
1086 836 1244 875 meam,
1282 835 1408 862 nemo
1439 820 1516 861 hu-

174 882 442 934 manitatem,
467 895 593 922 nemo
615 880 854 934 consilium,
876 895 1003 922 nemo
1025 880 1231 921 auxilium
1251 879 1516 934 requirebat3

175 941 295 981 0111113
321 940 545 993 (1031ᾶο110,
564 942 613 980 ut
632 939 738 980 haec
759 939 938 980 minima
958 938 1109 993 dicam,
1128 939 1270 980 forum
1289 940 1516 992 maestum,

175 1002 296 1040 muta
340 998 473 1051 curia,
518 998 663 1039 omnia
705 998 886 1051 denique
926 998 1138 1039 bonarum
1176 997 1336 1038 artium
1373 996 1517 1038 studia
1537 1011 1569 1037 15

175 1058 398 1098 siluerunt.
455 1055 539 1098 Sed
564 1056 672 1097 nihil
699 1056 758 1097 sit
783 1056 947 1097 factum
973 1071 1068 1097 mea
1094 1070 1240 1106 causa3
1271 1055 1416 1096 omnia
1439 1055 1518 1096 illa

176 1118 348 1157 senatus
382 1115 597 1168 consulta,
628 1115 778 1168 populi
809 1115 943 1169 iussa,
975 1113 1128 1156 Italiae
1159 1114 1314 1168 totius,
1347 1116 1517 1155 cuncta-

175 1188 271 1215 rum
310 1173 586 1226 societatum,
626 1173 907 1228 collegiorum
943 1173 1134 1213 omnium
1166 1173 1336 1214 decreta
1367 1173 1417 1213 de
1448 1186 1516 1213 me

176 1233 236 1274 rei
276 1232 473 1286 publicae
512 1246 640 1272 causa
679 1246 770 1272 esse
808 1231 924 1272 facta
960 1231 1184 1272 fateamur.
1252 1231 1363 1280 Quid
1400 1244 1517 1285 0180,

175 1291 305 1332 1101110
337 1290 660 1343 imperitissime
695 1290 855 1330 solidae
886 1289 1025 1330 laudis
1052 1304 1101 1330 ac
1126 1304 1250 1330 verae
1277 1289 1517 1344 dignitatis,
1536 1305 1570 1330 20

175 1349 468 1403 praestantius
503 1348 610 1389 mihi
641 1348 785 1402 potuit
818 1348 1025 1401 accidere,
1065 1348 1166 1402 quid
1198 1347 1432 1413 optabilius
1465 1323 1518 1388 ad

176 1407 536 1448 inmortalitatem
581 1407 743 1461 gloriae
782 1409 910 1460 atque
949 1407 1001 1447 ad
1039 1406 1291 1447 memoriam
1327 1406 1412 1448 mei
1444 1421 1518 1447 no·

177 1466 305 1506 minis
338 1465 657 1519 sempiternam,
690 1480 817 1518 quam
850 1465 988 1506 omnis
1020 1464 1103 1506 hoc
1134 1465 1239 1506 civis
1268 1479 1386 1506 meos
1412 1465 1518 1506 iudi-

178 1539 284 1577 care⁷
315 1523 504 1565 civitatis
533 1524 717 1564 salutem
744 1538 839 1564 cum
865 1523 990 1564 unius
1018 1538 1112 1564 mea
1138 1524 1276 1565 salute
1303 1538 1395 1564 esse
1422 1538 1519 1564 con-

142 1583 397 1624 9iimctam‘?
461 1581 584 1631 Quod
618 1582 788 1635 quidem
820 1596 899 1636 ego
932 1582 1013 1622 tibi
1045 1583 1173 1623 reddo
1206 1585 1341 1623 tuum.
1403 1581 1518 1623 Nam
1537 1598 1571 1624 25

177 1644 226 1682 ut
257 1643 306 1681 tu
343 1655 410 1681 me
450 1655 596 1682 carum
634 1655 725 1681 esse
764 1640 912 1681 dixisti
951 1641 1119 1682 senatui
1155 1641 1401 1696 populoque
1436 1640 1519 1682 Ro-

177 1714 304 1740 mano
336 1714 424 1740 non
455 1702 546 1740 tam
578 1714 674 1740 mea
706 1714 834 1740 causa
866 1714 994 1753 quam
1020 1700 1083 1740 rei
1107 1699 1317 1754 publicae,
1350 1699 1411 1740 310
1437 1713 1517 1754 080

177 1761 232 1812 te,
265 1772 526 1811 quamquam
558 1772 602 1799 es
636 1758 752 1799 omni
781 1757 955 1799 diritate
982 1761 1110 1811 atque
1135 1758 1406 1799 immanitate
1432 1760 1518 1798 tae-

177 1817 398 1869 terrimus,
436 1819 583 1857 tamen
619 1816 712 1857 dico
745 1830 838 1857 esse
871 1816 968 1857 odio
1002 1817 1169 1858 civitati
1200 1831 1288 1858 non
1317 1819 1408 1857 tam
1439 1819 1517 1857 tuo

179 1889 307 1928 quam
338 1875 399 1915 rei
430 1874 627 1929 publicae
658 1875 841 1916 nomine.
1537 1890 1572 1916 30

137 1937 165 1977 4
267 1933 411 1986 Atque
442 1936 492 1974 ut
524 1933 753 1987 aliquando
786 1934 839 1974 ad
870 1936 912 1974 te
945 1934 1131 1988 venia-m,
1166 1933 1217 1974 de
1248 1947 1315 1974 me
1346 1933 1429 1975 1100
1461 1933 1519 1974 sit

180 1993 427 2032 extremum.
473 1991 585 2040 Quid
612 1992 790 2045 quisque
817 1995 1015 2033 nostrum
1041 1992 1091 2033 de
1118 2006 1163 2033 se
1188 1992 1279 2045 ipse
1304 1991 1519 2045 loquatur,

178 2063 265 2090 non
297 2052 362 2089 est
394 2064 495 2090 sane
527 2050 845 2103 requirendum3
876 2051 980 2091 bom’
1010 2051 1092 2092 viri
1116 2051 1216 2103 quid
1237 2050 1444 2104 iudicent,
1473 2050 1519 2096 id

126 2119 166 2149 10
182 2109 247 2147 est
279 2108 454 2148 maximi
487 2108 694 2149 momenti
720 2112 763 2149 et
788 2109 1001 2162 ponderis.
1062 2108 1159 2150 Duo
1186 2110 1285 2149 sunt
1311 2110 1518 2162 tempora,

182 2165 335 2218 quibus
367 2170 617 2208 nostrorum
649 2166 806 2208 civium
838 2170 1086 2221 spectentur
1116 2167 1273 2208 iudicia
1304 2166 1354 2207 de
1380 2166 1518 2219 nobis,
1537 2181 1571 2208 35

180 2237 313 2263 unum
354 2223 550 2279 honoris,
595 2226 776 2266 alterum
823 2226 987 2267 salutis.
1053 2225 1203 2266 Honos
1248 2224 1326 2265 tali
1368 2225 1519 2279 populi

198 2279 366 2321 {omani
403 2282 625 2324 voluntate
663 2283 811 2337 paucis
850 2286 916 2324 est
954 2284 1120 2325 delatus
1159 2297 1208 2324 30
1240 2283 1363 2336 1111111,
1402 2284 1518 2325 331113
