1671 2543
540 80 642 114 CAP.
669 83 807 114 29—32
835 83 854 122 ἓ
882 83 1030 115 73—78.
1374 81 1457 122 401

114 187 323 242 publicae.
385 186 499 228 Nam
531 187 646 241 quod
678 188 928 242 quaerebas,
959 201 1043 242 quo
1077 188 1204 230 modo
1237 188 1463 229 redissem:

115 247 303 300 primum
328 246 434 300 luce,
458 260 545 287 non
571 246 773 300 tenebris,
800 246 950 288 deinde
978 260 1076 288 cum
1102 247 1255 289 calceis
1282 250 1326 288 et
1346 249 1462 302 toga,

115 305 245 346 nullis
287 319 366 346 nec
411 303 588 346 Gallicis
631 319 709 346 nec
752 305 934 346 lacerna.
1005 305 1065 346 At
1103 306 1236 347 etiam
1274 305 1460 359 adspicis

115 378 195 418 me,
226 365 270 404 et
302 363 484 417 quidem,
516 366 565 404 ut
596 363 765 418 videris,
796 364 946 405 iratus.
1008 363 1075 405 Ne
1105 367 1154 405 tu
1179 364 1266 405 iam
1292 379 1460 405 mecum

79 433 96 459 5
114 422 160 463 in
190 422 378 478 gratiam
409 422 570 476 redeas,
597 422 633 463 si
660 423 782 477 scias,
809 437 939 476 quam
964 436 1032 464 me
1057 423 1217 477 pudeat
1241 423 1459 477 nequitiae

114 485 226 535 tuae,
251 480 371 522 cuius
398 483 440 522 te
467 481 610 535 ipsum
634 496 722 523 non
746 481 889 536 pudet.
945 481 1013 522 Ex
1040 481 1232 523 omnium
1259 482 1459 523 omnibus

113 539 292 595 flagitiis
341 539 509 580 nullum
558 540 728 594 turpius
779 540 883 594 vidi,
932 540 1100 581 nullum
1144 539 1299 581 audivi.
1376 539 1460 590 Qui

113 598 323 654 magister
359 598 554 653 equitum
590 597 724 640 fuisse
762 598 843 640 tibi
881 598 1089 652 viderere,
1132 599 1178 640 in
1214 598 1461 653 proximum

116 672 275 698 annum
320 657 591 699 consulatum
639 660 806 711 peteres
851 657 917 698 vel
960 657 1107 711 potius
1148 671 1343 713 rogares,
1385 671 1462 712 per

62 727 95 751 10
114 715 348 770 municipia
388 715 664 769 coloniasque
698 715 876 770 Galliae,
908 730 929 756 e
969 730 1054 769 qua
1090 730 1169 757 nos
1208 718 1320 770 tum,
1363 730 1461 757 cum

115 774 364 815 consulatus
404 775 649 829 petebatur,
692 789 779 816 non
822 774 1077 830 rogabatur,
1121 776 1267 828 petere
1311 788 1460 816 consu-

115 833 250 874 latum
288 833 549 887 solebamus,
587 847 684 874 cum
717 832 895 875 Gallicis
935 835 978 874 et
1015 833 1187 874 lacerna
1219 833 1500 902 cucurristi.3

115 891 175 933 At
213 891 352 932 videte
384 891 607 933 levitatem
638 891 837 933 hominis.
900 890 1008 933 Cum
1040 891 1148 932 hora
1179 891 1264 932 diei
1296 891 1461 933 decima
1475 921 1516 952 77

114 949 202 992 fere
240 950 292 991 ad
326 948 438 991 Saxa
469 951 601 991 rubra
632 951 838 1005 venisset,
869 949 1041 992 delituit
1071 949 1117 991 in
1149 950 1334 1004 quadam
1366 964 1459 991 cau-

62 1018 95 1045 15
114 1008 275 1062 ponula
307 1011 436 1063 atque
465 1008 527 1049 ibi
552 1023 597 1050 se
624 1009 844 1050 occultans
871 1008 1117 1063 perpotavit
1143 1008 1195 1049 ad
1220 1022 1461 1063 vesperam3

114 1067 212 1108 inde
251 1066 356 1108 cisio
395 1066 592 1109 celeriter
629 1067 682 1108 ad
712 1068 863 1109 urbem
902 1067 1104 1109 advectus
1137 1067 1312 1108 domum
1342 1067 1461 1108 venit

115 1125 255 1179 capite
282 1125 500 1167 obvoluto.
557 1125 739 1167 Ianitor:
767 1125 888 1175 ‘Quis
915 1125 1007 1167 tu?’
1035 1125 1089 1166 ‘A
1115 1124 1262 1167 Marco
1284 1125 1460 1166 tabella-

115 1182 231 1225 rius?
295 1183 535 1226 Confestim
567 1185 619 1225 ad
652 1199 758 1244 eam,
790 1184 910 1226 cuius
943 1198 1072 1226 causa
1096 1186 1283 1237 venerat,
1317 1184 1461 1236 [dedu-

114 1243 243 1295 citur]
270 1242 393 1297 eique
421 1243 653 1297 epistulam
678 1243 868 1285 tradidit.
913 1242 1051 1292 Quam
1078 1257 1175 1284 cum
1200 1243 1277 1283 illa
1296 1242 1460 1298 legeret

63 1312 96 1336 20
116 1301 221 1343 flens
260 1300 372 1354 (erat
410 1302 524 1343 enim
557 1302 719 1356 scripta
751 1301 978 1355 amatorie3
1010 1303 1140 1356 caput
1172 1303 1316 1342 autem
1349 1301 1460 1342 litte-

116 1374 263 1401 rarum
314 1360 397 1401 sibi
442 1374 539 1401 cum
582 1360 658 1401 illa
699 1360 829 1401 mima
871 1360 1054 1414 posthac
1097 1359 1205 1401 nihil
1249 1359 1460 1413 futurum3

109 1432 288 1466 ‚omnem
315 1432 359 1459 se
386 1433 576 1460 amorem
603 1419 809 1461 abiecisse
835 1419 946 1460 illim
971 1421 1101 1473 atque
1126 1418 1172 1460 in
1192 1417 1304 1460 hanc
1324 1421 1458 1460 trans-

117 1475 313 1531 fudisse),
351 1491 448 1518 cum
480 1477 634 1519 mulier
665 1477 788 1519 fleret
819 1478 1012 1531 uberius,
1050 1477 1181 1518 homo
1215 1477 1459 1519 misericors

118 1534 227 1575 ferre
258 1548 345 1575 non
375 1535 531 1588 potuit,
563 1539 693 1590 caput
724 1536 904 1590 aperuit,
935 1536 980 1576 in
1013 1536 1171 1578 collum
1196 1535 1365 1576 invasit.
1423 1535 1458 1577 O

65 1603 98 1628 25
118 1591 335 1633 hominem
372 1594 572 1646 nequam!
642 1593 753 1643 Quid
791 1594 904 1636 enim
942 1594 1058 1635 aliud
1090 1593 1258 1635 dicam?
1320 1594 1459 1649 magis

118 1649 290 1705 proprie
320 1649 430 1691 nihil
461 1665 638 1704 possum
670 1652 820 1694 dicere.
875 1652 1006 1706 Ergo,
1037 1654 1088 1692 ut
1113 1654 1156 1692 te
1183 1650 1460 1706 Catamitum,

117 1722 195 1750 nec
227 1708 403 1762 opinato
437 1723 533 1750 cum
565 1712 607 1750 te
640 1710 919 1759 ostendisses,
949 1712 1123 1763 praeter
1154 1723 1274 1763 spem
1306 1710 1460 1752 mulier

119 1766 375 1821 adspiceret,
420 1766 576 1808 idcirco
620 1768 771 1808 urbem
809 1771 973 1809 terrore
1010 1770 1240 1821 nocturno,
1284 1766 1459 1809 Italiam

120 1825 354 1866 multorum
387 1824 551 1865 dierum
583 1828 700 1866 metu
731 1825 1026 1879 perturbasti?
1057 1825 1117 1866 Et
1142 1825 1258 1867 domi
1286 1826 1458 1880 quidem
1475 1834 1518 1865 78

67 1895 99 1919 30
120 1897 293 1925 causam
326 1883 484 1924 amoris
516 1883 720 1937 habuisti,
751 1883 856 1924 foris
889 1884 1020 1924 etiam
1052 1883 1302 1937 turpiorem,
1333 1899 1386 1926 ne
1412 1883 1459 1926 L.

120 1941 303 1983 Plancus
340 1941 517 1995 praedes
556 1944 654 1982 tuos
692 1942 904 1983 venderet.
965 1941 1206 1983 Productus
1239 1945 1385 1984 autem
1415 1942 1459 1984 in

120 2000 365 2042 contionem
397 2014 422 2040 a
453 1999 627 2041 tribuno
660 2000 716 2053 pl.
749 2015 846 2041 cum
878 2000 1171 2054 respondisses
1205 2003 1246 2042 te
1273 2000 1334 2042 rei
1360 2003 1458 2043 tuae

121 2067 249 2101 causa
274 2058 452 2109 venisse,
482 2059 690 2112 populum
716 2059 847 2099 etiam
873 2058 1059 2099 dicacem
1085 2058 1130 2099 in
1155 2061 1198 2100 te
1224 2059 1458 2101 reddidisti.

122 2116 204 2159 Sed
236 2116 364 2158 nimis
397 2116 533 2157 multa
565 2116 614 2157 de
646 2117 791 2171 nugis3
823 2117 874 2158 ad
907 2117 1070 2157 maiora
1101 2117 1334 2158 veniamus.

68 2186 102 2211 ³5
209 2174 254 2217 C.
287 2174 459 2217 Caesari
497 2188 547 2215 ex
579 2174 790 2228 Hispania
827 2175 1022 2216 redeunti
1061 2175 1114 2216 ob
1153 2175 1267 2216 viam
1298 2176 1457 2231 longis-
1472 2177 1528 2218 32

122 2233 228 2274 sime
253 2232 514 2288 processisti.
570 2231 777 2274 Celeriter
802 2233 887 2286 isti,
913 2233 1074 2284 redisti,
1105 2235 1154 2274 ut
1180 2238 1458 2289 cognosceret

122 2294 166 2332 te
203 2292 240 2332 si
276 2293 415 2333 minus
455 2290 628 2345 fortem,
667 2295 712 2332 at
747 2295 892 2333 tamen
924 2294 1158 2333 strenuum.
1222 2292 1255 2333 F
1260 2295 1381 2335 actus
1413 2307 1458 2335 es

193 2365 263 2392 010.
283 2367 325 2391 11.
346 2368 370 2391 3.
1199 2364 1245 2394 26
