1671 2543
563 75 662 110 CAP.
690 79 780 110 6—9
807 80 826 118 ,0
854 80 1001 112 15-23.
1370 77 1459 118 265

116 183 278 225 violare
315 198 403 225 non
435 183 580 225 debeo.
644 183 840 233 Quocum
871 199 938 225 me
971 184 1008 225 si
1040 186 1139 225 ante
1172 183 1247 226 Cn.
1279 184 1459 239 Pompei

117 242 353 284 auctoritas
385 242 430 283 in
462 242 649 298 gratiam
673 257 760 284 non
787 243 1039 297 reduxisset,
1069 258 1183 284 nunc
1209 243 1296 284 iam
1321 243 1458 297 ipsius

115 301 292 342 fortuna
318 301 548 342 reduceret.
601 300 683 343 Sed
710 304 866 355 tamen,
900 317 997 343 cum
1022 302 1084 342 ita
1110 302 1228 356 dicis,
1259 301 1457 343 Postumi
1473 309 1519 340 20

117 360 307 414 impulsu
341 358 572 401 Gabinium
609 359 852 414 profectum
888 361 1211 415 Alexandriam,
1251 361 1288 402 si
1320 361 1459 402 defen-

81 418 230 459 5si0ni
275 417 432 459 Gabini
475 419 602 460 fidem
644 433 732 460 non
770 419 923 470 habes,
969 419 1289 461 obliviscerisne
1328 420 1460 461 etiam

119 477 407 518 accusationis
440 478 568 519 tuae?
626 477 836 519 Gabinius
869 493 913 519 se
946 478 989 518 id
1020 478 1171 520 fecisse
1204 479 1373 520 dicebat
1399 479 1461 519 rei

117 536 316 590 publicae
349 550 494 591 causa,
530 537 644 590 quod
676 537 856 578 classem
891 536 1092 578 Archelai
1124 537 1315 588 timeret,
1348 538 1462 591 quod

119 609 236 635 mare
280 594 486 636 refertum
527 595 618 636 fore
655 595 920 650 praedonum
957 598 1149 650 putaret,
1191 596 1287 651 lege
1327 597 1461 638 etiam

118 653 162 694 id
194 653 277 695 sibi
308 654 481 695 licuisse
513 654 693 695 dicebat.
742 654 808 695 Tu
838 654 1038 696 inimicus
1069 668 1214 709 negas.
1263 654 1461 710 Ignosco,

69 725 102 750 ιο
122 714 166 753 013
198 727 247 753 00
280 713 431 767 magis,
465 713 577 766 quod
610 716 675 754 est
708 715 858 754 contra
886 713 994 754 illud
1020 713 1266 755 iudicatum.
1316 713 1460 755 Redeo

121 771 257 826 igitur
289 772 341 812 ad
374 772 534 812 crimen
565 774 608 812 et
640 772 958 813 accusationem
990 775 1128 826 tuam,
1161 772 1233 826 qui
1258 772 1518 813 vocifera-21

120 830 223 870 bare
269 830 414 870 decem
457 830 577 871 milia
620 831 833 871 talentum
873 830 1057 872 Gabinio
1103 845 1194 871 esse
1237 831 1462 885 promissa.

121 889 151 942 †
171 887 284 929 Huic
309 888 508 930 videlicet
533 889 793 943 perblandus
820 889 1092 943 reperiendus
1112 889 1208 943 fuit,
1236 890 1309 943 qui
1327 889 1464 931 homi-

120 961 237 1000 nem,
268 949 318 988 ut
350 950 398 988 tu
429 947 506 997 vis,
542 947 841 988 avarissimum
874 950 1081 998 exoraret,
1114 948 1364 989 sestertium
1395 949 1462 989 bis

70 1020 102 1045 15
123 1005 292 1046 miliens
333 1008 375 1046 et
414 1006 794 1061 quadringentiens
830 1021 883 1047 ne
921 1021 1078 1061 magno
1118 1021 1244 1061 opere
1277 1010 1464 1048 contem-

121 1067 255 1105 neret.
295 1062 504 1105 Gabinius
531 1065 649 1118 illud,
676 1079 846 1119 quoquo
876 1065 1053 1106 consilio
1079 1065 1195 1118 fecit,
1219 1065 1324 1106 fecit
1350 1069 1463 1107 certe

124 1137 221 1177 suo3
247 1137 539 1177 quaecumque
566 1138 685 1165 mens
711 1123 787 1165 illa
812 1124 906 1178 fuit,
934 1122 1091 1165 Gabini
1116 1123 1211 1165 fuit.
1255 1123 1352 1165 Sive
1378 1125 1464 1177 ille,

122 1184 172 1222 ut
209 1181 301 1235 ipse
341 1182 526 1232 dicebat,
565 1183 767 1237 gloriam,
807 1183 911 1236 sive,
949 1185 999 1223 ut
1034 1185 1085 1223 tu
1119 1183 1201 1233 vis,
1238 1183 1464 1237 pecuniam

124 1240 354 1294 quaesivit,
393 1240 492 1290 sibi,
536 1255 618 1282 non
654 1241 828 1283 Rabirio
865 1242 1081 1294 quaesivit;
1121 1240 1321 1283 Rabirius
1357 1243 1465 1283 enim

70 1313 104 1338 20
122 1313 210 1340 non
243 1297 401 1340 Gabini
433 1314 575 1341 comes
592 1300 696 1352 '[vel
723 1302 928 1353 sectator]
956 1315 1034 1342 nec
1061 1300 1113 1341 ad
1141 1299 1311 1354 Gabini,
1344 1301 1463 1342 cuius

123 1357 168 1398 id
203 1358 429 1412 negotium
465 1367 553 1400 n'on
590 1362 701 1413 erat,
739 1359 812 1400 sed
850 1359 902 1400 ad
933 1359 992 1400 P:
1011 1358 1204 1409 Lentuli,
1236 1359 1465 1401 clarissimi

123 1416 218 1470 viri,
245 1417 552 1472 auctoritatem
578 1432 602 1458 a
628 1420 779 1458 senatu
804 1417 1044 1472 profectam
1069 1420 1112 1458 et
1138 1418 1318 1460 consilio
1346 1421 1464 1460 certo

115 1477 172 1515 ‘et
203 1488 278 1528 spe
308 1489 397 1516 non
428 1473 570 1531 dubia·
588 1475 728 1523 Roma
760 1477 1049 1518 contenderat.

215 1533 275 1573 At
313 1533 524 1586 dioecetes
562 1534 647 1575 fuit
681 1535 838 1590 regius.
898 1535 958 1576 Et
992 1535 1163 1589 quidem
1194 1535 1240 1576 in
1272 1536 1465 1577 custodia
1480 1547 1524 1577 22

74 1606 107 1631 ‘25
129 1590 260 1631 etiam
296 1590 380 1631 fuit
417 1592 552 1646 regia,
591 1595 634 1633 et
670 1594 730 1634 vis
767 1593 880 1634 vitae
919 1594 1009 1634 eius
1046 1593 1179 1634 allata
1214 1608 1349 1647 paene
1381 1597 1466 1647 est3

127 1649 263 1690 multa
307 1652 546 1702 praeterea,
590 1665 697 1704 quae
734 1651 868 1692 libido
907 1652 1040 1705 regis,
1085 1665 1192 1704 quae
1230 1652 1465 1693 necessitas

128 1707 271 1762 coegit
308 1707 437 1758 ferre,
480 1709 670 1761 pertulit.
741 1709 932 1758 Quarum
971 1710 1163 1750 omnium
1201 1724 1344 1750 rerum
1381 1725 1467 1750 una

128 1765 402 1820 reprehensio
435 1769 513 1819 est,
545 1767 657 1819 quod
688 1781 868 1821 regnum
899 1767 1086 1820 intrarit,
1119 1767 1231 1820 quod
1256 1768 1467 1821 potestati

130 1838 174 1865 se
218 1824 332 1878 regis
378 1824 652 1865 commiserit.
725 1825 888 1865 Verum
933 1825 970 1865 si
1014 1825 1275 1879 quaerimus,
1322 1826 1467 1868 stulte.

76 1897 110 1922 30
131 1882 242 1931 Quid
281 1882 394 1922 enim
433 1882 608 1923 stultius
648 1897 776 1936 quam
809 1883 997 1936 equitem
1029 1883 1273 1924 Romanum
1305 1898 1356 1924 ex
1386 1883 1468 1925 hac

129 1941 247 1993 urbe,
277 1940 416 1990 huius,
448 1941 636 1994 inquam,
667 1941 728 1981 rei
753 1941 951 1994 publicae
978 1942 1125 1991 civem,
1158 1956 1265 1995 quae
1291 1945 1358 1982 est
1382 1957 1469 1983 una

129 1999 314 2039 maxime
352 2002 395 2040 et
429 1998 513 2039 fuit
545 2013 712 2052 semper
742 1999 895 2049 libera,
933 2000 1076 2040 venire
1109 2000 1155 2040 in
1186 2014 1283 2040 eum
1314 2000 1468 2054 locum,

128 2057 204 2098 ubi
241 2057 475 2111 parendum
514 2057 640 2098 alteri
675 2060 718 2098 et
749 2058 1019 2098 serviendum
1051 2058 1138 2098 sit‘?
1197 2057 1279 2099 Sed
1312 2071 1390 2113 ego
1423 2046 1508 2099 in9

129 2115 212 2157 hoc
238 2119 384 2157 tamen
403 2115 612 2156 Postumo
637 2130 724 2156 non
748 2116 981 2170 ignoscam,
1006 2116 1172 2157 homini
1195 2106 1527 2157 mediocriter23

79 2188 112 2213 35
132 2173 270 2228 docto,
298 2176 344 2215 in
377 2188 460 2228 quo
493 2174 661 2214 videam
693 2174 1034 2228 sapientissimos
1065 2174 1261 2215 homines
1294 2189 1385 2215 esse
1411 2175 1469 2215 la-

130 2233 265 2285 psos?
303 2232 459 2274 Virum
478 2247 612 2273 unum
632 2232 768 2273 totius
790 2231 992 2274 Graeciae
1013 2232 1138 2274 facile
1160 2233 1470 2288 doctissimum,

131 2288 378 2344 Platonem,
408 2290 638 2344 iniquitate
668 2289 869 2344 Dionysi,
902 2289 1072 2332 Siciliae
1104 2292 1289 2345 tyranni,
1325 2292 1392 2332 cui
1424 2305 1469 2333 se
