1671 2543
232 99 319 145 206
598 102 690 137 PRo
718 101 790 137 CN.
815 101 1021 137 PLANCIO
1049 101 1239 138 ORA'rIo.

232 211 278 252 in
310 226 496 266 causam,
527 225 698 265 sperare
729 210 877 251 videor
907 212 1078 251 tantum
1111 210 1328 252 afuturam
1358 225 1451 253 esse
1479 226 1570 253 ora—

234 270 395 311 tionem
433 284 573 311 meam
611 284 636 310 a
676 268 855 309 minima
890 269 1133 323 suspicione
1172 269 1419 311 offensionis
1457 272 1569 325 tuae,

232 332 275 370 te
315 332 365 369 ut
401 329 547 383 potius
588 327 830 382 obiurgem,
873 327 988 381 quod
1024 327 1221 381 iniquum
1256 328 1303 369 in
1340 328 1566 370 discrimen

233 387 416 428 adducas
449 386 707 441 dignitatem
739 388 870 440 tuam,
902 400 1031 439 quam
1057 389 1106 427 ut
1132 401 1227 427 eam
1253 400 1333 442 ego
1359 387 1449 428 ulla
1473 402 1570 428 con-

232 446 411 486 tumelia
449 459 576 486 coner
614 444 839 499 attingere.
900 444 964 485 Tu
1002 445 1331 498 continentiam,
1368 448 1416 486 tu
1449 445 1568 487 indu·
1605 457 1621 482 5

233 504 396 558 striam,
431 506 480 544 tu
511 503 702 544 animum
734 503 780 543 in
810 517 900 544 rem
931 503 1161 557 publicam,
1192 507 1241 545 tu
1271 504 1489 557 virtutem,
1519 507 1570 545 tu

230 562 537 615 innocentiam,
577 565 625 602 tu
656 561 802 615 fidem,
840 563 890 602 tu
920 561 1090 603 labores
1122 565 1240 616 tuos,
1273 563 1387 617 quod
1418 563 1568 604 aedilis

229 636 317 662 non
347 621 406 662 sis
438 621 591 674 factus,
625 620 788 661 fractos
821 634 913 660 esse
946 623 988 661 et
1020 621 1211 662 abiectos
1245 624 1288 662 et
1319 621 1568 675 repudiatos

229 679 386 733 putas?
447 678 557 720 Vide
588 678 780 730 tandem,
815 677 1080 733 Laterensis,
1113 682 1324 733 quantum
1355 693 1434 735 ego
1467 694 1493 721 a
1524 683 1568 721 te

230 737 492 794 dissentiam.
561 736 606 778 Si
650 737 815 778 medius
858 737 985 778 fidius
1029 738 1174 779 decem
1219 738 1302 779 soli
1342 741 1486 779 essent
1523 739 1569 779 in
1589 751 1623 775 ιο

232 796 405 838 civitate
438 796 519 837 viri
550 796 671 850 boni,
707 796 942 849 sapienteS,
973 796 1095 850 iusti,
1127 810 1297 851 graves,
1330 797 1403 850 qui
1434 800 1477 838 te
1508 797 1569 838 in-
1627 812 1634 820 ·

231 855 408 909 dignum
452 854 672 896 aedilitate
716 854 1040 909 iudicavissent,
1082 855 1256 910 gravius
1294 855 1345 896 de
1382 858 1426 896 te
1463 855 1569 896 iudi-

231 917 374 954 catum
405 916 621 968 putarem,
655 927 783 967 quam
815 916 882 954 est
912 913 1013 967 hoc,
1046 914 1159 968 quod
1190 916 1239 955 tu
1271 914 1428 955 metuis
1458 929 1512 955 ne
1544 929 1569 955 a

230 972 388 1026 populo
428 972 666 1013 iudicatum
704 986 796 1013 esse
831 972 1038 1013 videatur.
1100 971 1200 1013 Non
1232 973 1346 1014 enim
1379 973 1566 1014 comitiis

229 1030 391 1071 iudicat
417 1045 585 1084 semper
609 1030 806 1084 populus,
833 1031 906 1072 sed
927 1033 1123 1072 movetur
1141 1031 1393 1085 plerumque
1415 1032 1566 1087 gratia,
1588 1042 1620 1067 15

230 1089 342 1130 cedit
366 1089 577 1143 precibus,
603 1089 709 1130 facit
736 1103 820 1143 eos,
847 1104 872 1130 a
898 1089 1053 1143 quibus
1075 1092 1141 1130 est
1161 1090 1344 1130 maxime
1366 1090 1567 1145 ambitus,

230 1148 422 1201 denique,
443 1148 614 1188 etiamsi
633 1147 806 1201 iudicat,
825 1162 913 1189 non
932 1148 1091 1189 dilectu
1107 1148 1250 1202 aliquo
1266 1151 1340 1189 aut
1355 1149 1568 1203 sapientia

229 1206 399 1247 ducitur
430 1206 482 1246 ad
513 1206 805 1259 iudicandum,
838 1206 912 1247 sed
943 1206 1108 1260 impetu
1139 1221 1227 1248 non
1256 1221 1492 1261 numquam
1523 1210 1567 1248 et

230 1264 413 1318 quadam
445 1264 577 1305 etiam
605 1265 860 1305 temeritate.
911 1263 1011 1305 Non
1037 1267 1103 1306 est
1129 1265 1243 1306 enim
1269 1266 1496 1307 consilium
1521 1266 1567 1306 in

228 1323 370 1377 vulgo,
394 1337 483 1363 non
501 1322 626 1376 ratio,
651 1337 738 1364 non
759 1322 998 1376 discrimen,
1017 1337 1105 1364 non
1125 1323 1361 1378 diligentia,
1382 1338 1564 1378 semper·
1584 1336 1618 1360 20

230 1395 310 1434 que
342 1381 559 1435 sapientes
593 1395 659 1435 ea,
692 1395 798 1434 quae
830 1381 1015 1435 populus
1044 1381 1233 1435 fecisset,
1264 1381 1448 1436 ferenda,
1479 1397 1567 1424 non

229 1453 398 1493 semper
434 1439 647 1480 laudanda
684 1439 906 1480 duxerunt.
971 1439 1129 1494 Quare,
1167 1454 1265 1482 cum
1302 1443 1345 1482 te
1384 1441 1566 1482 aedilem

228 1497 322 1538 fieri
356 1497 597 1551 oportuisse
631 1497 747 1552 dicis,
778 1497 929 1551 populi
955 1498 1136 1552 culpam,
1167 1513 1255 1540 non
1281 1499 1564 1553 conpetitoris

175 1568 214 1598 10
229 1570 415 1597 accusas.
484 1555 546 1598 Ut
588 1555 719 1597 fueris
758 1556 929 1611 dignior
967 1570 1095 1610 quam
1133 1556 1333 1598 Plancius
1374 1558 1442 1611 (de
1481 1572 1564 1612 quo

227 1614 321 1668 ipso
360 1617 503 1655 tecum
538 1615 601 1655 ita
633 1615 888 1656 contendam
918 1615 1046 1668 paulo
1079 1618 1197 1669 post,
1233 1619 1284 1657 ut
1316 1630 1564 1658 conservem
1583 1627 1617 1652 25

228 1672 484 1727 dignitatem
500 1671 639 1728 tuam)
659 1697 707 1703 —
726 1673 800 1714 sed
813 1676 863 1714 ut
876 1672 1007 1714 fueris
1023 1674 1203 1729 dignior,
1216 1689 1303 1715 non
1312 1675 1564 1729 conpetitor,

227 1745 253 1772 a
283 1745 367 1785 quo
401 1745 445 1773 es
471 1731 622 1785 victus,
655 1731 729 1773 sed
754 1732 950 1786 popuIUS,
983 1746 1008 1773 a
1034 1746 1117 1786 quo
1145 1747 1188 1774 es
1215 1734 1487 1787 praeteritus,
1519 1734 1565 1774 in

228 1789 353 1843 culpa
379 1792 455 1831 est.
498 1789 551 1831 In
577 1804 660 1844 quo
686 1790 792 1831 illud
817 1791 1005 1844 primum
1025 1791 1152 1832 debes
1172 1794 1338 1846 putare,
1365 1792 1564 1846 comitiis,

225 1848 481 1902 praesertim
502 1849 719 1903 aediliciis,
740 1849 931 1890 studium
951 1863 1043 1890 esse
1060 1849 1221 1904 populi,
1239 1864 1327 1891 non
1339 1850 1563 1903 iudicium3

227 1907 445 1947 eblandita
475 1907 569 1961 illa,
605 1922 693 1949 non
724 1908 946 1949 enucleata
978 1922 1069 1949 esse
1102 1908 1324 1963 suffragia3
1361 1922 1451 1962 eos,
1488 1909 1561 1962 qui
1580 1919 1615 1944 3⁰

227 1965 479 2020 suffragium
497 1965 650 2019 ferant,
678 1966 779 2020 quid
800 1966 951 2021 cuique
970 1966 1054 2021 ipsi
1073 1966 1267 2020 debeant,
1294 1967 1563 2008 considerare

225 2023 406 2077 saepius,
436 2038 565 2078 quam
592 2024 694 2078 quid
721 2025 874 2078 cuique
900 2039 925 2066 a
950 2039 995 2066 re
1020 2025 1194 2079 publica
1218 2025 1434 2066 debeatur.
1485 2023 1562 2066 Sin

226 2085 369 2122 autem
401 2083 538 2124 mavis
571 2097 663 2124 esse
695 2083 910 2137 iudicium,
941 2098 1028 2124 non
1058 2083 1140 2124 tibi
1168 2083 1212 2124 id
1237 2082 1560 2124 rescindendum

171 2152 209 2181 11
227 2143 304 2193 est,
337 2140 410 2181 sed
441 2140 673 2182 ferendum.
725 2141 852 2182 ‘Male
881 2141 1085 2183 iudicavit
1110 2141 1320 2195 populus.'
1369 2140 1431 2181 At
1455 2141 1560 2181 iudi·

227 2198 350 2238 cavit.
401 2198 515 2240 ‘Non
540 2199 714 2241 debuit.⁹
757 2199 819 2241 At
843 2200 998 2253 potuit.
1041 2198 1102 2241 ‘N
1106 2214 1160 2241 on
1184 2198 1302 2240 fer0.'
1346 2198 1407 2239 At
1432 2199 1559 2240 multi
1580 2210 1613 2235 35

227 2255 453 2297 clarissimi
493 2260 538 2298 et
576 2258 883 2313 sapientissimi
922 2258 1033 2299 cives
1071 2258 1274 2299 tulerunt.
1328 2256 1410 2298 Est
1446 2258 1560 2298 enim

225 2312 329 2354 haec
356 2314 546 2356 condicio
568 2316 803 2357 liberorum
821 2317 1081 2370 populorum
1099 2315 1409 2369 praecipueque
1430 2315 1557 2356 huius

191 427 215 462 4

198 482 217 512 9
