1671 2543
200 95 290 136 482
356 95 407 130 ΙΝ
434 95 481 131 M.
509 95 766 130 ANTONIUM
793 94 968 130 ORATIO
994 94 1260 130 PHILIPPICA
1287 95 1383 131 VIII.

203 202 349 258 generi
389 203 621 257 querellam
663 203 878 245 moderate
918 202 1051 257 ferat,
1089 217 1224 257 aequo
1264 203 1405 245 animo
1438 204 1545 245 latu-

202 276 298 303 rum
331 276 468 303 am1c1.

163 310 186 350 7
296 320 429 362 Venio
474 320 526 361 ad
565 319 753 374 reliquos
793 320 1048 373 consularis,
1093 335 1275 374 quorum
1315 335 1439 362 nemo
1478 324 1543 363 est

142 369 188 400 ²⁰
204 377 313 434 (iure
339 379 421 420 hoc
449 393 542 420 meo
570 379 696 432 dico),
727 379 830 432 quin
858 394 1022 421 mecum
1047 379 1207 420 habeat
1234 379 1421 433 aliquam
1449 393 1544 421 con-

203 438 466 479 iunctionem
517 438 693 492 gratiae,
744 437 816 478 alii
861 439 1109 491 maximam,
1158 438 1231 478 alii
1276 438 1543 492 mediocrem,
1576 455 1592 482 5

203 511 329 537 nemo
362 496 536 537 nullam.
594 495 732 545 Quam
766 496 989 538 hesternus
1023 497 1112 538 dies
1145 497 1282 550 nobis,
1315 497 1544 539 consulari-

205 556 283 596 bus
322 555 434 608 dico,
473 555 612 609 turpis
650 555 823 597 inluxit!
885 555 1048 597 Iterum
1084 555 1280 610 legatos?
1342 554 1470 609 Quid,
1507 556 1544 598 si

203 614 275 655 ille
315 614 475 655 faceret
512 614 734 655 inducias?
795 614 908 655 Ante
947 629 994 656 os
1033 615 1263 669 oculosque
1302 614 1543 670 legatorum

203 673 432 714 tormentis
458 670 672 714 Mutinam
704 673 958 726 verberavit,
990 687 1096 727 opus
1130 673 1384 714 ostendebat
1411 673 1544 714 muni-

203 732 449 786 tionemque
481 731 650 786 legatis,
681 745 733 772 ne
765 735 970 786 punctum
997 731 1167 786 quidem
1195 732 1415 786 temporis,
1446 746 1543 774 cum
1565 750 1596 775 ιο

205 791 335 845 legati
369 790 579 844 adessent,
612 791 878 845 oppugnatio
905 791 1142 844 respiravit.
1200 790 1266 832 Ad
1293 791 1405 832 hunc
1431 790 1544 846 lega-

203 849 301 890 tos‘?
339 849 442 891 cur?
481 864 535 890 an
572 852 621 890 ut
659 863 806 890 eorum
844 849 983 890 reditu
1020 849 1313 890 vehementius
1346 849 1544 903 pertime-

142 908 364 953 21scatis‘?
425 907 639 962 Equidem
674 923 771 950 cum
804 912 902 949 ante
935 908 1102 963 legatos
1135 908 1303 949 decerni
1334 923 1421 950 non
1452 922 1545 949 cen-

203 967 397 1020 suissem,
429 967 510 1008 hoc
542 982 608 1008 me
643 970 786 1008 tamen
819 967 1084 1020 consolabar,
1117 967 1243 1021 quod,
1275 981 1370 1008 cum
1397 966 1462 1007 illi
1489 967 1542 1008 ab

202 1026 393 1067 Antonio
427 1027 664 1080 contempti
697 1029 739 1066 et
772 1026 918 1067 reiecti
954 1026 1232 1067 revertissent
1254 1025 1596 1069 'renuntiantis-15

202 1088 383 1138 sentque
422 1084 588 1125 senatui
627 1099 712 1125 non
754 1085 878 1126 modo
920 1085 1040 1126 illum
1078 1085 1127 1125 de
1162 1083 1304 1125 Gallia
1342 1099 1427 1126 non
1463 1084 1545 1125 dis-

202 1144 400 1195 cessisse,
439 1143 501 1184 uti
540 1143 871 1197 censuissemus,
909 1143 981 1184 sed
1020 1157 1071 1184 ne
1110 1158 1134 1184 a
1166 1143 1335 1184 Mutina
1372 1142 1544 1197 quidem

202 1202 448 1256 recessisse,
485 1204 746 1256 potestatem
785 1202 867 1243 sibi
900 1201 950 1243 D.
984 1201 1108 1243 Bruti
1147 1201 1424 1243 conveniendi
1457 1215 1544 1243 non

202 1260 346 1314 fuisse,
371 1261 583 1314 sperabam
607 1260 698 1302 fore
719 1263 767 1302 ut
788 1275 935 1302 omnes
956 1260 1210 1302 inflammati
1231 1260 1340 1313 odio,
1367 1259 1542 1301 excitati

202 1319 347 1360 dolore
398 1319 547 1372 armis,
597 1319 736 1373 equis,
787 1320 888 1360 viris
932 1318 982 1359 D.
1027 1319 1163 1360 Bruto
1208 1318 1542 1360 subveniremus.
1563 1337 1597 1362 20

201 1376 294 1418 Nos
328 1377 457 1418 etiam
492 1377 780 1432 languidiores
814 1381 964 1431 postea
994 1376 1098 1418 facti
1132 1391 1291 1429 sumus,
1326 1391 1454 1430 quam
1486 1376 1542 1417 M.

203 1436 367 1478 Antoni
404 1451 491 1477 non
522 1436 661 1477 solum
695 1436 913 1477 audaciam
946 1439 989 1476 et
1021 1436 1176 1488 scelus,
1215 1435 1287 1476 sed
1320 1435 1451 1476 etiam
1483 1435 1542 1476 in-

143 1510 186 1540 22
204 1495 431 1536 solentiam
459 1494 787 1548 superbiamque
816 1495 1119 1549 perspeximus.
1170 1493 1347 1536 Utinam
1375 1493 1420 1534 L.
1442 1492 1544 1536 Cae-

203 1568 273 1595 sar
310 1554 490 1607 valeret,
531 1552 702 1594 Servius
743 1552 956 1607 Sulpicius
996 1554 1173 1593 viveret!
1215 1553 1349 1593 multo
1389 1552 1542 1594 melius

201 1612 306 1653 haec
345 1627 473 1654 causa
511 1615 711 1668 ageretur
748 1626 773 1652 a
811 1612 967 1665 tribus,
1006 1626 1133 1666 quam
1169 1626 1280 1652 nunc
1312 1611 1458 1666 agitur
1489 1611 1596 1656 abas

202 1686 298 1712 uno.
355 1670 562 1712 Dolenter
593 1671 674 1712 hoc
707 1670 845 1712 dicam
878 1671 1021 1724 potius
1055 1685 1183 1724 quam
1216 1669 1542 1712 contumeliose:

201 1729 390 1783 Deserti,
428 1729 604 1782 deserti,
637 1729 829 1783 inquam,
863 1744 1027 1782 sumus,
1058 1731 1202 1783 patres
1236 1728 1488 1783 conscripti,
1519 1743 1544 1769 a

202 1789 479 1843 principibus.
550 1787 630 1829 Sed
676 1788 820 1843 (saepe
865 1788 949 1828 iam
994 1787 1098 1842 dixi)
1145 1801 1290 1829 omnes
1335 1787 1377 1828 in
1419 1790 1542 1828 tanto

201 1847 404 1901 periculo,
438 1847 509 1901 qui
543 1850 656 1888 recte
689 1850 732 1888 et
765 1846 936 1888 fortiter
969 1846 1166 1899 sentient,
1199 1848 1323 1887 erunt
1352 1846 1544 1887 consula-

202 1920 282 1948 res.
328 1906 532 1947 Animum
558 1906 683 1947 nobis
711 1905 875 1946 adferre
904 1905 1033 1960 legati
1061 1905 1317 1958 debuerunt3
1343 1905 1542 1946 timorem
1562 1921 1597 1946 30

201 1965 441 2006 attulerunt
473 1964 751 2020 (quamquam
784 1964 888 2005 mihi
922 1964 1092 2018 quidem
1118 1961 1314 2017 nullum),
1349 1963 1544 2017 quamvis

201 2024 251 2065 de
284 2024 378 2076 illo,
414 2024 465 2064 ad
499 2038 624 2077 quem
658 2023 776 2064 missi
810 2026 928 2075 sunt,
963 2023 1066 2063 bene
1100 2022 1364 2076 existiment3
1402 2036 1427 2063 a
1458 2035 1542 2076 quo

160 2071 332 2123 8etiam
371 2082 574 2123 mandata
615 2084 881 2135 acceperunt.
944 2080 1026 2122 Pro
1066 2081 1115 2132 di,
1146 2080 1430 2122 immortales!
1468 2079 1542 2120 ubi

142 2131 185 2161 23
202 2144 268 2182 est
306 2141 377 2181 ille
418 2155 510 2182 mos
549 2140 770 2194 virtusque
809 2139 1049 2181 maiorum?
1117 2138 1161 2182 C.
1200 2139 1393 2193 Popilius
1431 2137 1542 2191 apud

203 2200 384 2240 maiores
427 2202 599 2241 nostros
644 2213 740 2240 cum
785 2199 837 2239 ad
875 2198 1138 2240 Antiochum
1182 2212 1327 2253 regem
1371 2197 1595 2251 legatusss

202 2258 358 2298 missus
392 2261 505 2299 esset
537 2260 580 2299 et
611 2258 752 2298 verbis
786 2260 959 2298 senatus
991 2257 1247 2310 nuntiasset,
1282 2258 1329 2297 ut
1360 2254 1412 2295 ab
1446 2254 1541 2295 Ale-

201 2316 385 2356 xandrea
419 2316 670 2370 discederet,
707 2330 834 2370 quam
868 2315 1109 2369 obsidebat,
1141 2329 1236 2356 cum
1268 2316 1437 2367 tempus
1468 2313 1541 2354 ille
