1671 2543
533 67 634 101 CAP.
660 70 800 100 41—44
826 71 845 108 ξ
872 69 1023 101 89—95.
1388 65 1442 107 41

111 175 349 218 accusando
382 173 535 230 (neque
568 174 684 216 enim
714 188 791 228 per
823 174 961 215 omnis
993 173 1079 215 fuit
1109 173 1221 215 idem
1252 173 1346 214 fieri
1376 188 1446 215 ne-

111 234 259 288 cesse),
288 236 333 276 at
359 237 473 276 certe
498 234 544 274 in
567 233 824 274 necessitate
850 232 1134 274 defendendae
1162 232 1315 273 salutis
1343 246 1444 274 suae

109 293 407 348 praesidioque
440 295 589 334 contra
619 292 707 333 vim
739 294 782 333 et
814 306 988 332 manum
1019 291 1303 346 conparando.
1457 317 1513 358 43

199 351 233 393 O
257 352 298 393 di
316 351 600 393 immortales!
625 365 854 404 quemnam
875 350 1101 391 ostenditis
1123 350 1285 391 exitum
1304 350 1442 403 nobis,
1458 377 1501 408 93

73 423 90 449 5
111 425 239 465 quam
278 425 398 464 spem
434 411 495 451 rei
532 409 728 464 publicae
769 409 912 450 datis?
980 412 1136 464 quotus
1172 409 1352 462 quisque
1384 409 1444 449 in-

109 470 306 511 venietur
334 472 458 510 tanta
483 469 641 510 virtute
668 468 744 521 vir,
778 469 850 521 qui
876 468 1086 522 optimam
1111 482 1324 522 quamque
1350 481 1444 509 cau-

110 543 202 569 sam
239 528 300 569 rei
338 528 534 582 publicae
568 527 871 581 amplectatur,
910 527 983 581 qui
1014 527 1138 568 bonis
1170 526 1274 567 viris
1307 526 1444 567 deser-

108 587 210 640 viat,
232 586 305 640 qui
325 586 507 628 solidam
526 586 697 627 laudem
716 600 944 639 veramque
965 586 1173 640 quaerat?
1218 599 1314 626 cum
1335 585 1444 626 sciat

110 645 192 687 duo
218 645 294 686 illa
319 645 381 686 rei
406 645 602 699 publicae
628 659 762 698 paene
785 644 887 698 fata,
915 643 1146 685 Gabinium
1168 646 1210 685 et
1229 643 1443 697 Pisonem,

56 717 90 742 10
110 704 294 745 alterum
325 704 496 745 haurire
529 704 685 746 cotidie
718 718 768 745 ex
798 703 1087 757 pacatissimis
1117 706 1245 757 atque
1272 702 1443 757 opulen-

109 763 291 804 tissimis
313 761 461 817 Syriae
485 763 602 818 gazis
628 762 940 803 innumerabile
966 762 1131 816 pondus
1153 761 1257 815 auri,
1282 761 1444 802 bellum

108 821 265 863 inferre
305 822 641 876 quiescentibus,
683 824 731 862 ut
769 836 917 862 eorum
953 823 1118 862 veteres
1155 820 1443 873 inlibatasque

109 880 281 922 divitias
308 881 353 921 in
377 880 761 935 profundissimum
783 880 1011 921 libidinum
1032 894 1206 920 suarum
1225 878 1444 934 gurgitem

108 939 353 993 profundat,
384 939 532 980 villam
564 939 786 980 aedificare
812 939 858 979 in
884 938 1018 979 oculis
1046 938 1236 979 omnium
1262 940 1443 989 tantam,

57 1011 90 1036 15
110 998 332 1053 tugurium
369 1001 418 1039 ut
455 998 541 1038 iam
579 997 774 1038 videatur
806 1011 897 1038 esse
928 997 1004 1037 illa
1035 997 1154 1050 villa,
1193 1011 1321 1050 quam
1352 996 1443 1050 ipse

110 1057 308 1097 tribunus
353 1057 410 1110 pl.
454 1057 617 1110 pictam
654 1056 758 1097 olim
794 1056 840 1096 in
878 1055 1150 1097 contionibus
1189 1054 1444 1109 explicabat,

111 1130 194 1169 quo
221 1115 508 1156 fortissimum
534 1130 583 1156 ac
609 1129 823 1155 summum
850 1115 985 1156 civem
1010 1114 1056 1155 in
1080 1113 1286 1155 invidiam
1311 1113 1441 1154 homo

110 1176 254 1216 castus
287 1188 335 1215 ac
365 1188 453 1215 non
484 1174 661 1228 cupidus
693 1176 883 1227 vocaret,
915 1173 1099 1214 alterum
1125 1172 1363 1213 Thracibus
1394 1178 1501 1212 acm

109 1232 322 1273 Dardanis
360 1232 548 1286 primum
582 1246 731 1286 pacem
762 1232 949 1272 maxima
980 1231 1161 1286 pecunia
1191 1230 1442 1283 vendidisse,

57 1304 92 1330 20
110 1291 277 1345 deinde,
311 1294 361 1332 ut
391 1291 455 1332 illi
486 1291 711 1346 pecuniam
743 1290 950 1332 conficere
981 1292 1177 1344 possent,
1208 1289 1443 1330 vexandam

110 1350 162 1391 iis
194 1349 489 1391 Macedoniam
521 1353 563 1391 et
595 1349 864 1404 spoliandam
895 1349 1140 1402 tradidisse,
1179 1348 1442 1401 eundemque

110 1409 224 1450 bona
255 1409 514 1450 creditorum
546 1408 703 1450 civium
728 1408 1022 1449 Romanorum
1052 1421 1148 1448 cum
1175 1406 1442 1448 debitoribus

112 1466 285 1509 Graecis
319 1467 531 1520 divisisse,
570 1481 721 1522 cogere
753 1467 954 1520 pecunias
990 1466 1197 1507 maximas
1231 1480 1256 1506 a
1286 1464 1444 1519 Dyrra-

111 1526 267 1580 chinis,
305 1526 489 1580 spoliare
520 1526 768 1579 Thessalos,
807 1527 968 1566 certam
1006 1524 1190 1566 Achaeis
1227 1524 1274 1564 in
1308 1538 1443 1564 annos

57 1599 92 1624 25
111 1585 304 1639 singulos
339 1585 564 1639 pecuniam
601 1584 878 1638 imperavisse
914 1598 1052 1637 neque
1091 1586 1236 1624 tamen
1274 1582 1364 1622 ullo
1399 1581 1445 1622 in

110 1643 282 1697 publico
327 1646 401 1684 aut
440 1643 644 1698 religioso
682 1643 776 1684 loco
816 1643 987 1696 signum
1026 1644 1100 1682 aut
1138 1641 1332 1682 tabulam
1370 1642 1444 1681 aut

112 1704 410 1743 ornamentum
435 1702 678 1755 reliquisse3
703 1701 802 1742 illos
829 1701 890 1741 sic
914 1701 1115 1753 inludere,
1142 1699 1297 1753 quibus
1319 1713 1443 1740 omne

112 1760 369 1815 supplicium
408 1762 536 1813 atque
575 1760 712 1801 omnis
743 1760 835 1800 iure
869 1762 1046 1812 optumo
1077 1772 1216 1811 poena
1247 1757 1444 1810 debetur3

111 1834 206 1861 reos
240 1833 331 1860 esse
362 1818 441 1859 hos
468 1818 586 1871 duos,
619 1833 725 1872 quos
751 1817 918 1859 videtis.
981 1816 1148 1858 Omitto
1174 1816 1261 1856 iam
1287 1815 1444 1856 Nume-

58 1893 93 1918 30
112 1878 235 1931 rium,
268 1876 509 1930 Serranum,
538 1876 720 1929 Aelium,
748 1875 1000 1930 quisquilias
1028 1874 1251 1915 seditionis
1279 1873 1444 1915 Clodia-

111 1951 209 1990 nae3
253 1936 326 1977 sed
363 1939 508 1976 tamen
543 1935 590 1976 hi
628 1949 796 1988 quoque
835 1933 965 1974 etiam
1003 1947 1116 1974 nunc
1152 1932 1355 1985 volitant,
1394 1934 1444 1972 ut

112 1994 286 2048 videtis,
318 2009 414 2048 nec,
447 1994 547 2035 dum
579 2007 654 2034 vos
687 1993 736 2033 de
768 1992 890 2033 vobis
923 1992 1085 2046 aliquid
1117 1990 1346 2044 timebitis,
1378 1989 1443 2031 illi

111 2068 315 2107 umquam
347 2054 397 2094 de
430 2067 474 2093 se
505 2052 823 2106 pertimescent.
1456 2083 1515 2125 44

198 2111 313 2153 Nam
351 2111 453 2165 quid
491 2124 570 2165 ego
609 2110 658 2151 de
697 2109 830 2150 aedile
867 2109 963 2163 ipso
998 2109 1168 2163 loquar,
1206 2108 1279 2161 qui
1312 2108 1443 2149 etiam
1457 2144 1501 2175 95

59 2185 92 2211 35
112 2170 223 2211 diem
260 2169 369 2211 dixit
406 2172 450 2211 et
484 2168 702 2210 accusavit
733 2168 783 2209 de
814 2167 856 2209 vi
888 2167 1123 2208 Milonem?
1190 2165 1341 2220 Neque
1372 2166 1443 2207 hic

112 2232 258 2269 tamen
296 2228 385 2269 ulla
421 2241 627 2281 umquam
657 2226 814 2267 iniuria
851 2226 1100 2279 adducetur,
1143 2227 1193 2266 ut
1230 2225 1443 2266 eum-tali

111 2287 270 2328 virtute
310 2289 515 2340 tantaque
550 2285 757 2327 firmitate
789 2285 920 2325 animi
952 2299 997 2326 se
1028 2284 1073 2324 in
1104 2298 1194 2324 rem
1225 2283 1442 2338 publicam
