1671 2543
552 92 655 129 CAP.
681 96 819 128 ‘zo-22
847 97 865 136 ξ
890 97 1042 129 47—51.
1378 92 1462 134 153

119 201 200 242 viri
222 215 379 243 nomen
398 202 629 242 aeternum.
681 200 748 243 Sit
766 201 849 243 hoc
869 201 1097 243 discrimen
1115 200 1228 242 inter
1248 200 1464 255 gratiosos

121 260 225 301 civis
269 263 397 314 atque
437 259 580 314 fortis,
623 261 673 300 ut
708 260 773 301 illi
810 260 896 302 vivi
933 260 1132 301 fruantur
1170 259 1323 314 opibus
1362 259 1464 312 suis,

119 319 273 360 horum
311 319 442 360 etiam
478 321 764 373 mortuorum,
802 319 839 360 si
877 320 1104 374 quisquam
1134 319 1262 360 huius
1293 317 1463 371 imperii

120 377 316 418 defensor
363 377 474 419 mori
522 380 684 432 potest,
740 378 858 419 vivat
907 378 1143 419 auctoritas
1192 375 1461 418 immortalis.

84 455 100 481 5
121 436 261 485 Quid?
306 435 380 478 Cn.
406 436 636 490 Pompeius
660 439 784 491 pater
806 438 935 478 rebus
956 436 1108 478 Italico
1129 436 1242 477 bello
1263 434 1461 476 maximis
1478 419 1533 460 22

120 495 254 550 gestis
285 494 332 536 P.
365 494 580 549 Caesium,
613 496 801 549 equitem
832 495 1086 550 Romanum,
1118 495 1259 536 virum
1290 495 1462 547 bonum,

119 553 193 607 qui
217 553 335 607 vivit,
366 553 661 595 Ravennatem
685 554 905 596 foederato
933 570 983 596 ex
1009 554 1168 609 populo
1193 567 1335 594 nonne
1366 552 1463 593 civi-

118 614 207 653 tate
232 612 434 654 donavit?
461 612 593 667 quid?
617 613 807 654 cohortis
833 614 937 654 duas
957 614 1178 654 universas
1198 611 1464 654 Camertium

119 674 162 713 C.
199 671 397 712 BIarius?
437 671 567 725 quid?
623 671 945 714 Heracliensem
979 672 1161 713 Alexam
1191 671 1236 712 P.
1270 670 1463 723 Crassus,

67 750 100 775 10
118 730 184 771 vir
203 730 505 784 amplissimus,
532 745 583 772 ex
603 745 653 772 ea
673 731 859 786 civitate,
887 745 1071 785 quacum
1089 744 1222 785 prope
1243 729 1462 784 singulare

117 788 266 830 foedus
305 788 460 843 Pyrrhi
498 790 765 843 temporibus
802 789 845 832 C.
878 789 1079 831 Fabricio
1117 788 1289 830 consule
1326 788 1463 829 ictum

117 848 324 902 putatur?
372 848 503 902 quid?
571 848 885 890 Massiliensem
928 849 1179 889 Aristonem
1221 848 1270 888 L.
1312 845 1461 887 Sulla?

119 906 250 960 quid?
277 907 479 961 quoniam
505 907 555 948 de
577 906 799 949 Gaditanis
824 908 1004 963 agimus,
1029 907 1142 948 idem
1161 907 1191 961 †
1212 919 1463 947 erosnovem

120 964 386 1008 Gaditanos?
419 966 549 1019 quid?
578 967 644 1007 vir
670 967 967 1008 sanctissimus
994 968 1036 1007 et
1062 980 1228 1007 summa
1253 964 1461 1018 religione

66 1043 98 1069 15
118 1038 168 1065 ac
189 1024 412 1078 modestia,
439 1024 487 1073 Q.
507 1024 708 1066 Metellus
728 1025 844 1079 Pius,
872 1025 918 1074 Q.
938 1025 1123 1066 Fabium
1145 1022 1461 1079 Saguntinum?

119 1083 249 1137 quid?
280 1083 362 1137 1110,
395 1083 468 1136 qui
501 1084 633 1138 adest,
664 1099 690 1124 a
722 1098 805 1138 quo
837 1085 954 1138 haec,
987 1098 1095 1138 quae
1128 1097 1207 1138 ego
1232 1096 1346 1123 nunc
1370 1096 1462 1135 per-

117 1157 260 1195 curro,
295 1142 576 1196 suptilissime
609 1146 710 1184 sunt
743 1143 886 1185 omnia
917 1142 1148 1197 perpolita,
1180 1141 1237 1182 M.
1270 1140 1463 1194 Crassus,

116 1215 205 1242 non
235 1201 265 1255 ‘3⁴
295 1201 594 1244 Avennensem
618 1201 886 1242 foederatum
913 1196 1086 1242 civitate
1112 1200 1301 1254 donavit,
1332 1199 1461 1240 homo

118 1274 214 1301 cum
243 1260 454 1314 gravitate
482 1262 524 1300 et
549 1260 777 1314 prudentia
802 1263 1039 1315 praestans,
1070 1262 1163 1300 tum
1188 1259 1256 1300 vel
1280 1257 1463 1299 nimium

65 1338 98 1362 20
116 1316 270 1372 parcus
296 1318 342 1359 in
366 1318 587 1373 largienda
613 1319 818 1360 civitate?
861 1319 945 1360 Hic
970 1322 1019 1360 tu
1039 1318 1112 1361 Cn.
1139 1317 1319 1372 Pompei
1338 1317 1462 1357 bene-

116 1377 262 1418 ficium
287 1377 353 1418 vel
378 1378 524 1431 potius
550 1378 755 1419 iudicium
781 1380 824 1419 et
848 1378 1012 1419 factum
1037 1378 1254 1418 infirmare
1283 1375 1463 1429 conaris,

118 1436 191 1490 qui
216 1435 330 1490 fecit,
364 1436 476 1490 quod
503 1436 547 1478 C.
576 1436 761 1478 Marium
787 1436 938 1479 fecisse
965 1437 1169 1489 audierat,
1200 1435 1315 1488 fecit,
1348 1434 1463 1488 quod

116 1493 162 1535 P.
196 1493 410 1549 Crassum,
443 1495 556 1549 quod
581 1494 641 1552 L,
661 1494 837 1550 Sullam,
870 1496 984 1550 quod
1011 1495 1059 1544 Q.
1092 1494 1328 1547 Metellum,
1358 1494 1465 1546 quod

117 1552 179 1594 M.
230 1552 440 1606 Crassum,
503 1551 616 1607 quod
671 1555 852 1609 denique
905 1554 1188 1595 domesticum
1244 1555 1463 1594 auctorem

65 1630 98 1655 ‘25
117 1614 286 1666 patrem
323 1626 446 1653 suum
483 1612 622 1653 facere
660 1613 854 1654 viderat?
910 1612 1061 1667 Neque
1093 1627 1194 1654 vero
1226 1612 1270 1653 id
1301 1612 1346 1652 in
1376 1625 1462 1651 uno

119 1669 318 1712 Cornelio
357 1670 469 1711 fecit.
531 1670 645 1712 Nam
683 1674 726 1712 et
764 1671 1024 1712 Gaditanum
1057 1670 1375 1712 Hasdrubalem
1412 1683 1464 1709 ex

118 1729 232 1770 bello
269 1728 346 1769 illo
378 1728 582 1770 Africano
622 1732 666 1770 et
696 1729 978 1771 Mamertinos
1012 1729 1144 1770 Ovios
1179 1732 1222 1770 et
1255 1728 1464 1782 quosdam

118 1787 344 1829 Uticenses
377 1790 420 1828 et
455 1786 718 1842 Saguntinos
744 1788 903 1830 Fabios
936 1789 1109 1829 civitate
1142 1788 1328 1829 donavit.
1387 1786 1463 1826 Et-

119 1846 232 1887 enim
265 1861 361 1887 cum
393 1846 545 1887 ceteris
576 1847 778 1900 praemiis
811 1847 930 1901 digni
962 1850 1075 1899 sunt,
1107 1846 1180 1900 qui
1212 1860 1288 1887 suo
1315 1845 1463 1885 labore

65 1922 100 1947 30
119 1908 162 1945 et
186 1905 376 1958 periculo
402 1908 597 1946 nostram
616 1919 707 1945 rem
726 1905 945 1959 publicam.
965 1905 1208 1959 defendunt,
1234 1907 1328 1945 tum
1349 1905 1463 1945 certe

119 1963 363 2018 dignissimi
407 1966 525 2017 sunt,
570 1963 643 2017 qui
687 1963 862 2005 civitate
903 1979 953 2005 ea
990 1964 1219 2017 donentur,
1262 1977 1340 2017 pro
1380 1975 1464 2016 qua

118 2022 309 2076 pericula
337 2037 386 2063 ac
412 2023 500 2063 tela
526 2022 760 2063 subierunt.
822 2023 967 2077 Atque
992 2023 1171 2077 utinam,
1204 2023 1278 2077 qui
1303 2021 1463 2074 ubique

118 2084 219 2122 sunt
262 2084 606 2136 propugnatores
649 2080 777 2122 huius
820 2082 1008 2136 imperii,
1051 2085 1230 2136 possent
1270 2081 1316 2122 in
1351 2079 1463 2120 hanc

119 2139 340 2181 civitatem
378 2140 519 2181 venire
558 2142 601 2181 et
639 2142 790 2180 contra
821 2144 1141 2196 oppugnatores
1173 2141 1236 2182 rei
1266 2140 1462 2194 publicae

66 2214 99 2240 :35
119 2198 170 2239 de
215 2198 388 2239 civitate
433 2198 726 2239 exterminari!
800 2198 950 2254 Neque
995 2200 1109 2241 enim
1151 2199 1224 2241 ille
1270 2213 1462 2240 summus

118 2259 248 2310 poeta
285 2260 434 2298 noster
471 2257 727 2298 Hannibalis
771 2258 892 2299 illam
936 2259 1074 2314 magis
1119 2258 1460 2300 cohortationem

121 2329 250 2369 quam
281 2330 552 2357 communem
583 2316 909 2369 imperatoriam
939 2317 1078 2358 voluit
1111 2332 1220 2359 esse:

1477 479 1522 511 50

1477 1330 1516 1363 51
