1671 2543
550 98 653 134 CAP.
683 103 820 134 13—15
847 103 866 142 g
894 104 1042 135 33-38.
1380 102 1465 143 373

117 207 306 249 bantur?
358 207 392 249 O
419 208 571 249 beatos
597 208 709 262 illos,
742 208 827 262 qui,
858 222 954 249 cum
981 208 1128 250 adesse
1155 209 1262 263 ipsis
1287 213 1466 264 propter

117 266 207 307 vim
245 280 464 308 armorum
500 280 588 308 non
623 266 801 320 licebat,
841 267 1019 308 aderant
1054 270 1200 308 tamen
1231 270 1274 309 et
1305 268 1351 310 in
1382 283 1466 310 me-

119 325 248 366 dullis
285 325 436 380 populi
474 324 660 367 Romani
699 339 747 366 ae
781 325 1019 367 visceribus
1050 325 1304 368 haerebant!
1367 326 1465 368 Nisi

119 382 230 424 forte
262 383 395 425 Accio
429 386 523 425 tum
554 383 701 438 plaudi
733 386 777 425 et
809 385 1076 439 sexagesimo
1108 388 1210 440 post
1239 399 1350 427 anno
1376 386 1466 440 pal-

81 453 98 479 5
118 456 234 483 mam
272 442 381 497 dari,
423 457 511 484 non
547 442 684 484 Bruto
730 443 970 497 putabatis,
1016 443 1090 498 qui
1126 443 1238 486 ludis
1276 445 1365 486 suis
1403 445 1466 485 ita

118 501 275 555 caruit,
317 504 367 543 ut
412 501 457 542 in
499 501 575 543 illo
617 502 950 556 apparatissimo
989 503 1234 556 spectaculo
1274 503 1465 544 studium

116 559 303 614 populus
334 559 556 601 Romanus
595 561 808 602 tribueret
846 560 1035 615 absenti,
1073 561 1332 603 desiderium
1362 561 1465 603 libe-

117 618 277 660 ratoris
310 619 377 660 sui
408 621 618 674 perpetuo
650 619 805 674 plausu
838 622 881 661 et
914 619 1100 661 clamore
1131 619 1298 662 leniret.

206 676 421 731 Equidem
452 677 489 718 is
522 692 629 732 sum,
662 678 735 732 qui
767 678 876 719 istos
902 678 1091 732 plausus,
1124 693 1221 719 eum
1246 679 1456 733 populari-
1477 689 1520 721 37

65 747 99 773 1⁰
118 736 199 777 bus
230 735 394 777 civibus
421 736 727 790 tribuerentur,
759 751 929 791 semper
955 737 1306 791 contempserim3
1336 737 1465 779 idem-

120 808 221 849 que,
253 808 350 836 eum
382 809 407 835 a
439 795 630 848 summis,
665 795 829 849 mediis,
861 795 1033 848 infimis,
1067 809 1164 837 cum
1197 796 1378 850 denique
1410 797 1464 837 ab

118 853 330 894 universis
373 853 456 895 1100
498 853 612 894 idem
655 853 723 907 fit,
768 868 949 907 eumque
993 854 1042 907 ii,
1087 854 1161 908 qui
1205 857 1304 895 ante
1343 855 1465 908 sequi

117 911 269 965 populi
290 926 546 953 eonsensum
566 912 776 966 solebant,
798 912 984 967 fugiunt,
1003 926 1091 954 non
1109 912 1310 966 plausum
1328 912 1464 967 illum,

120 970 194 1010 sed
231 970 437 1011 iudicium
474 973 592 1024 puto.
657 969 733 1012 Sin
766 971 873 1012 haee
904 971 1066 1012 leviora
1098 971 1221 1012 vobis
1253 971 1465 1026 videntur,

67 1039 100 1065 15
121 1042 229 1082 quae
275 1031 376 1070 sunt
420 1028 694 1083 gravissima,
736 1044 840 1070 num
885 1030 1016 1070 etiam
1056 1030 1138 1071 1100
1176 1030 1466 1084 contemnitis,

121 1087 236 1141 quod
275 1087 490 1140 sensistis,
529 1090 619 1128 tam
652 1102 795 1129 earam
825 1088 986 1142 populo
1019 1087 1215 1129 Romano
1247 1089 1383 1130 vitam
1415 1088 1464 1130 A.

119 1145 239 1186 Hirti
274 1145 438 1187 fuisse?
505 1144 620 1187 Satis
660 1150 752 1187 erat
790 1146 903 1187 enim
939 1147 1173 1201 probatum
1211 1146 1336 1188 illum
1374 1161 1465 1188 esse

118 1203 280 1258 populo
302 1203 510 1258 Romano,
536 1207 585 1245 ut
611 1207 689 1258 est,
714 1205 946 1246 iucundum
973 1205 1135 1259 amicis,
1160 1206 1204 1246 in
1227 1219 1310 1259 quo
1331 1205 1465 1246 vineit

121 1263 276 1312 01111118,
311 1277 457 1304 carum
489 1263 591 1316 suis,
627 1263 782 1317 quibus
816 1266 881 1305 est
915 1263 1042 1318 [ipse]
1077 1264 1344 1318 carissimus3
1375 1266 1467 1305 tan-

32 1331 36 1333 *
67 1332 102 1358 20
122 1324 214 1362 tam
254 1335 397 1362 tamen
428 1321 763 1363 sollicitudinem
794 1322 1024 1376 bonorum,
1063 1325 1234 1364 tantum
1265 1322 1467 1364 timorem

121 1379 314 1421 omnium
350 1380 396 1421 in
435 1394 518 1434 quo
557 1380 862 1422 meminimus?
925 1380 1051 1423 Certe
1083 1381 1129 1422 in
1158 1381 1291 1423 nullo.
1354 1381 1465 1431 Quid
1480 1393 1523 1424 38

119 1438 284 1493 igitur?
316 1438 399 1480 1100
430 1453 524 1493 vos,
555 1453 632 1493 per
663 1439 764 1481 deos
796 1440 1075 1481 immortalis!
1117 1440 1242 1494 quale
1275 1439 1345 1494 sit,
1379 1455 1468 1481 non

123 1496 498 1549 interpretamini?
568 1497 709 1546 Quid?
754 1512 826 1539 eos
871 1498 921 1539 de
962 1501 1107 1539 vestra
1144 1498 1235 1539 vita
1274 1498 1467 1553 cogitare

122 1568 210 1595 non
242 1554 439 1608 censetis,
472 1555 627 1609 quibus
654 1570 814 1610 eorum,
847 1571 954 1610 quos
981 1560 1155 1611 sperant
1180 1556 1243 1597 rei
1268 1557 1467 1610 publicae

69 1625 103 1650 25
124 1612 418 1666 consulturos,
449 1613 540 1653 vita
572 1616 662 1654 tam
695 1628 793 1655 cara
825 1615 911 1655 sit?

212 1669 316 1724 Cepi
345 1669 553 1723 fructum,
583 1674 730 1724 patres
763 1672 1010 1725 conscripti,
1042 1673 1300 1714 reversionis
1331 1683 1538 1728 meae,(38)

123 1728 327 1783 quoniam
360 1731 403 1769 et
435 1742 484 1769 ea
516 1728 621 1782 dixi,
658 1732 725 1782 ut,
764 1730 1021 1783 quicumque
1054 1744 1178 1771 casus
1211 1734 1467 1772 consecutus

122 1789 255 1839 esset,
295 1788 461 1827 extaret
492 1787 761 1828 constantiae
793 1802 913 1828 meae
945 1787 1262 1842 testimonium,
1298 1792 1341 1829 et
1373 1803 1469 1830 sum

123 1860 148 1886 a
179 1845 302 1886 vobis
334 1845 519 1899 benigne
552 1859 600 1886 ac
633 1845 862 1900 diligenter
888 1845 1071 1886 auditus.
1124 1846 1241 1894 Quae
1270 1850 1468 1900 potestas

69 1915 102 1940 30
123 1903 161 1944 si
187 1903 294 1943 mihi
322 1903 492 1957 saepius
519 1902 610 1944 sine
637 1917 732 1944 meo
758 1907 989 1957 vestroque
1014 1904 1204 1958 periculo
1233 1905 1320 1959 fiet,
1351 1909 1466 1960 utar3

123 1961 160 2003 si
198 1961 360 2014 minus,
400 1964 609 2015 quantum
647 1965 817 2016 potero,
854 1976 942 2003 non
976 1964 1068 2003 tam
1099 1962 1206 2003 mihi
1238 1977 1306 2004 me
1340 1978 1469 2018 quam

121 2019 184 2060 rei
215 2019 413 2074 publicae
443 2019 685 2061 reservabo.
734 2019 844 2061 Mihi
869 2020 957 2061 fere
985 2021 1092 2061 satis
1119 2024 1196 2074 est,
1230 2022 1343 2076 quod
1369 2022 1468 2076 vixi,

121 2077 189 2119 vel
219 2078 272 2118 ad
299 2080 487 2118 aetatem
518 2077 585 2118 vel
612 2078 664 2119 ad
691 2078 893 2133 gloriam3
924 2078 1008 2120 hue
1035 2079 1072 2120 si
1099 2079 1199 2133 quid
1227 2080 1469 2134 accesserit,

120 2150 208 2177 non
240 2139 331 2177 tam
364 2135 468 2176 mihi
504 2150 632 2189 quam
663 2137 786 2178 vobis
818 2137 964 2190 reique
997 2137 1194 2190 publicae
1228 2139 1467 2180 accesserit.
