1671 2543
194 80 281 129 568
331 79 382 114 IN
409 79 456 114 M.
476 79 735 115 ANTONIUM
761 79 836 115 ΟΒ.
854 78 978 114 PHIL.
999 78 1094 116 XIV.
1125 76 1226 116 CAP.
1243 84 1287 116 14
1307 84 1326 124 ξ
1346 85 1402 126 37,
1422 89 1478 118 38.

192 189 437 243 liberosque
476 188 770 230 conservarint
807 187 1082 229 dimicatione
1120 190 1164 229 et
1196 187 1386 242 periculo
1418 189 1532 232 vitae

193 261 313 298 suae,
345 247 410 288 uti
443 247 496 289 ob
530 261 600 288 eas
633 261 701 288 res
732 247 852 295 bene,
883 246 1057 288 fortiter
1087 245 1354 300 feliciterque
1386 251 1532 303 gestas

193 305 238 348 C.
258 304 400 348 Pansa
431 306 481 347 A.
502 305 673 346 Hirtius
700 305 908 359 consules,
933 305 1227 359 imperatores,
1254 305 1364 348 alter
1389 307 1532 348 ambo-

192 379 260 420 18,
301 368 393 418 aut,
432 365 468 406 si
507 365 706 417 aberunt,
743 363 800 405 Μ.
838 363 1072 418 Cornutus,
1114 367 1288 419 praetor
1330 365 1532 418 urbanus,

193 423 529 489 supplicationes
566 437 642 478 per
673 398 762 464 (1188
796 422 1110 491 quinquaginta
1141 423 1193 464 ad
1225 423 1367 465 omnia
1398 424 1531 478 pulvi·
1568 442 1586 469 5

134 489 178 522 38
191 483 313 524 naria
351 482 606 536 eonstituat3
643 496 823 536 cumque
861 471 998 523 virtus
1039 480 1258 537 legionum
1291 482 1421 538 digna
1451 483 1532 524 cla-

192 540 375 583 rissimis
418 540 753 595 imperatoribus
797 540 1009 594 extiterit,
1059 543 1274 595 senatum,
1323 555 1430 595 quae
1474 542 1532 583 sit

193 603 321 641 antea
357 600 578 654 pollicitus
617 599 860 655 legionibus
893 599 1234 653 exercitibusque
1265 600 1445 654 nostris,
1483 614 1532 641 ea

192 673 361 700 summo
409 659 552 700 studio
596 673 641 700 re
685 658 858 713 publica
900 661 1151 712 recuperata
1194 658 1532 712 persoluturum3

192 732 373 772 cumque
410 717 525 773 legio
557 716 716 758 Martia
746 717 944 771 princeps
977 731 1074 758 cum
1103 716 1304 758 hostibus
1337 717 1532 759 conflixe-
1553 734 1586 762 ιο

191 776 250 818 rit
281 780 410 830 atque
435 776 499 817 ita
524 791 621 818 cum
646 776 808 817 maiore
832 789 1011 817 numero
1035 775 1228 817 hostium
1254 775 1533 831 contenderit,

189 839 247 885 ut,
279 849 376 877 cum
406 835 616 890 plurimos
643 835 885 885 caederent,
917 834 1116 875 caderent
1144 849 1232 876 non
1262 834 1388 887 nulli,
1420 848 1533 876 cum-

192 909 272 949 que
320 894 410 936 sine
453 894 543 935 ulla
581 893 888 937 retractatione
926 907 1004 947 pro
1042 892 1183 947 patria
1219 893 1353 934 vitam
1389 892 1533 947 profu-

191 953 350 1007 derint3
400 967 580 1007 cumque
628 952 759 993 simili
803 952 963 993 virtute
1007 951 1270 1006 reliquarum
1313 952 1533 1007 legionum

192 1011 351 1053 milites
383 1025 463 1066 pro
496 1011 633 1052 salute
666 1014 709 1052 et
736 1011 938 1052 libertate
962 1010 1112 1065 populi
1138 1010 1322 1051 Romani
1347 1014 1532 1052 mortem
1553 1026 1585 1053 15

192 1070 497 1125 oppetiverint:
538 1070 707 1112 senatui
738 1070 917 1124 placere,
948 1071 998 1110 ut
1030 1068 1075 1110 C.
1107 1068 1248 1110 Pansa
1278 1069 1329 1110 A.
1361 1068 1532 1110 Hirtius

192 1129 406 1183 consules,
445 1130 745 1183 imperatores,
784 1128 893 1170 alter
931 1127 1130 1183 ambove,
1166 1128 1202 1169 si
1234 1128 1294 1169 eis
1326 1127 1533 1180 videatur,

190 1188 256 1242 118,
289 1188 362 1242 qui
394 1187 647 1244 sanguinem
678 1202 756 1242 pro
777 1187 890 1240 vita,
921 1187 1136 1240 libertate,
1167 1185 1353 1228 fortum‘s
1383 1161 1533 1241 populi

191 1246 395 1300 Romani,
428 1261 506 1301 pro
538 1247 661 1301 urbe,
698 1245 872 1300 templis
905 1245 1081 1287 deorum
1112 1245 1408 1286 inmortalium
1437 1259 1534 1300 pro-

190 1304 415 1358 fudissent,
447 1308 772 1346 monumentum
802 1318 930 1359 quam
962 1304 1275 1358 amplissimum
1306 1304 1534 1345 locandum
1552 1323 1586 1347 20

191 1339 516 1418 faciendumque
561 1366 710 1404 curent
752 1366 1053 1421 quaestoresque
1096 1363 1182 1402 mmb
1220 1361 1272 1402 ad
1310 1375 1404 1402 eam
1442 1375 1532 1402 rem

191 1423 417 1478 pecuniam
450 1423 567 1476 dare,
600 1422 854 1474 attribuere,
887 1420 1050 1461 solvere
1082 1420 1276 1473 iubeant,
1313 1423 1362 1460 ut
1395 1422 1534 1460 exstet

192 1482 245 1523 ad
288 1481 539 1522 memoriam
585 1479 855 1534 posteritatis
906 1479 1212 1532 sempiternam
1261 1477 1399 1519 scelus
1443 1492 1533 1519 cru-

191 1540 510 1581 delissimorum
529 1539 722 1580 hostium
742 1538 1013 1592 militumque
1034 1537 1178 1577 divina
1196 1536 1346 1586 virtus,
1371 1535 1532 1590 utique,

193 1613 299 1654 quae
326 1598 519 1653 praemia
544 1600 718 1639 senatus
745 1596 956 1637 militibus
983 1598 1081 1636 ante
1109 1595 1347 1648 constituit,
1376 1609 1426 1636 ea
1451 1595 1531 1636 sol·
1550 1614 1583 1641 25

190 1660 347 1699 vantur
384 1671 550 1709 eorum,
594 1656 666 1711 qui
703 1655 786 1697 hoc
822 1654 936 1696 bello
976 1668 1054 1708 pro
1094 1653 1235 1719 patri-a
1274 1653 1532 1705 occiderunt,

191 1716 454 1771 parentibus,
479 1715 640 1768 liberis,
661 1714 928 1769 coniugibus,
953 1711 1195 1753 fratribus
1184 1712 1322 1766 iisque
1343 1711 1531 1753 tribuan-

191 1778 280 1829 tur,
319 1789 426 1829 quae
459 1774 670 1815 militibus
709 1772 814 1827 ipsis
849 1771 982 1813 tribui
1015 1772 1250 1825 oporteret,
1288 1769 1325 1811 si
1356 1770 1442 1812 vivi
1472 1769 1531 1812 vi-

193 1834 363 1887 cissent,
397 1833 469 1887 qui
502 1835 639 1874 morte
672 1831 876 1873 vicerunt.

721 2017 999 2024 ——-——
