1671 2543
170 72 258 114 294
461 69 552 105 PRO
579 69 618 104 T.
646 67 800 103 ANNIO
827 66 1013 103 MILONE
1039 66 1228 103 ORATIO.

171 179 290 222 ‘Etsi
347 179 449 220 boni
506 192 558 219 ne
614 191 771 233 magno
824 176 996 231 quidem
1046 175 1337 217 emolumento
1386 175 1519 230 inpel-

170 239 319 281 luntur
363 238 415 279 ad
458 237 671 291 fraudem,
714 235 901 290 improbi
939 249 1064 289 saepe
1101 233 1262 289 parvo?
1330 234 1385 288 (p.
1418 237 1518 277 292.

170 295 246 353 37)
296 296 457 338 Deinde
504 297 638 349 ipsam
685 296 852 348 speciem
899 294 1082 336 adsumit
1126 307 1201 346 per
1248 293 1518 346 confirmatio-

171 369 284 398 nem:
336 355 514 397 ‘Habuit
543 354 696 395 ‘autem
744 365 890 395 causas
932 350 1126 395 Clodius?
1199 351 1326 394 Hauc
1372 365 1518 395 rursus

171 415 495 468 adsumptionem
525 413 666 454 multis
695 412 922 454 rationibus
952 411 1171 464 adprobat,·
1196 413 1400 464 postremo
1429 424 1519 453 cou-
1554 421 1571 447 ⁶

172 474 318 516 cludit:
367 472 541 525 Quare,
583 472 621 514 si
663 471 804 512 habuit
841 483 986 513 causas
1022 469 1208 520 Clodius,
1249 473 1297 511 ut
1332 469 1520 512 occideret

172 533 384 582 Milouem,
416 534 572 573 constat
602 530 883 573 insidiatorem
904 528 1059 582 fuisse?
1117 527 1333 584 (Victoriu.
1351 542 1394 582 p.
1419 531 1518 571 246.

175 595 201 632 7
231 589 330 646 Ha.)

116 664 159 695 34
262 650 470 702 Audistis,
510 649 678 702 iudices,
715 650 917 701 quantum
951 645 1069 689 Clodi
1104 645 1344 688 interfuerit:
1383 645 1517 688 occidi

174 708 400 762 Milonem,
426 707 665 750 convertite
692 707 858 748 animos
883 720 996 748 nunc
1015 705 1207 747 vicissim
1229 704 1280 746 ad
1300 703 1517 746 Milonem.
1540 716 1573 741 ιο

176 767 287 816 Quid
325 766 500 809 Milonis
539 767 748 807 intererat
785 765 969 807 interfici
1002 763 1231 807 Clodium?
1271 763 1372 818 quid
1414 766 1519 817 erat,

175 841 249 868 cur
269 825 375 867 Milo
395 840 484 867 non
503 825 642 867 dicam
664 824 926 877 admitteret,
953 822 1027 865 sed
1047 822 1249 877 optaret?
1288 820 1520 864 ‘Obstabat

174 885 219 926 in
252 899 325 939 spe
359 884 607 926 consulatus
634 882 787 925 Miloni
814 880 1015 925 Clodius?
1078 881 1139 923 At
1170 895 1220 923 eo
1252 883 1519 936 repugnante

174 944 318 998 fiebat,
344 943 477 985 immo
503 957 604 984 vero
631 957 681 984 eo
708 942 841 983 fiebat
866 941 1017 997 magis,
1042 954 1120 982 nec
1147 954 1213 981 me
1235 939 1518 995 suffragatore

177 1002 352 1044 meliore
396 1002 602 1043 utebatur
645 1015 774 1056 quam
812 999 974 1043 Clodio.
1043 998 1232 1040 Valebat
1275 999 1387 1053 apud
1430 1012 1519 1052 vos,
1541 1009 1573 1035 15

176 1061 350 1114 iudices,
380 1060 557 1102 Milonis
590 1074 693 1116 erga
725 1074 792 1101 me
821 1073 996 1113 remque
1022 1058 1240 1114 publicam
1266 1057 1520 1099 meritorum

178 1120 396 1170 memoria,
429 1119 632 1160 valebant
663 1132 810 1173 preces
843 1121 887 1160 et
917 1117 1120 1159 lacrimae
1145 1119 1332 1167 nostrae,
1364 1115 1520 1170 quibus

178 1192 258 1234 ego
286 1181 379 1220 tum
405 1192 482 1219 vos
509 1177 690 1219 mirifice
711 1177 873 1219 moveri
895 1176 1144 1228 sentiebam,
1171 1175 1244 1216 sed
1263 1175 1360 1229 plus
1382 1174 1519 1216 multo

176 1237 349 1278 valebat
387 1236 674 1290 periculorum
705 1235 1030 1290 inpendentium
1061 1234 1204 1275 timor.
1268 1232 1374 1282 Quis
1406 1233 1520 1274 enim

178 1298 271 1336 erat
304 1295 473 1348 civium,
507 1295 580 1348 qui
611 1294 693 1334 sibi
720 1294 908 1335 solutam
933 1293 979 1334 P.
1006 1292 1130 1335 Clodi
1155 1294 1402 1346 praeturam
1429 1291 1519 1332 sine
1540 1302 1574 1327 ²0

178 1353 365 1395 maximo
405 1368 549 1393 rerum
585 1366 793 1394 novarum
826 1354 943 1393 metu
975 1350 1264 1405 proponeret?
1322 1349 1521 1392 Solutam

180 1415 323 1453 autem
361 1411 453 1452 fore
490 1411 721 1465 videbatis,
758 1410 842 1452 nisi
881 1413 995 1452 esset
1033 1410 1069 1451 is
1108 1409 1276 1463 consul,
1315 1408 1388 1462 qui
1426 1423 1521 1450 eam

179 1470 355 1511 auderet
387 1473 618 1524 possetque
652 1469 958 1524 constringere.
1007 1467 1121 1510 Eum
1149 1467 1356 1509 Milonem
1388 1481 1521 1509 unum

179 1543 272 1570 esse
312 1543 408 1570 cum
447 1528 628 1569 sentiret
665 1528 889 1569 universus
926 1527 1110 1582 populus
1145 1526 1385 1575 Romanus,
1424 1526 1520 1580 quis

179 1587 397 1629 dubitaret
425 1587 629 1642 suffragio
658 1600 734 1628 suo
762 1601 805 1628 se
826 1589 956 1640 metu,
982 1586 1172 1640 periculo
1193 1599 1283 1627 rem
1302 1584 1521 1640 publicam
1540 1595 1574 1620 2⁵

178 1645 391 1687 liberare?
447 1645 508 1687 At
533 1660 658 1698 nunc,
691 1644 841 1688 Clodio
868 1648 1047 1695 remoto,
1078 1644 1253 1686 usitatis
1279 1644 1366 1685 iam
1392 1643 1520 1685 rebus

179 1704 426 1746 enitendum
469 1707 535 1745 est
573 1703 744 1759 Miloni,
788 1707 838 1746 ut
875 1706 1048 1745 tueatur
1086 1703 1343 1758 dignitatem
1381 1716 1521 1756 suam3

178 1763 411 1818 singularis
437 1763 514 1804 illa
540 1765 584 1804 et
609 1763 709 1804 huic
733 1763 808 1804 uni
835 1777 1038 1804 concessa
1060 1762 1209 1817 gloria,
1236 1775 1343 1816 quae
1364 1760 1520 1802 cotidie

179 1822 419 1876 augebatur
456 1821 705 1877 frangendis
745 1821 963 1862 furoribus
997 1820 1235 1874 Clodianis,
1273 1819 1359 1860 iam
1398 1817 1521 1861 Clodi

179 1883 317 1921 morte
351 1880 515 1922 cecidit.
579 1879 669 1921 Vos
702 1880 847 1934 adepti
880 1880 996 1934 estis,
1026 1893 1080 1920 ne
1112 1893 1238 1933 quem
1271 1878 1407 1920 civem
1437 1887 1575 1919 me-80

179 1939 377 1993 tueretis3
422 1939 493 1980 hic
537 1938 890 1980 exercitationem
930 1937 1122 1992 virtutis,
1167 1936 1521 1992 suffragationem

179 1997 446 2047 consulatus,
491 1996 657 2038 fontem
700 2011 931 2051 perennem
975 1996 1140 2052 gloriae
1185 2009 1284 2037 suae
1323 1993 1520 2049 perdidit.

179 2054 331 2109 Itaque
358 2055 534 2097 Milonis
566 2056 828 2106 consulatus,
861 2055 934 2110 qui
966 2055 1062 2096 vivo
1090 2053 1241 2097 Clodio
1267 2051 1520 2094 labefactari

177 2127 265 2153 non
308 2117 498 2168 poterat,
542 2117 713 2156 mortuo
759 2114 940 2168 denique
983 2112 1191 2167 temptari
1228 2114 1404 2166 coeptus
1442 2112 1519 2151 est.

179 2170 279 2211 Non
328 2172 455 2213 modo
506 2173 642 2227 igitur
690 2172 799 2214 nihil
849 2171 1043 2226 prodest,
1092 2170 1166 2213 sed
1215 2170 1340 2212 obest
1389 2167 1574 2209 etiamas

117 2234 163 2265 85
180 2227 302 2270 Clodi
330 2244 446 2271 mors
472 2229 637 2272 Miloni.
682 2230 759 2272 ‘At
784 2230 921 2271 valuit
941 2229 1097 2283 odium,
1122 2227 1226 2269 fecit
1244 2227 1393 2279 iratus,
1418 2225 1522 2268 fecit

178 2286 390 2337 inimicus,
409 2288 493 2329 fuit
512 2289 629 2330 ultor
648 2288 840 2340 iniuriae,
859 2288 1058 2342 poenitor
1078 2285 1237 2328 doloris
1252 2283 1345 2326 sui.'
1380 2283 1522 2332 Quid?
