1671 2543
197 71 284 112 360
386 68 438 104 ΙΝ
463 68 512 103 M.
538 67 797 104 ANTONIUM
824 66 1000 103 ORATIO
1027 67 1301 104 PHILIPPICA
1325 68 1351 103 Ι.

198 175 365 212 Caesaris
410 174 668 210 interfectores
713 173 999 214 descenderunt,
1051 175 1165 210 Bruto
1208 174 1371 219 Cretam,
1415 173 1541 210 Cassio

197 223 372 266 Africam,
392 221 577 257 Trebonio
597 221 736 265 Asiam,
759 221 905 256 Cimbro
926 221 1158 265 Bithyniam3
1180 221 1222 259 D.
1243 221 1359 257 Bruto
1379 221 1541 258 Galliam

197 270 407 306 citeriorem
443 270 571 304 datam
604 280 627 303 a
658 269 815 303 Caesare
847 270 959 303 antea
990 270 1232 305 confirmavit.
1282 269 1386 305 Idem
1417 271 1542 305 tamen

197 317 304 362 quasi
330 317 379 352 ad
405 317 605 352 sanitatem
629 318 825 351 revocatus
850 315 1002 360 reliquis
1024 316 1154 352 diebus
1174 316 1212 352 in
1233 316 1417 363 Capitolio
1436 327 1541 362 prae-

197 366 300 400 clara
326 365 475 399 senatus
501 363 673 399 consulta
698 362 806 406 fecit,
840 362 999 408 primum
1026 363 1120 398 illud
1147 375 1166 399 e
1193 364 1267 400 Ser.
1296 364 1437 410 Sulpici
1461 375 1540 399 sen-

197 411 327 455 tentia,
354 423 399 447 ne
425 423 499 455 qua
523 412 610 456 post
635 410 720 445 Idus
746 410 854 445 Mart.
881 410 1130 446 immunitatis
1156 411 1288 446 tabula
1311 421 1403 447 neve
1429 410 1540 446 ullius

197 459 369 495 beneficii
399 458 591 503 figeretur,
625 457 761 492 deinde
792 459 836 493 ut
865 457 1074 493 dictaturae
1099 469 1233 494 nomen
1259 458 1299 493 in
1322 460 1542 504 perpetuum

198 518 217 541 e
262 517 299 541 re
343 505 496 551 publica
534 505 740 540 tolleretur.
803 506 881 539 Lux
924 506 1108 550 quaedam
1151 505 1281 542 oblata
1326 505 1541 548 videbatur;

199 555 310 589 erecti
341 556 447 588 erant
479 563 544 598 spe
576 552 762 588 libertatis
795 553 832 587 et
863 552 931 588 otii
962 554 1142 588 bonorum
1174 553 1304 596 animi3
1338 553 1543 588 constituta

197 612 254 636 res
292 600 444 646 publica
480 599 695 646 putabatur.
752 599 825 634 Sed
862 599 937 635 cito
974 599 1038 635 ille
1077 600 1354 636 simulationem
1390 599 1543 635 sustulit

199 648 329 693 suique
362 647 495 682 similis
525 649 624 682 visus
657 648 724 682 est.
775 643 913 681 Habito
941 646 1039 682 enim
1066 646 1245 683 Kalendis
1271 646 1387 682 Iuniis
1413 649 1542 683 senatu

197 707 271 730 non
303 706 386 730 eum
419 705 530 739 quem
562 700 673 729 antea
705 693 750 728 de
782 705 820 729 re
852 693 1006 738 publica
1037 705 1184 729 sensum
1214 705 1282 730 nec
1314 694 1542 739 superiorum

139 767 141 770 <
198 742 341 777 dierum
366 743 460 777 actis
487 741 783 777 consentientem
808 741 1039 776 voluntatem
1061 742 1237 777 ostendit.
1282 741 1389 777 Nihil
1407 740 1542 776 deinde

198 789 243 824 ad
271 791 441 824 senatum
465 789 667 830 referebam
693 800 759 833 per
777 788 964 834 populum,
993 788 1030 822 id
1050 791 1107 823 est
1125 800 1192 833 per
1210 788 1375 824 infimam
1395 799 1543 834 corrup-

197 839 348 881 tamque
396 836 562 882 plebem,
607 837 822 880 contempta
870 835 1092 880 amplissimi
1134 836 1274 871 ordinis
1318 837 1543 871 auctoritate

198 885 336 929 agebat
373 883 498 919 omnia
529 884 659 918 contra
690 885 839 917 senatus
872 883 1097 926 consultum,
1131 883 1231 928 quod
1263 883 1344 928 ipse
1376 883 1457 918 fieri
1481 893 1543 918 vo-

197 932 327 966 luerat.
354 931 504 966 tabulas
530 930 682 975 figebat,
708 931 898 965 civitatem
917 929 1244 975 immunitatesque
1265 930 1392 973 dabat,
1418 931 1543 965 exules

195 979 415 1021 reducebat,
449 989 565 1022 eaque
598 988 637 1012 se
661 977 784 1013 facere
811 977 937 1012 omnia
962 977 1111 1012 dicebat
1135 988 1178 1013 ex
1205 978 1350 1023 legibus
1377 977 1543 1014 Caesaris

197 1027 264 1060 aut
289 1037 333 1061 ex
359 1025 438 1060 eius
464 1024 751 1061 commentariis.
803 1026 896 1059 Tum
923 1024 1050 1060 Cicero
1078 1025 1278 1070 desperata
1301 1036 1451 1070 prorsus
1470 1024 1543 1059 An-

197 1073 298 1108 tonio
333 1072 483 1108 consule
515 1072 690 1107 libertate
722 1072 850 1106 urbem
881 1071 1036 1116 reliquit
1065 1072 1105 1106 in
1130 1072 1325 1108 Graeciam
1355 1073 1473 1107 iturus
1500 1082 1545 1106 ea

198 1122 338 1163 mente,
371 1122 413 1154 ut
444 1119 623 1155 Kalendis
657 1119 854 1163 Ianuariis,
888 1130 961 1164 quo
995 1119 1053 1154 die
1080 1119 1203 1154 Pansa
1227 1121 1266 1154 et
1289 1119 1433 1154 Hirtius
1460 1130 1544 1154 con-

197 1167 360 1202 sulatum
387 1166 518 1202 inituri
544 1168 662 1210 erant,
690 1166 848 1201 adesset.
900 1167 978 1201 Nec
1004 1168 1131 1201 tamen
1155 1166 1227 1201 iter
1252 1166 1348 1201 illud
1368 1165 1542 1202 absolvit.

196 1215 293 1249 Nam
318 1215 570 1259 Leucopetrae
601 1213 759 1249 adversa
787 1215 1012 1258 tempestate
1039 1213 1210 1249 detentus
1236 1214 1283 1248 ab
1309 1214 1373 1257 iis,
1406 1212 1470 1258 qui
1495 1213 1542 1247 ab

197 1262 286 1295 urbc
313 1263 508 1304 venerant,
536 1262 574 1295 et
600 1260 811 1295 contionem
838 1260 983 1304 accepit
1010 1260 1158 1303 Antoni,
1186 1271 1298 1304 quam
1324 1260 1434 1295 valde
1459 1270 1542 1304 pro·

196 1308 310 1351 bavit,
338 1310 377 1343 et
401 1308 478 1342 alia
503 1308 689 1352 cognovit,
717 1309 812 1342 unde
840 1307 1049 1342 revertendi
1076 1307 1273 1341 consilium
1298 1307 1408 1352 cepit.
1454 1306 1544 1342 Post

195 1354 443 1390 reversionem
471 1366 490 1389 e
516 1355 580 1388 via
604 1354 785 1399 languens
811 1353 850 1387 in
875 1356 1055 1397 senatum,
1083 1354 1145 1398 qui
1171 1354 1350 1388 Kalendis
1377 1353 1476 1399 Sept.
1504 1353 1543 1388 in

198 1403 288 1437 aede
315 1401 543 1436 Concordiae
569 1401 794 1441 habebatur,
826 1411 898 1435 non
926 1402 1038 1435 venit.
1090 1401 1169 1443 Quo
1195 1402 1359 1446 graviter
1384 1411 1542 1436 commo-

196 1452 256 1484 tus
277 1449 460 1483 Antonius
486 1448 611 1483 fabros
639 1458 677 1482 se
698 1448 894 1481 missurum
916 1450 954 1482 et
974 1448 1124 1482 domum
1146 1449 1223 1483 eius
1245 1448 1543 1482 disturbaturum

198 1496 372 1531 audiente
418 1499 548 1530 senatu
589 1495 696 1529 dixit.
755 1494 956 1535 Postridie,
1001 1494 1039 1528 id
1084 1497 1140 1529 est
1177 1495 1226 1529 IV
1264 1495 1390 1530 Nonas
1429 1494 1541 1540 Sept„

197 1543 323 1578 Cicero
357 1544 395 1577 in
422 1544 592 1578 senatum
618 1542 722 1577 venit
747 1543 899 1576 absente
925 1542 1089 1577 Antonio
1118 1546 1156 1577 et
1181 1542 1293 1586 hanc,
1326 1552 1421 1586 quae
1446 1542 1544 1576 infra.

196 1591 349 1635 legitur,
376 1591 582 1625 orationem
607 1589 750 1625 habuit.

160 1786 178 1875 ξ
286 1817 532 1871 Antequam
565 1817 615 1858 de
648 1830 692 1857 re
724 1816 915 1870 publica,
947 1818 1092 1870 patres
1125 1815 1369 1870 conscripti,
1401 1814 1542 1856 dicam

197 1891 257 1930 ea,
290 1890 397 1930 quae
424 1875 602 1916 dicenda
627 1875 708 1916 hoc
735 1877 927 1928 tempore
955 1875 1154 1928 arbitror,
1181 1888 1392 1928 exponam
1417 1873 1540 1915 vobis

195 1935 385 1976 breviter
417 1934 644 1976 consilium
676 1936 719 1974 et
750 1933 1030 1987 profectionis
1057 1936 1101 1974 et
1127 1932 1383 1974 reversionis
1410 1945 1539 1974 meae.

196 1993 292 2049 Ego
335 2007 433 2035 cum
471 2006 689 2046 sperarem
728 1992 956 2046 aliquando
996 1991 1048 2032 ad
1090 1994 1280 2033 vestrum
1313 1990 1540 2032 consilium

197 2052 587 2105 auctoritatemque
614 2065 704 2092 rem
729 2050 946 2104 publicam
973 2064 1066 2092 esse
1089 2053 1346 2103 revocatam,
1372 2062 1540 2090 manen—
1557 2066 1587 2093 ⁶,

197 2111 299 2152 dum
336 2110 443 2151 mihi
483 2110 728 2151 statuebam
767 2109 889 2163 quasi
925 2109 970 2150 in
1002 2109 1151 2164 vigilia
1183 2108 1366 2163 quadam
1392 2120 1539 2148 consu-

197 2169 278 2210 lari
317 2183 365 2210 ac
403 2169 629 2210 senatoria.
694 2166 784 2210 Nec
816 2182 916 2209 vero
948 2182 1130 2222 usquam
1163 2165 1432 2208 discedebam
1462 2179 1540 2207 nec

200 2242 224 2268 a
250 2242 294 2269 re
320 2227 494 2281 publica
519 2227 755 2268 deiciebam
781 2227 928 2268 oculos
955 2241 1006 2268 ex
1031 2241 1080 2268 eo
1107 2226 1185 2279 die,
1211 2239 1296 2279 quo
1323 2223 1367 2265 in
1393 2223 1541 2265 aedem

199 2285 384 2326 Telluris
425 2285 648 2327 convocati
688 2299 846 2326 sumus.
909 2284 959 2326 In
998 2299 1080 2338 quo
1114 2283 1294 2337 templo,
1331 2286 1539 2335 quantum
