1671 2543
224 90 283 131 80
397 89 450 125 IN
474 89 512 126 P.
539 88 782 124 VATINIUM
805 87 997 124 TESTEM
1019 88 1392 125 INTERROGATIO.

223 212 435 239 summam
465 197 594 238 fidem
624 195 973 251 probitatemque
1005 199 1253 252 cognosset,
1283 196 1559 252 graviterque

221 257 355 298 etiam
387 271 431 298 se
461 255 573 297 ferre
604 257 849 309 praetorem
880 255 1068 309 aliquem
1099 269 1191 296 esse
1221 255 1398 309 factum,
1430 255 1504 309 qui
1534 269 1561 295 a

225 315 313 357 suis
351 315 591 356 rationibus
630 313 922 368 dissensisset3
959 316 1053 355 tum
1086 313 1302 368 quaesisse
1335 313 1559 368 quendam,

224 374 275 414 de
307 373 482 414 Vatinio
517 387 642 427 quem
675 372 727 412 ad
759 371 935 413 modum
958 371 1108 426 ferret,
1139 372 1263 413 illum
1288 372 1560 426 respondisse

224 431 449 473 Vatinium
479 431 525 472 in
556 431 780 471 tribunatu
812 430 948 485 gratis
979 431 1088 472 nihil
1114 430 1284 485 fecisse,
1317 430 1391 484 qui
1417 430 1561 471 omnia
1597 440 1614 467 ⁵

224 491 270 531 in
298 490 479 545 pecunia
509 489 743 543 posuisset,
780 488 943 530 honore
976 489 1118 530 animo
1150 504 1286 543 aequo
1318 503 1462 530 carere
1494 489 1562 530 de—

165 549 211 580 39
224 549 335 590 bere.
399 548 560 597 Quodsi
593 547 704 601 ipse,
747 547 821 601 qui
858 550 901 588 te
940 562 1040 589 suae
1079 547 1305 603 dignitatis
1344 547 1561 602 augendae

225 621 353 648 causa
384 606 573 660 periculo
606 609 682 646 tuo
713 606 833 646 nullo
867 620 943 647 suo
970 606 1126 648 delicto
1152 606 1255 647 ferri
1280 605 1562 660 praecipitem

225 668 292 706 est
315 665 441 706 facile
466 679 632 719 passus,
659 667 806 705 tamen
830 667 873 705 te
894 665 1010 705 omni
1028 664 1191 706 honore
1211 664 1563 720 indignissimum

224 724 396 777 iudicat,
429 723 466 764 si
497 727 540 764 te
571 723 713 776 vicini,
745 723 782 763 si
809 723 980 777 adfines,
1013 723 1049 764 si
1074 723 1255 764 tribules
1281 723 1344 764 ita
1370 723 1563 776 oderunt,
1583 733 1617 759 10

224 785 273 823 ut
298 782 515 836 repulsam
539 784 660 822 tuam
685 781 954 835 triumphum
980 796 1105 822 suum
1131 781 1344 835 duxerint,
1375 781 1413 822 si
1437 795 1563 822 nemo

225 841 391 895 aspicit,
425 840 528 894 quin
557 840 834 895 ingemescat,
864 854 990 881 nemo
1022 840 1284 881 mentionem
1311 839 1429 893 facit,
1462 839 1566 893 quin

227 902 457 953 execretur,
491 899 526 939 si
553 898 704 951 vitant,
735 898 921 953 fugiunt,
953 898 1099 940 audire
1126 899 1175 940 de
1201 901 1245 939 te
1269 898 1435 952 nolunt,
1468 912 1566 939 cum

225 958 442 1012 viderunt,
479 960 703 1010 tamquam
735 957 974 1011 auspicium
1005 957 1167 999 malum
1199 957 1488 1011 detestantur,
1528 955 1564 997 si

226 1016 401 1071 cognati
433 1018 652 1069 respuunt,
684 1015 865 1056 tribules
898 1018 1162 1069 execrantur,
1192 1015 1322 1057 vicini
1353 1017 1562 1069 metuunt,
1584 1026 1618 1052 15

227 1075 387 1116 adfines
427 1075 703 1126 erubescunt,
742 1077 931 1115 strumae
963 1074 1143 1128 denique
1176 1074 1228 1115 ab
1263 1088 1334 1115 ore
1365 1073 1564 1128 improbo

226 1134 523 1188 demigrarunt
561 1135 604 1173 et
643 1132 738 1173 aliis
777 1133 863 1173 iam
902 1147 946 1173 se
977 1132 1083 1174 10013
1117 1133 1412 1186 conlocarunt,
1451 1132 1488 1173 si
1520 1145 1565 1173 es

227 1191 372 1232 odium
410 1191 630 1245 publicum
667 1191 834 1244 populi,
873 1193 1065 1244 senatus,
1102 1191 1400 1232 universorum
1430 1189 1566 1231 homi-

226 1264 330 1291 num
361 1249 697 1290 rusticanorum:
730 1249 830 1302 quid
858 1252 936 1303 est,
968 1263 1096 1303 quam
1124 1250 1178 1290 ob
1204 1263 1295 1290 rem
1319 1251 1566 1303 praeturam

227 1308 372 1361 potius
412 1310 587 1361 exoptes
621 1321 750 1361 quam
782 1310 983 1361 mortem,
1019 1307 1274 1361 praesertim
1307 1321 1403 1348 cum
1433 1321 1566 1361 popu—
1585 1320 1620 1345 20

228 1366 363 1407 larem
389 1368 432 1407 te
456 1366 562 1406 velis
590 1380 681 1406 esse
705 1380 844 1419 neque
869 1366 959 1406 ulla
983 1380 1028 1406 re
1053 1365 1213 1420 populo
1239 1365 1406 1420 gratius
1426 1365 1566 1407 facere

229 1424 400 1478 possis‘?
991 1436 994 1438 ·

169 1488 216 1518 40
320 1481 402 1523 Sed
432 1485 481 1522 ut
508 1482 735 1536 aliquando
764 1482 997 1536 audiamus,
1030 1497 1158 1536 quam
1184 1482 1354 1536 copiose
1380 1481 1488 1524 mihi
1514 1481 1568 1522 ad

230 1543 384 1594 rogata
432 1541 708 1594 respondeas,
758 1541 1009 1582 concludam
1050 1541 1137 1582 iam
1180 1541 1569 1596 interrogationem

231 1613 369 1639 meam
401 1601 528 1653 teque
559 1599 604 1639 in
636 1602 826 1640 extremo
858 1614 994 1653 pauca
1025 1599 1074 1640 de
1106 1600 1201 1653 ipsa
1233 1614 1361 1641 causa
1391 1599 1568 1654 rogabo.
1587 1612 1620 1638 25

164 1658 214 1698 17
234 1657 414 1710 Quaero,
447 1672 553 1711 quae
586 1660 709 1698 tanta
739 1658 786 1698 in
816 1660 858 1699 te
885 1658 1065 1711 vanitas,
1097 1660 1221 1699 tanta
1245 1658 1399 1699 levitas
1424 1657 1568 1711 fuerit,

230 1718 280 1756 ut
316 1716 362 1756 in
397 1715 479 1757 hoc
516 1716 673 1757 iudicio
705 1716 751 1757 T.
784 1716 975 1757 Annium
1011 1717 1148 1757 isdem
1185 1716 1327 1757 verbis
1359 1716 1568 1769 laudares,

233 1774 387 1827 quibus
420 1788 517 1815 eum
548 1774 689 1815 verbis
721 1774 893 1815 laudare
927 1778 969 1816 et
1000 1775 1104 1816 boni
1134 1775 1216 1816 viri
1247 1778 1290 1816 et
1321 1775 1423 1816 boni
1455 1775 1568 1816 cives

233 1835 503 1886 consuerunt,
536 1847 633 1874 cum
663 1833 709 1874 in
740 1833 919 1874 eundem
950 1848 1086 1887 nuper
1118 1833 1171 1874 ab
1205 1834 1350 1874 eadem
1381 1833 1458 1874 illa
1481 1835 1568 1873 tae-

231 1891 410 1932 terrima
445 1890 558 1931 furia
594 1891 827 1945 productus
866 1892 918 1933 ad
949 1892 1157 1946 populum
1188 1891 1461 1946 cupidissime
1492 1890 1568 1932 fal·
1588 1905 1622 1931 30

233 1964 327 1990 sum
377 1949 675 1990 testimonium
725 1950 892 1991 dixeris.
966 1950 1036 1991 An
1085 1950 1167 1991 erit
1210 1950 1316 1992 haec
1360 1950 1479 2004 optio
1526 1951 1570 1990 et

232 2010 427 2061 potestas
458 2010 546 2062 tua,
576 2011 637 2062 ut,
670 2023 766 2049 cum
798 2008 1026 2050 Clodianas
1059 2023 1209 2063 operas
1241 2012 1285 2049 et
1316 2008 1569 2049 facineroso-

234 2080 329 2106 rum
353 2066 578 2107 hominum
604 2069 646 2107 et
671 2066 938 2120 perditorum
964 2082 1138 2108 manum
1164 2067 1332 2120 videris,
1363 2065 1569 2106 Milonem

236 2124 368 2177 dicas,
413 2124 456 2165 id
495 2125 608 2178 quod
644 2124 690 2165 in
728 2125 926 2166 contione
966 2125 1130 2179 dixisti,
1175 2124 1487 2180 gladiatoribus
1525 2125 1569 2164 et

235 2181 452 2223 bestiariis
480 2183 696 2236 opsedisse
723 2197 814 2223 rem
839 2183 1074 2237 publicam,
1100 2197 1196 2224 cum
1222 2185 1366 2223 autem
1386 2182 1438 2222 ad
1458 2181 1568 2222 tales
1589 2197 1622 2222 35

237 2239 349 2280 viros
376 2241 553 2295 veneris,
583 2255 671 2282 non
697 2242 851 2282 audeas
879 2242 1014 2283 civem
1040 2241 1248 2296 singulari
1273 2240 1444 2294 virtute,
1475 2240 1569 2293 fide,

177 2310 222 2339 41
239 2298 482 2339 constantia
517 2299 790 2353 vituperare?
860 2298 959 2354 Sed,
1003 2314 1099 2341 cum
1135 2299 1182 2340 T.
1218 2298 1408 2340 Annium
1445 2301 1569 2340 tanto
