1671 2543
180 699 200 730 9

174 1430 200 1471 5

158 1490 225 1521 10.

161 2104 201 2134 11

215 116 299 157 118
395 115 459 150 DE
485 114 761 150 PROVINCIIS
789 113 1152 150 CONSULARIBUS
1180 113 1372 150 ORATIO.

212 238 414 278 praesens
447 224 491 264 in
519 223 736 265 mentibus
763 221 918 262 vestris
945 222 1164 276 oculisque
1190 222 1349 276 defixit,
1381 222 1558 263 audacia

212 283 383 336 loquor3
419 282 529 322 nihil
568 283 617 322 de
656 280 874 334 superbia,
898 281 1013 321 'nihil
1046 281 1096 321 de
1129 280 1416 333 contumacia,
1445 281 1557 321 nihil

214 341 264 382 de
310 341 561 382 crudelitate
606 340 792 393 disputo.
859 338 1044 380 Lateant
1088 339 1287 380 libidines
1329 339 1420 380 eius
1457 339 1556 380 illae

214 399 520 452 tenebricosae,
553 412 658 452 quas
690 397 831 438 fronte
864 400 907 438 et
939 398 1180 451 supercilio,
1210 412 1298 439 non
1328 398 1488 451 pudore
1515 400 1558 438 et

215 458 499 512 temperantia
532 457 808 511 contegebat,
845 456 895 497 de
926 456 1148 510 provincia
1180 457 1293 510 quod
1322 456 1483 511 agitur,
1515 456 1559 497 id

214 517 399 570 disputo.
473 515 585 556 Huic
634 529 710 556 vos
758 529 845 555 non
891 514 1191 568 summittetis,
1240 515 1353 556 hunc
1397 514 1558 556 diutius

214 589 385 616 manere
423 573 677 628 patiemini?
722 573 859 627 cuius,
902 576 951 614 ut
987 573 1253 627 provinciam
1293 573 1459 628 tetigit,
1497 574 1558 614 sic

214 633 389 674 fortuna
435 647 530 674 cum
573 631 852 686 improbitate
897 632 1096 686 certavit,
1139 635 1187 673 ut
1230 646 1356 673 nemo
1399 635 1559 686 posset,

215 695 360 733 utrum
403 691 646 745 protervior
689 705 744 731 an
786 690 999 731 infelicior
1043 694 1174 744 esset,
1216 690 1416 732 iudicare.
1489 690 1559 731 An

215 765 314 791 vero
358 750 403 790 in
441 749 565 803 ,Syria
604 749 764 789 diutius
805 751 870 789 est
909 748 1156 790 Semiramis
1195 749 1270 790 illa
1307 749 1558 790 retinenda?

216 809 335 850 0111115
367 809 449 849 iter
481 809 525 848 in
556 807 822 862 provinciam
854 807 938 848 fuit
970 807 1060 848 eius
1092 808 1220 860 modi,
1251 810 1300 848 ut
1332 822 1406 848 rex
1436 806 1559 849 Ario-

215 868 419 908 barzanes
452 866 671 907 consulem
696 869 887 907 vestrum
914 866 966 906 ad
993 866 1163 907 caedem
1189 866 1428 907 faciendam
1453 868 1559 906 tam-

216 941 342 979 quam
370 925 556 979 aliquem
581 923 815 966 Thraecem
842 925 1107 966 conduceret.
1163 924 1326 966 Deinde
1353 925 1560 965 adventus

214 984 259 1024 in
297 983 465 1038 Syriam
508 983 672 1037 primus
717 983 934 1037 equitatus
977 983 1131 1024 habuit
1174 983 1416 1036 interitum,
1460 985 1561 1037 post

215 1043 408 1084 concisae
436 1045 537 1083 sunt
563 1042 753 1096 optimae
780 1042 991 1083 cohortes.
1041 1040 1219 1096 Igitur
1208 1057 1253 1082 111
1281 1040 1440 1095 Syria
1430 1056 1560 1095 impe-

214 1104 357 1142 ratore
394 1101 470 1141 illo
507 1101 616 1141 nihil
656 1100 770 1141 aliud
808 1115 932 1153 neque
964 1104 1119 1153 qest-um
1148 1115 1286 1154 neque
1319 1103 1463 1141 actum
1495 1102 1561 1140 est

213 1160 297 1200 nisi
340 1160 562 1213 pactiones
606 1159 883 1212 pecuniarum
922 1174 1018 1200 cum
1056 1160 1269 1213 tyrannis,
1313 1159 1561 1213 decisiones,

214 1218 488 1272 direptiones,
503 1217 744 1270 latrocinia,
765 1218 924 1271 caedes,
945 1232 1041 1258 cum
1054 1218 1198 1271 palam
1211 1217 1361 1272 populi
1375 1217 1559 1258 Romani

214 1277 450 1330 imperator
481 1276 693 1316 instructo
727 1276 915 1316 exercitu
947 1276 1166 1316 dexteram
1192 1276 1370 1317 tendens
1395 1290 1482 1316 non
1508 1275 1560 1316 ad

215 1335 384 1375 laudem
420 1334 580 1374 milites
618 1334 883 1388 hortaretur,
921 1335 994 1374 sed
1034 1335 1177 1375 omnia
1214 1334 1296 1375 sibi
1335 1336 1378 1374 et
1416 1336 1561 1387 empta

216 1397 259 1434 et
292 1393 471 1433 emenda
503 1407 594 1433 esse
628 1392 843 1433 clamaret.

303 1450 396 1491 Iam
433 1465 533 1491 vero
569 1451 823 1504 publicanos
860 1451 1039 1492 miseros
1077 1450 1162 1506 (me
1195 1451 1326 1492 etiam
1358 1451 1559 1492 miserum

215 1510 388 1550 1110111111
420 1509 483 1549 ita
514 1509 564 1550 de
596 1524 663 1550 me
695 1510 949 1551 meritorum
975 1509 1158 1550 miseriis
1186 1524 1235 1550 ac
1261 1510 1444 1563 dolore!)
1478 1512 1560 1550 tra-

216 1568 324 1608 didit
354 1568 400 1608 in
431 1567 684 1608 servitutem
716 1567 884 1609 Iudaeis
917 1571 960 1608 et
994 1567 1130 1621 Syris,
1164 1567 1413 1609 nationibus
1445 1568 1559 1608 natis

216 1626 427 1667 servituti.
491 1625 656 1667 Statuit
688 1627 741 1667 ab
774 1626 898 1667 initio
931 1629 974 1667 et
1005 1627 1051 1667 in
1083 1641 1131 1667 eo
1161 1626 1462 1680 perseveravit,
1493 1626 1560 1667 ius

215 1685 444 1739 publicano
470 1699 557 1725 non
584 1685 741 1738 dicere,
766 1685 987 1738 pactiones
1015 1685 1105 1725 sine
1131 1685 1221 1725 ulla
1245 1685 1402 1725 iniuria
1423 1684 1560 1726 factas

216 1743 402 1797 rescidit,
434 1743 650 1784 custodias
677 1744 865 1797 sustulit,
890 1743 1115 1798 vectigalis
1142 1743 1302 1784 multos
1329 1758 1378 1784 ac
1404 1743 1560 1797 stipen-

217 1802 374 1843 diarios
417 1801 636 1855 liberavit,
681 1816 765 1855 quo
804 1802 849 1842 in
887 1802 1044 1856 oppido
1082 1802 1173 1855 ipse
1212 1804 1325 1843 esset
1364 1804 1438 1842 aut
1476 1816 1560 1855 quo

215 1860 392 1914 veniret,
442 1860 503 1900 ibi
552 1860 829 1914 publicanum
876 1863 950 1901 aut
993 1860 1211 1914 publicani
1256 1874 1425 1901 servum
1470 1874 1561 1901 esse

216 1918 366 1959 vetuit.
429 1918 540 1967 Quid
578 1919 743 1959 multa‘?
779 1918 961 1960 crudelis
992 1919 1240 1972 haberetur,
1279 1918 1315 1959 si
1347 1919 1391 1959 in
1421 1918 1560 1959 hostis

218 1977 359 2017 animo
404 1976 557 2018 fuisset
601 1992 668 2030 eo,
714 1992 797 2031 quo
842 1977 924 2018 fuit
967 1977 1011 2018 in
1051 1977 1153 2018 civis
1191 1977 1427 2030 Romanos,
1471 1977 1561 2017 eius

218 2035 379 2076 ordinis
401 2036 668 2089 praesertim,
689 2036 762 2089 qui
783 2039 848 2076 est
862 2050 1030 2089 semper
1037 2050 1115 2088 pro
1129 2035 1341 2090 dignitate
1356 2049 1434 2075 sua
1446 2035 1561 2076 beni-

220 2094 386 2147 gnitate
426 2094 708 2148 magistratus
742 2097 1020 2135 sustentatus.
1082 2093 1252 2147 Itaque,
1289 2095 1434 2147 patres
1467 2107 1562 2134 con—

220 2151 381 2205 scripti,
406 2152 561 2193 videtis
587 2167 674 2193 non
699 2153 942 2194 temeritate
970 2151 1275 2206 redemptionis
1303 2154 1377 2192 aut
1396 2151 1560 2205 negotii

220 2210 393 2263 gerendi
408 2210 592 2265 inscitia,
612 2211 685 2252 sed
699 2211 892 2265 avaritia,
906 2211 1118 2265 superbia,
1133 2209 1386 2251 crudelitate
1404 2209 1561 2250 Gabini

219 2281 352 2319 paene
388 2268 583 2310 adflictos
614 2270 700 2310 iam
734 2271 861 2322 atque
895 2283 1063 2310 eversos
1096 2268 1367 2322 publicanos,
1405 2268 1561 2321 quibus

220 2326 391 2377 quidem
423 2341 498 2367 vos
531 2328 575 2368 in
606 2328 672 2368 his
706 2328 917 2382 angustiis
945 2327 1098 2368 aerarii
1125 2329 1268 2367 tamen
1296 2326 1561 2367 subveniatis

1580 765 1613 789 10

1581 1057 1613 1082 15

1580 1351 1614 1375 20

1580 1642 1613 1668 25

1577 1936 1615 1962 ,30

1582 2226 1614 2252 35
