1671 2543
194 133 279 172 546
371 131 422 166 ΙΝ
448 131 495 166 M.
522 130 778 166 ANTONIUM
805 130 981 166 ORATIO
1008 131 1274 167 PHILIPPICA
1300 131 1395 167 XIII.

195 240 285 295 ipse
318 254 343 281 a
373 254 429 282 se.
492 240 701 294 Apertam
733 240 895 281 curiam
928 240 1035 281 vidit
1066 242 1164 294 post
1196 238 1390 282 Caesaris
1422 255 1532 281 mor·

195 302 296 353 tem,
328 299 514 340 mutavit
540 299 716 353 calceos,
748 301 871 353 pater
897 298 1164 353 conscriptus
1192 301 1365 353 repente
1391 298 1530 341 factus

195 360 272 399 est.
332 357 432 399 Non
469 357 570 399 novi
609 355 701 399 Sex.
740 357 982 411 Albesium,
1026 357 1098 399 sed
1137 361 1281 398 tamen
1317 357 1531 399 neminem

195 419 284 458 tam
334 416 589 458 maledicum
630 415 802 469 offendi,
853 416 924 470 qui
969 416 1091 457 illum
1134 418 1311 471 negaret
1353 415 1531 472 dignum

194 475 358 516 Antoni
398 478 560 516 senatu.
622 474 827 516 Arbitror
864 489 930 515 me
969 475 1135 529 aliquos
1168 474 1442 529 praeterisse3
1480 474 1529 516 de

195 533 248 575 iis
294 537 456 588 tamen,
494 534 567 588 qui
605 533 903 587 occurrebant,
942 536 1082 576 tacere
1119 548 1205 575 non
1242 533 1375 588 potui.
1436 532 1531 576 Hoc

195 593 329 648 igitur
374 591 510 634 fretus
554 595 705 634 senatu
749 591 1058 646 Pompeianum
1099 594 1295 634 senatum
1339 592 1531 647 despicit,

196 651 240 692 111
266 665 350 705 quo
377 651 520 693 decem
541 651 700 693 fuimus
722 651 984 705 consulares,
1011 651 1083 705 qui
1104 651 1140 692 si
1161 665 1307 692 omnes
1328 651 1532 706 viverent,

195 709 357 751 bellum
395 710 568 751 omnino
607 710 688 752 hoc
723 724 810 751 non
842 709 1012 764 fuisset,
1050 710 1301 752 auctoritati
1333 709 1532 751 cessisset

137 777 179 808 29
195 769 382 810 audacia.
441 767 522 810 Sed
550 771 758 823 quantum
783 768 985 823 praesidii
1010 768 1141 810 fuerit
1167 769 1211 810 in
1237 768 1402 823 ceteris,
1432 767 1532 810 hinc

194 826 389 882 intellegi
415 830 572 881 potest,
605 828 717 882 quod
744 841 823 882 ego
850 842 958 868 unus
985 827 1160 869 relictus
1187 842 1237 868 ex
1263 827 1411 868 multis
1437 841 1533 869 con-

197 886 289 927 tudi
327 890 370 927 et
408 885 518 941 fregi
551 886 852 927 adiuvantibus
885 886 1006 927 vobis
1040 886 1273 927 exultantis
1306 885 1532 940 praedonis

134 948 181 988 14
196 944 428 986 audaciam.
487 943 646 994 Quodsi
671 959 758 986 non
783 944 977 986 Fortuna
1000 945 1125 986 nobis
1153 945 1278 986 modo
1305 944 1534 999 eripuisset

198 1002 286 1045 Ser.
321 1002 559 1069 Sulpicium
591 1004 765 1057 eiusque
799 1003 1009 1058 collegam
1041 1006 1151 1056 ante,
1184 1003 1240 1044 M.
1269 1002 1533 1057 Marcellum,

196 1061 322 1117 (quos
355 1062 472 1114 civis,
507 1077 613 1117 quos
647 1061 798 1117 virosi)
832 1061 869 1103 si
895 1063 999 1104 (11103
1026 1062 1221 1104 9011311193
1250 1062 1531 1104 amicissimos

196 1121 361 1175 patriae
395 1121 522 1162 simul
553 1135 605 1162 ex
636 1120 765 1162 ltalia
797 1121 973 1174 eiectos,
1006 1121 1042 1162 si
1073 1119 1121 1163 L.
1152 1120 1392 1176 Afranium,
1423 1135 1533 1162 sum-

198 1195 314 1221 mum
353 1180 521 1234 ducem,
560 1180 596 1221 31
634 1179 679 1220 Ρ.
712 1179 961 1234 Lentulum,
998 1180 1133 1221 civem
1171 1194 1267 1221 cum
1304 1180 1349 1221 in
1380 1179 1533 1222 ceteris

197 1239 337 1292 rebus,
369 1241 462 1279 tum
494 1238 539 1280 in
571 1239 708 1280 salute
742 1253 836 1279 mea
864 1239 1137 1293 singularem,
1170 1238 1206 1279 31
1232 1239 1293 1280 M.
1318 1237 1534 1292 Bibulum,

198 1297 317 1338 cuius
345 1301 411 1338 est
437 1297 482 1338 in
508 1311 598 1338 rem
624 1297 840 1351 publicam
867 1311 1034 1351 semper
1059 1297 1214 1338 merito
1241 1297 1415 1338 laudata
1439 1311 1533 1338 con-

198 1355 378 1409 stantia,
417 1355 453 1396 si
485 1354 531 1396 L.
564 1354 822 1420 Domitium,
860 1355 1279 1409 praestantissimum
1312 1355 1465 1408 civem,
1497 1354 1533 1396 si

198 1413 388 1468 Appium
421 1412 647 1455 Claudium
686 1414 779 1467 pari
815 1414 1043 1455 nobilitate
1082 1416 1125 1454 et
1163 1414 1384 1455 voluntate
1416 1427 1534 1468 prae-

199 1473 349 1526 ditum,
382 1472 418 1513 si
451 1472 496 1513 P.
531 1471 787 1526 Scipionem,
820 1472 1105 1513 clarissimum
1138 1472 1276 1513 virum
1309 1472 1535 1514 maiorum-

199 1546 280 1586 que
314 1546 490 1572 suorum
523 1531 802 1584 simillimum,
834 1545 901 1572 res
933 1531 1105 1584 publica
1136 1533 1278 1572 tenere
1311 1531 1536 1585 potuisset,

200 1593 313 1631 certe
340 1590 391 1630 iis
421 1590 717 1631 consularibus
744 1604 830 1631 11011
855 1593 969 1630 esset
996 1589 1279 1643 Pompeianus
1306 1589 1535 1644 despicien—

144 1659 184 1689 30
200 1649 278 1689 dus
311 1651 496 1689 senatus.
553 1647 710 1690 Utrum
743 1648 877 1703 igitur
904 1648 1091 1702 aequius,
1124 1651 1269 1689 utrum
1295 1648 1447 1689 melius
1474 1648 1533 1689 rei

201 1707 395 1761 publicae
428 1706 511 1748 fuit
543 1705 618 1749 Cn.
651 1706 903 1761 Pompeium
935 1722 989 1748 an
1021 1710 1231 1748 sectorem
1258 1705 1332 1748 Cn.
1358 1706 1533 1761 Pompei

201 1766 352 1818 vivere,
384 1765 652 1807 Antonium?
710 1765 792 1814 Qui
824 1780 923 1806 vero
956 1765 1178 1820 praetorii!
1212 1780 1393 1820 quorum
1423 1765 1535 1820 prin-

202 1839 299 1878 ceps
332 1823 388 1865 M.
416 1823 523 1866 Cato
556 1824 752 1878 idemque
785 1824 975 1865 omnium
1008 1825 1202 1879 gentium
1234 1824 1393 1865 virtute
1424 1824 1535 1878 prin-

202 1897 312 1937 ceps.
374 1881 483 1931 Quid
515 1883 703 1937 reliquos
737 1882 997 1924 clarissimos
1030 1882 1144 1923 viros
1178 1882 1534 1924 commemorem?

201 1940 354 1983 Nostis
391 1956 549 1982 omnes.
611 1941 752 1996 Magis
785 1956 944 1995 vereor,
973 1955 1026 1982 ne
1057 1941 1235 1996 longum
1267 1955 1332 1982 me
1364 1941 1409 1982 111
1440 1955 1535 1982 91111-

204 1999 404 2041 merando
444 2014 572 2054 quam
610 2015 662 2041 ne
695 2000 914 2055 ingratum
945 2000 990 2040 in
1020 2000 1330 2054 praetereundo
1362 1999 1536 2054 putetis.

202 2057 283 2107 Qui
333 2058 535 2112 aedilicii,
585 2059 656 2113 qui
701 2058 937 2111 tribunicii,
985 2059 1057 2112 qui
1102 2058 1353 2113 quaestorii!
1427 2055 1536 2107 Quid

203 2117 369 2158 multa?
426 2117 526 2158 talis
582 2120 829 2158 senatorum
879 2119 922 2158 et
973 2117 1160 2172 dignitas
1212 2120 1255 2158 et
1304 2116 1535 2158 multitudo

203 2175 303 2229 fuit,
340 2178 389 2216 ut
428 2189 584 2230 magna
622 2175 892 2217 excusatione
932 2190 1038 2229 opus
1076 2175 1128 2216 iis
1168 2175 1242 2229 sit,
1281 2175 1352 2230 qui
1386 2175 1431 2216 111
1462 2174 1536 2215 illa

143 2238 189 2278 15
205 2238 345 2275 castra
376 2249 463 2275 non
495 2237 711 2276 venerunt.
773 2233 897 2275 Nunc
930 2234 1094 2288 reliqua
1125 2234 1345 2275 attendite.
1402 2231 1536 2274 ‘Vic-
1557 2253 1570 2273 s
1614 2255 1626 2277 ,’

205 2295 308 2332 tum
341 2291 635 2334 Ciceronem
673 2293 844 2334 ducem
882 2292 1168 2334 habuistis.'
1230 2291 1294 2333 Eo
1331 2290 1536 2332 libentius

207 2349 385 2390 ‘ducem'
425 2351 568 2405 audio,
608 2352 719 2405 quod
758 2354 871 2393 certe
909 2351 980 2392 ille
1013 2351 1117 2392 dicit
1146 2350 1324 2402 invitus3
1360 2363 1460 2390 nam
1486 2349 1539 2408 de-

1553 782 1586 809 10

1554 1076 1586 1103 1⁵

1553 1371 1586 1396 20

1555 1663 1587 1689 25

1555 1954 1671 1995 soff.

1659 314 1662 331 Ι
