1671 2543
135 1224 186 1263 12

143 1282 187 1313 27

147 2239 192 2270 28

192 87 246 127 12
576 83 669 118 PRO
696 83 734 119 P.
763 81 924 117 SESTIO
950 81 1139 117 ORATIO.

191 208 342 248 meque
385 193 471 234 iam
512 192 628 233 omni
671 190 837 231 ratione
874 190 1042 244 privato
1084 188 1283 241 consilio,
1328 187 1530 242 quoniam

191 252 376 307 publicis
426 251 603 292 ducibus
654 264 721 290 res
770 248 944 302 publica
993 250 1172 300 careret,
1222 246 1530 287 defendendum

192 312 412 365 putarunt.
473 309 583 351 Erat
616 308 763 349 eodem
789 310 981 361 tempore
1015 309 1187 347 senatus
1219 305 1265 346 in
1296 305 1397 346 aede
1424 303 1531 346 Con-

194 369 379 422 cordiae,
417 368 531 422 quod
561 367 703 421 ipsum
740 365 949 419 templum
986 364 1337 420 repraesentabat
1373 377 1531 404 memo-

193 428 303 468 riam
342 427 590 468 consulatus
628 425 729 478 mei,
768 438 864 465 cum
899 424 1005 465 fiens
1043 423 1266 464 universus
1305 422 1407 464 ordo
1447 421 1530 463 cin-

195 486 415 527 cinnatum
447 484 666 526 consulem
694 483 864 536 orabat,
893 497 994 523 nam
1025 482 1134 523 alter
1159 482 1232 522 ille
1256 480 1457 522 horridus
1489 482 1532 520 et

196 559 367 585 severus
395 543 590 585 consulto
620 556 663 583 se
690 541 805 582 domi
832 541 1090 582 continebat.
1153 539 1246 589 Qua
1271 542 1364 580 tum
1391 553 1533 592 super-

195 603 268 644 bia
300 617 478 644 caenum
517 601 623 641 illud
656 615 703 641 ac
740 600 859 640 labes
892 598 1149 653 amplissimi
1188 598 1347 640 ordinis
1385 611 1532 652 preces

197 665 241 702 et
261 661 597 702 clarissimorum
619 659 777 700 civium
800 658 1000 699 lacrimas
1021 657 1273 712 repudiavit,
1299 670 1365 697 me
1390 657 1533 710 ipsum

195 722 245 760 ut
284 718 543 772 contempsit
579 718 723 759 helluo
760 717 943 771 patriae!
987 731 1088 757 nam
1126 715 1227 770 quid
1264 729 1343 770 ego
1387 714 1533 768 ‘patri-

197 778 345 819 monii’
378 778 528 830 dicam,
561 776 673 830 quod
703 776 776 816 1116
808 778 914 829 tum,
944 775 1073 828 †qua
1105 776 1332 828 quaestum
1362 772 1536 827 faceret,

198 836 372 877 amisit?
434 835 627 876 Venistis
673 835 725 875 ad
763 836 959 875 senatum
995 847 1089 886 vos,
1133 833 1326 886 inquam,
1370 831 1535 885 equites

198 895 382 936 Romani
414 897 457 935 et
490 908 636 935 omnes
667 893 770 934 boni
796 895 914 933 veste
947 894 1114 932 mutata
1139 905 1298 944 vosque
1329 904 1407 944 pro
1441 903 1535 930 meo

199 953 337 1007 capite
376 953 427 993 ad
464 952 590 1006 pedes
630 951 793 992 lenonis
832 950 1097 1005 inpurissimi
1134 949 1396 1003 proiecistis,
1439 963 1536 989 cum

198 1011 352 1052 vestris
391 1011 588 1065 precibus
628 1010 680 1050 ab
718 1010 885 1050 latrone
922 1009 997 1050 illo
1036 1008 1271 1062 repudiatis
1303 1007 1368 1048 vir
1404 1007 1536 1048 incre-

199 1070 322 1111 dibili
352 1070 445 1123 fide,
478 1068 772 1123 magnitudine
806 1067 948 1121 animi,
981 1066 1236 1120 consta-ntia,
1267 1065 1313 1107 L.
1339 1065 1538 1119 Ninnius,

200 1129 253 1169 ad
277 1131 472 1169 senatum
499 1127 548 1168 de
575 1141 619 1167 re
645 1126 819 1180 publica
843 1125 1026 1178 rettulit,
1053 1128 1311 1178 senatusque
1337 1124 1536 1178 frequens

201 1189 365 1228 vestem
395 1200 473 1239 pro
506 1199 601 1225 mea
633 1185 771 1225 salute
803 1183 1051 1224 mutandam
1083 1183 1260 1224 censuit.

291 1244 326 1286 O
360 1244 472 1284 diem
502 1243 645 1295 illum,
677 1242 850 1295 iudices,
881 1241 1099 1282 funestum
1131 1241 1298 1282 senatui
1328 1240 1536 1294 bonisque

203 1303 413 1354 omnibus,
444 1301 507 1342 rei
532 1300 728 1354 publicae
754 1301 1010 1353 luctuosum,
1042 1299 1147 1340 mihi
1173 1300 1226 1340 ad
1255 1299 1537 1340 domesticum

202 1374 439 1402 maerorem
471 1373 663 1413 gravem,
701 1359 754 1399 ad
784 1358 1053 1412 posteritatis
1094 1357 1345 1398 memoriam
1383 1357 1537 1412 glorio-

203 1419 316 1460 sum!
380 1417 491 1466 Quid
523 1417 636 1458 enim
669 1417 894 1470 quisquam
925 1419 1070 1470 potest
1102 1430 1151 1457 ex
1185 1416 1300 1457 omni
1332 1416 1539 1457 memoria

203 1491 369 1518 sumere
396 1476 621 1516 inlustrius
655 1490 783 1529 quam
807 1490 884 1528 pro
917 1490 1001 1516 uno
1034 1474 1123 1516 cive
1156 1477 1199 1515 et
1229 1475 1365 1515 bonos
1399 1474 1537 1515 omnis

202 1536 371 1589 privato
404 1548 614 1575 consensu
645 1537 688 1574 et
727 1533 973 1574 universum
1006 1536 1201 1574 senatum
1232 1533 1404 1586 publico
1444 1547 1538 1574 con-

204 1594 300 1634 silio
333 1596 522 1633 mutasse
548 1592 740 1633 vestem?
773 1606 879 1645 quae
913 1592 1082 1645 quidem
1113 1594 1205 1632 tum
1238 1591 1421 1632 mutatio
1452 1605 1539 1633 non

204 1651 517 1705 deprecationis
545 1665 673 1691 causa
699 1653 765 1691 est
790 1650 917 1703 facta,
949 1650 1021 1691 sed
1048 1650 1200 1691 luctus.
1263 1649 1400 1698 Quem
1426 1650 1539 1691 enim

204 1711 488 1763 deprecarere,
521 1723 616 1749 cum
643 1723 789 1750 omnes
822 1711 964 1749 essent
996 1709 1215 1762 sordidati,
1248 1723 1427 1762 cumque
1457 1708 1540 1749 hoc

205 1768 310 1809 satis
338 1770 450 1808 esset
479 1767 591 1822 signi
624 1781 715 1808 esse
741 1767 982 1821 inprobum,
1015 1767 1087 1820 qui
1113 1769 1281 1808 mutata
1305 1769 1422 1808 veste
1452 1780 1539 1807 non

205 1826 346 1867 esset?
414 1825 508 1866 Hac
552 1825 790 1866 mutatione
834 1826 965 1866 vestis
1009 1825 1125 1866 facta
1167 1828 1290 1866 tanto
1334 1825 1378 1865 in
1419 1825 1538 1866 luctu

205 1884 394 1926 civitatis
441 1884 595 1925 omitto
647 1883 748 1938 quid
788 1883 863 1924 ille
912 1884 1110 1926 tribunus
1164 1884 1353 1925 omnium
1397 1897 1538 1923 rerum

205 1943 443 1983 divinarum
479 1942 846 1996 humanarumque
883 1943 1039 1996 praedo
1082 1942 1249 1995 fecerit,
1287 1941 1360 1995 qui
1392 1941 1538 1982 adesse

203 2001 497 2041 nobilissimos
535 2001 846 2054 adulescentes,
885 2001 1213 2042 honestissimos
1252 1999 1416 2052 equites
1456 1999 1539 2041 Ro-

206 2073 366 2112 manos,
398 2059 695 2112 deprecatores
728 2059 879 2099 salutis
912 2074 1030 2100 meae
1061 2056 1236 2100 iuss'erit
1262 2071 1418 2111 eosque
1445 2072 1539 2111 ope-

206 2131 350 2157 rarum
382 2131 555 2158 suarum
587 2116 740 2172 gladiis
779 2120 822 2157 et
852 2118 1067 2171 lapidibus
1100 2116 1321 2168 obiecerit,
1362 2116 1412 2156 de
1444 2130 1538 2156 con-

1553 731 1588 756 10

1556 1023 1589 1049 15

1557 1316 1591 1340 20

1557 1607 1592 1633 25

1557 1900 1593 1925 30

207 2175 371 2215 sulibus
402 2175 572 2229 loquor,
611 2189 792 2229 quorum
830 2175 911 2216 fide
950 2190 1016 2217 res
1052 2175 1225 2229 publica
1260 2173 1342 2215 niti
1379 2173 1537 2215 debuit.
1556 2189 1592 2216 35

206 2232 489 2273 Exanimatus
528 2234 670 2274 evolat
707 2247 758 2274 ex
795 2236 945 2274 senatu
981 2247 1068 2274 non
1105 2232 1244 2274 minus
1285 2233 1537 2286 perturbato

207 2291 349 2331 animo
395 2293 521 2341 atque
565 2292 704 2344 voltu,
748 2305 876 2343 quam
919 2292 955 2332 si
1000 2291 1120 2332 annis
1164 2293 1262 2331 ante
1304 2290 1451 2344 paucis
1495 2290 1539 2332 in
