1671 2543
559 106 659 142 CAP.
688 111 823 142 15—17
852 110 872 150 ξ,
897 110 1046 142 40-46.
1393 107 1479 148 453

137 218 258 273 prius
309 217 494 259 confecit
543 216 795 270 exercitum,
846 230 973 270 quem
1021 214 1157 256 furori
1207 213 1264 256 M.
1314 213 1479 256 Antoni

139 279 391 332 opponeret,
430 290 559 330 quam
597 275 824 329 quisquam
861 274 943 316 hoc
982 288 1078 315 eum
1116 273 1306 329 cogitare
1346 274 1480 328 suspi-

140 338 320 378 caretur.
370 334 519 390 Magni
543 334 729 375 honores
755 333 894 374 habiti
916 332 990 375 Cn.
1010 332 1229 387 Pompeio,
1250 347 1347 374 cum
1367 335 1481 374 esset

139 394 401 448 adulescens,
433 397 476 435 et
508 392 680 448 quidem
711 392 812 434 iure.
877 390 1086 433 Subvenit
1117 391 1231 432 enim
1256 391 1318 433 rei
1343 391 1481 445 publi-

103 467 119 492 5
140 468 230 508 cae,
275 452 350 494 sed
394 454 534 494 aetate
576 452 713 493 multo
754 451 975 493 robustior
1018 453 1061 492 et
1105 450 1293 492 militum
1331 450 1482 492 ducem

139 511 437 568 quaerentium
475 510 617 553 studio
661 510 855 565 paratior
893 512 936 551 et
973 509 1018 550 in
1055 509 1139 550 alio
1173 523 1328 564 genere
1365 508 1481 550 belli.

137 571 239 613 Non
288 571 402 612 enim
453 570 651 612 omnibus
703 568 847 611 Sullae
898 583 1026 610 causa
1070 570 1206 624 grata.
1279 567 1483 610 Declarat

138 630 372 672 multitudo
410 629 770 684 proscriptorum,
808 630 876 670 tot
907 627 1239 682 municipiorum
1270 627 1482 669 maximae

140 689 422 732 calamitates.
479 687 636 730 Caesar
662 690 807 729 autem
834 687 955 728 annis
982 686 1132 727 multis
1160 686 1300 727 minor
1319 688 1481 727 vetera·
1495 687 1542 719 44

86 761 120 786 10
138 763 218 790 nos
251 747 462 802 cupientis
488 747 573 788 iam
607 746 871 801 requiescere
899 745 1101 799 armavit3
1133 759 1226 786 eam
1253 744 1484 799 conplexus

140 809 206 849 est
244 820 434 860 causam,
479 820 586 860 quae
625 808 739 847 esset
777 805 962 858 senatui,
1008 818 1114 858 quae
1152 803 1331 858 populo,
1376 816 1484 857 quae

141 868 319 908 cunctae
362 864 534 919 Italiae,
579 879 686 919 quae
731 864 794 905 dis
838 863 1170 917 hominibusque
1210 862 1484 918 gratissuma.

139 925 199 966 Et
260 923 492 979 Pompeius
555 924 607 965 ad
662 922 710 964 L.
767 922 910 965 Sullae
966 922 1201 962 maximum
1256 920 1485 975 imperium

141 984 434 1037 victoremque
460 982 695 1025 exercitum
721 982 920 1036 accessit,
946 980 1103 1023 Caesar
1128 994 1173 1021 se
1200 979 1253 1021 ad
1271 979 1486 1021 neminem

88 1055 121 1080 15
142 1042 357 1096 adiunxit3
393 1042 485 1096 ipse
517 1042 716 1096 princeps
749 1041 960 1082 exercitus
992 1039 1175 1081 faciendi
1208 1041 1251 1080 et
1281 1037 1485 1093 praesidii

142 1100 404 1155 conparandi
440 1099 536 1141 fuit.
604 1099 684 1141 Ille
724 1099 1066 1141 adversariorum
1103 1097 1301 1152 partibus
1334 1110 1487 1152 agrum

141 1159 348 1201 Picenum
378 1159 533 1200 habuit
565 1158 800 1212 inimicum,
830 1158 901 1200 hic
933 1172 984 1198 ex
1015 1157 1181 1198 Antoni
1213 1155 1380 1209 amicis,
1413 1154 1487 1197 sed

143 1218 421 1260 amicioribus
452 1218 669 1259 libertatis
703 1220 854 1259 contra
885 1216 1124 1258 Antonium
1158 1214 1342 1256 confecit
1374 1228 1488 1255 exer-

143 1277 288 1320 citum.
356 1276 479 1317 Illius
519 1276 672 1330 opibus
712 1275 832 1318 Sulla
869 1275 1083 1330 regnavit,
1114 1274 1242 1315 huius
1273 1273 1487 1328 praesidio

90 1349 124 1374 20
143 1335 308 1378 Antoni
340 1335 585 1377 dominatus
619 1349 848 1389 oppressus
876 1337 952 1376 est.
1007 1333 1169 1374 Demus
1195 1332 1332 1387 igitur
1356 1331 1545 1386 impe-45

143 1395 257 1436 rium
277 1393 463 1448 Caesari,
490 1394 580 1435 sine
602 1408 685 1448 quo
707 1408 774 1435 res
795 1393 997 1435 militaris
1019 1391 1325 1445 administrari,
1351 1390 1489 1432 teneri

144 1454 370 1508 exercitus,
401 1453 565 1495 bellum
597 1453 690 1507 geri
719 1467 807 1494 non
832 1454 995 1507 potest3
1027 1451 1084 1492 sit
1109 1465 1187 1506 pro
1213 1452 1412 1504 praetore
1439 1463 1488 1491 eo

143 1513 254 1566 iure,
303 1526 386 1566 quo
437 1512 510 1566 qui
555 1512 735 1566 optimo.
810 1511 893 1560 Qui
935 1511 1074 1552 honos
1120 1523 1381 1563 quamquam
1425 1510 1490 1550 est

146 1583 329 1626 magnus
378 1570 442 1611 illi
494 1571 644 1624 aetati,
699 1573 845 1611 tamen
895 1569 947 1610 ad
995 1568 1299 1610 necessitatem
1347 1581 1490 1608 rerum

91 1643 126 1668 25
147 1629 449 1685 gerendarum,
484 1643 571 1670 non
604 1629 744 1670 solum
776 1629 828 1669 ad
861 1628 1117 1683 dignitatem
1148 1626 1276 1667 valet.
1335 1624 1490 1680 Itaque

146 1689 222 1729 illa
260 1701 514 1742 quaeramus
523 1720 533 1739 ,
572 1701 679 1740 quae
715 1687 787 1728 vix
823 1687 1030 1727 hodierno
1070 1684 1136 1725 die
1169 1697 1489 1737 consequemur.

116 1745 231 1789 -Sed
288 1760 414 1800 saepe
470 1759 595 1799 spero
651 1744 743 1786 fore
797 1745 925 1786 huius
975 1742 1260 1785 adulescentis
1312 1742 1490 1783 ornandi
1510 1737 1577 1778 17'

146 1804 472 1858 honorandique
505 1807 549 1844 et
578 1803 704 1844 nobis
732 1806 774 1844 et
800 1803 958 1857 populo
986 1801 1181 1843 Romano
1209 1803 1491 1855 potestatem3

148 1864 231 1905 hoc
275 1866 420 1904 autem
464 1865 657 1916 tempore
695 1862 759 1902 ita
797 1875 946 1903 censeo
985 1860 1318 1902 decernundum:
1361 1859 1491 1913 ‘quod
1504 1866 1549 1898 46

95 1921 195 1964 wc.
245 1921 402 1964 Caesar
464 1920 508 1963 G.
557 1920 604 1974 f.,
657 1919 869 1975 pontifex,
923 1934 1001 1974 pro
1050 1921 1267 1973 praetore,
1322 1931 1490 1960 summo

150 1981 211 2022 rei
250 1980 448 2034 publicae
481 1982 674 2033 tempore
707 1979 869 2020 milites
902 1981 1127 2019 veteranos
1160 1977 1212 2018 ad
1242 1977 1492 2018 libertatem

149 2039 300 2094 populi
344 2038 529 2079 Romani
574 2037 825 2079 cohortatus
871 2037 928 2078 sit
972 2050 1128 2090 eosque
1176 2035 1492 2090 conscripserit,

152 2098 350 2152 quodque
394 2096 508 2152 legio
552 2096 713 2137 Martia
756 2098 994 2150 quartaque
1039 2108 1207 2136 summo
1246 2093 1388 2135 studio
1422 2108 1492 2149 op-

152 2156 346 2210 timoque
383 2155 430 2196 in
466 2169 557 2196 rem
592 2155 811 2209 publicam
849 2168 1058 2196 consensu
1090 2152 1134 2195 C.
1167 2151 1348 2195 Caesare
1387 2153 1492 2194 duce

97 2227 132 2253 85
153 2217 196 2255 et
233 2217 408 2256 auctore
446 2228 537 2254 rem
573 2213 809 2267 publicam,
844 2213 1092 2254 libertatem
1128 2211 1277 2266 populi
1308 2210 1492 2253 Romani

153 2272 393 2327 defendant,
419 2271 696 2326 defenderint,
728 2274 770 2313 et
797 2271 910 2325 quod
936 2269 981 2313 C.
1008 2269 1166 2312 Caesar
1190 2284 1268 2324 pro
1294 2273 1492 2324 praetore

154 2330 319 2372 Galliae
350 2330 594 2386 provinciae
622 2345 718 2372 cum
745 2330 934 2371 exercitu
961 2328 1151 2370 subsidio
1177 2327 1397 2382 profectus
1424 2330 1493 2372 sit.
