1671 2543
191 94 278 136 304
488 91 580 127 PRO
607 91 646 127 T.
673 90 828 126 ANNIO
854 89 1041 126 MILONE
1069 89 1256 127 ORATIO.

191 216 409 244 sermones
449 203 492 242 et
530 199 772 254 opiniones,
812 198 885 240 sed
921 213 1008 240 non
1044 199 1263 240 nullorum
1299 198 1431 240 etiam
1462 198 1539 240 im-

120 259 470 316 (63)peritorum‘?
533 257 767 314 Negabant
805 272 902 299 eum
934 257 1118 299 Romam
1157 271 1249 299 esse
1287 257 1537 298 rediturum.

132 328 176 359 63
193 319 291 362 Sive
336 319 450 360 enim
486 317 595 361 illud
635 316 777 358 animo
816 317 928 358 irato
969 331 1018 358 ac
1054 316 1220 371 percito
1259 315 1452 370 fecisset,
1489 318 1539 357 ut

189 379 390 420 incensus
424 376 521 418 odio
554 376 792 417 trucidaret
822 375 1057 430 inimicum,
1091 375 1415 416 arbitrabantur
1440 388 1539 415 eum

190 437 302 478 tanti
335 438 519 478 mortem
545 434 591 476 P.
618 433 742 477 Clodi
767 436 954 489 putasse,
985 437 1036 475 ut
1063 448 1199 488 aequo
1227 434 1369 475 animo
1396 433 1539 488 patria
1576 442 1593 468 ⁵

191 498 368 549 careret,
401 509 498 536 cum
532 493 741 549 sanguine
773 493 937 535 inimici
971 493 1186 547 explesset
1219 493 1364 534 odium
1397 506 1540 546 suum3

193 555 280 596 sive
314 554 446 595 etiam
472 553 589 594 illius
615 554 753 594 morte
780 552 967 606 patriam
992 552 1175 593 liberare
1201 551 1422 605 voluisset,
1452 565 1541 592 non

192 613 491 655 dubitaturum
534 611 695 653 fortem
733 611 892 665 virum,
931 611 1053 665 quin,
1097 625 1195 653 cum
1229 625 1305 652 suo
1344 609 1538 665 periculo

192 672 377 714 salutem
426 670 587 725 populo
638 669 835 712 Romano
886 669 1124 724 attulisset,
1182 669 1352 711 cederet
1401 682 1537 722 aequo

192 731 334 772 animo
373 729 563 785 legibus,
602 743 748 771 secum
786 728 975 770 auferret
1003 728 1187 784 gloriam
1220 728 1539 782 sempiternam,
1561 735 1594 760 ¹⁰

190 789 314 831 vobis
352 789 460 830 haec
497 787 678 829 fruenda
716 787 996 842 relinqueret,
1035 801 1143 842 quae
1182 787 1274 841 ipse
1314 788 1538 829 servasset.

190 848 322 889 Multi
364 847 496 889 etiam
529 845 764 888 Catilinam
803 849 931 901 atque
968 846 1044 887 illa
1074 848 1277 900 portenta
1308 845 1539 900 loqueban-

190 910 279 948 tur:
337 905 582 960 ‘Erumpet,
636 901 868 960 occupabit
924 904 1111 959 aliquem
1161 905 1323 959 locum,
1377 903 1540 945 bellum

189 965 356 1020 patriae
404 963 562 1006 faciet.'
636 963 819 1006 Miseros
864 964 1080 1005 interdum
1125 963 1238 1005 cives
1283 963 1444 1018 optime
1488 962 1539 1003 de

190 1039 235 1066 re
268 1023 442 1078 publica
473 1023 665 1077 meritos,
696 1023 742 1064 in
774 1023 929 1077 quibus
961 1022 1159 1064 homines
1190 1036 1278 1064 non
1309 1022 1437 1064 modo
1470 1034 1538 1063 res
1560 1027 1592 1054 ¹⁵

190 1082 558 1137 praeclarissimas
598 1081 931 1135 obliviscuntur,
973 1081 1048 1122 sed
1085 1081 1217 1123 etiam
1254 1080 1441 1122 nefarias
1474 1093 1540 1122 su·

132 1154 176 1185 64
192 1141 432 1196 spicantur!
495 1140 614 1195 Ergo
652 1140 729 1181 illa
766 1140 877 1182 falsa
914 1140 1108 1194 fuerunt,
1147 1154 1254 1194 quae
1293 1142 1408 1182 certe
1439 1152 1540 1180 vera

191 1200 450 1253 extitissent,
477 1199 514 1240 si
539 1198 646 1240 Milo
674 1199 920 1240 admisisset
947 1198 1121 1253 aliquid,
1148 1198 1261 1253 quod
1286 1212 1373 1240 non
1391 1198 1541 1251 posset

119 1287 176 1328 24
189 1259 371 1300 honeste
403 1272 585 1311 vereque
618 1257 852 1299 defendere.

117 1345 194 1389 (64)
287 1315 427 1365 Quid?
468 1330 575 1370 quae
613 1318 765 1370 postea
803 1318 904 1357 sunt
943 1315 989 1356 in
1028 1330 1125 1356 eum
1163 1317 1387 1370 congesta,
1430 1328 1538 1369 quae
1559 1321 1594 1347 20

198 1375 391 1429 quemvis
450 1374 582 1415 etiam
638 1373 919 1415 mediocrium
967 1374 1224 1415 delictorum
1275 1372 1540 1415 conscientia

188 1433 493 1488 perculissent,
530 1435 580 1473 ut
618 1432 841 1486 sustinuit,
880 1432 922 1473 di
954 1432 1239 1473 immortales!
1304 1431 1538 1473 Sustinuit!

189 1492 321 1532 immo
354 1505 455 1532 vero
489 1494 537 1532 ut
571 1491 830 1545 contempsit
863 1505 910 1533 ac
943 1506 1021 1545 pro
1047 1491 1184 1532 nihilo
1211 1491 1394 1546 putavit,
1427 1504 1535 1544 quae

188 1564 326 1604 neque
358 1550 545 1591 maximo
579 1549 721 1591 animo
753 1564 910 1591 nocens
942 1564 1080 1604 neque
1113 1550 1318 1591 innocens
1343 1549 1427 1591 nisi
1452 1548 1536 1590 for-

189 1608 384 1650 tissimus
423 1609 489 1649 vir
526 1609 755 1664 neglegere
793 1609 1025 1662 potuisset!
1090 1607 1340 1663 Scutorum,
1377 1607 1538 1664 gladio·
1558 1615 1591 1641 2⁵

189 1682 295 1721 rum,
321 1667 542 1708 frenorum
568 1667 841 1721 pilorumque
868 1667 999 1708 etiam
1025 1667 1258 1709 multitudo
1280 1665 1539 1722 deprehendi

188 1740 316 1780 posse
367 1726 659 1780 indicabatur3
707 1726 876 1767 nullum
924 1727 970 1767 in
1013 1726 1119 1768 urbe
1163 1726 1323 1779 vicum,
1372 1725 1540 1767 nullum

189 1784 467 1840 angiportum
512 1799 604 1826 esse
649 1784 868 1839 dicebant,
911 1784 957 1826 in
1001 1799 1085 1838 quo
1124 1799 1213 1826 non
1251 1784 1404 1825 Miloni
1442 1798 1539 1826 con-

189 1843 317 1884 ducta
356 1846 471 1884 esset
509 1843 679 1896 domus,
719 1857 839 1884 arma
875 1844 920 1884 in
958 1843 1107 1884 villam
1140 1842 1440 1885 Ocriculanam
1472 1842 1538 1883 de-

188 1905 313 1943 vecta
338 1901 496 1955 Tiberi,
529 1902 681 1943 domus
714 1902 760 1942 in
792 1901 901 1943 clivo
930 1900 1177 1956 Capitolino
1206 1902 1340 1943 scutis
1367 1900 1537 1954 referta,
1557 1908 1591 1934 80

188 1960 316 2014 plena
348 1960 492 2001 omnia
524 1960 824 2001 malleolorum
856 1960 909 2001 ad
939 1960 1059 2001 urbis
1092 1960 1289 2001 incendia
1320 1973 1537 2014 compara-

188 2021 344 2073 torum,
376 2019 482 2060 haec
513 2033 600 2060 non
633 2019 775 2060 delata
807 2018 960 2073 solum,
993 2018 1066 2060 sed
1092 2033 1226 2073 paene
1253 2018 1427 2072 credita,
1457 2031 1536 2058 nec

131 2084 173 2114 65
190 2080 288 2118 ante
322 2077 548 2131 repudiata
579 2080 680 2118 sunt
712 2091 841 2131 quam
874 2077 1081 2131 quaesita.
1143 2076 1391 2118 Laudabam
1422 2076 1537 2129 equi—

189 2135 285 2176 dem
317 2135 614 2177 incredibilem
647 2135 918 2190 diligentiam
951 2135 1025 2178 Cn.
1055 2135 1246 2190 Pompei,
1278 2134 1351 2176 sed
1383 2134 1535 2189 dicam,

188 2196 237 2233 ut
264 2194 415 2247 sentio,
441 2193 613 2235 iudices.
658 2193 801 2236 Nimis
828 2195 967 2235 multa
993 2194 1138 2235 audire
1165 2195 1378 2248 coguntur
1396 2207 1534 2247 neque
1555 2201 1588 2227 3⁵

189 2251 315 2291 aliter
346 2251 486 2293 facere
513 2255 696 2306 possunt
721 2252 764 2306 ii,
792 2253 947 2306 quibus
980 2255 1075 2294 tota
1106 2251 1336 2293 commissa
1368 2254 1434 2293 est
1466 2265 1534 2293 res

188 2308 362 2361 publica
447 2309 561 2354 Quin
611 2311 742 2351 etiam
780 2310 864 2351 fuit
907 2310 1141 2352 audiendus
1183 2324 1299 2364 popa
1342 2309 1534 2352 Licinius
