1671 2543
191 112 278 155 386
374 112 428 147 IN
453 113 501 148 M.
528 111 791 147 ANTONIUM
816 111 995 148 ORATIO
1014 111 1284 148 PHILIPPICA
1308 113 1353 148 Π.

190 219 310 270 Quae
354 221 468 263 enim
511 235 578 262 res
622 234 846 275 umquam,
887 235 966 276 pro
1008 222 1154 262 sancte
1192 219 1406 275 Iuppiter!
1449 235 1537 263 non

190 279 318 322 modo
356 279 402 321 in
437 279 519 322 hae
556 280 680 334 urbe,
717 279 791 321 sed
828 279 874 321 in
911 279 1109 321 omnibus
1147 279 1275 321 terris
1314 282 1381 321 est
1412 282 1538 334 gesta

191 338 346 392 maior,
381 352 487 393 quae
521 338 770 393 gloriosior,
802 352 909 393 quae
942 337 1282 380 commendatior
1311 338 1536 380 hominum

190 397 423 438 memoriae
475 396 792 451 sempiternae?
871 396 924 438 In
972 397 1100 438 huius
1152 411 1219 438 me
1269 399 1318 438 tu
1368 397 1536 440 consilii

192 456 445 498 societatem
483 459 705 510 tamquam
741 456 787 497 in
824 470 981 510 equum
1018 455 1252 497 Troianum
1290 470 1387 498 cum
1423 456 1537 510 prin·
1572 470 1590 497 ⁵

132 526 177 557 33
192 515 360 569 cipibus
416 515 618 569 includis3
672 529 759 556 non
814 529 982 568 recuso,
1038 528 1120 569 ago
1177 514 1310 556 etiam
1359 515 1537 570 gratias,

191 588 363 628 quoquo
396 573 539 615 animo
571 573 690 615 facis.
746 573 885 615 Tanta
914 573 1028 615 enim
1053 587 1121 614 res
1148 576 1226 627 est,
1257 576 1307 615 ut
1331 573 1537 615 invidiam

189 632 338 686 istam,
377 647 506 687 quam
543 635 591 674 tu
622 633 667 674 in
699 647 765 674 me
797 632 862 674 vis
895 632 1129 687 concitare,
1167 646 1263 674 cum
1294 632 1419 674 laude
1449 647 1537 674 non

191 705 449 745 comparem.
505 690 616 741 Quid
649 691 763 733 enim
793 691 962 733 beatius
994 691 1094 745 illis,
1126 705 1234 745 quos
1260 693 1310 732 tu
1336 691 1536 746 expulsos

191 765 216 792 a
255 753 298 791 te
336 750 556 805 praedicas
595 753 639 792 et
676 750 921 805 relegatos?
960 750 1033 804 qui
1070 750 1190 791 loeus
1229 753 1295 792 est
1333 753 1409 792 aut
1446 753 1536 791 tam
1557 764 1591 790 10

190 809 384 851 desertus
412 812 486 851 aut
512 812 602 851 tam
621 809 892 863 inhumanus,
919 809 991 863 qui
1010 808 1122 863 illos,
1149 823 1245 850 011111
1266 809 1537 864 accesserint,

189 883 276 909 non
308 867 445 909 adfari
478 871 607 922 atque
640 868 839 923 adpetere
865 868 1090 909 videatur?
1124 868 1196 922 qui
1221 867 1418 909 homines
1445 870 1536 909 tam

189 930 402 982 agrestes,
441 927 514 982 qui
546 941 608 980 se,
647 941 744 968 cum
776 941 848 968 eos
881 927 1144 981 aspexerint,
1180 941 1268 968 non
1300 927 1536 968 maximum

190 986 353 1040 cepisse
390 986 505 1027 vitae
542 986 733 1027 fructum
770 985 954 1040 putent?
993 1000 1100 1040 quae
1132 999 1232 1027 vero
1266 988 1357 1026 tam
1388 985 1535 1027 imme-

189 1059 284 1086 mor
309 1045 556 1100 posteritas,
582 1059 690 1099 quae
716 1047 807 1085 tam
832 1044 1029 1100 ingratae
1055 1044 1228 1086 litterae
1254 1044 1533 1099 reperientur,
1553 1057 1586 1084 15

191 1118 300 1158 quae
356 1118 503 1145 eorum
559 1103 743 1159 gloriam
797 1117 885 1145 non
933 1103 1278 1144 immortalitatis
1329 1103 1538 1145 memoria

190 1162 536 1217 prosequantur?
574 1162 639 1204 Tu
658 1176 759 1203 vero
781 1161 973 1203 adscribe
994 1176 1061 1204 me
1082 1162 1214 1203 talem
1234 1162 1279 1203 in
1297 1176 1536 1203 numerum.

193 1220 277 1263 Sed
326 1235 457 1262 unam
505 1236 596 1262 rem
646 1235 795 1262 vereor
842 1235 895 1262 ne
943 1235 1030 1262 11011
1078 1221 1247 1274 probes.
1328 1219 1373 1262 Si
1423 1221 1536 1262 em'm

191 1280 386 1333 fuissem,
423 1294 511 1321 non
548 1279 688 1321 solum
725 1293 888 1335 regem,
927 1279 1000 1320 sed
1033 1279 1164 1320 etiam
1196 1293 1376 1334 regnum
1408 1279 1458 1320 de
1491 1294 1535 1320 re

190 1338 364 1393 publica
397 1337 669 1379 sustulissem
701 1341 761 1391 et,
799 1337 835 1378 si
868 1351 987 1378 meus
1020 1338 1146 1378 stilus
1177 1337 1250 1378 ille
1282 1336 1454 1391 fuisset,
1485 1341 1534 1379 ut
1554 1351 1589 1376 20

191 1396 359 1448 dieitur,
385 1396 492 1437 mihi
519 1396 652 1449 crede,
677 1410 764 1437 non
791 1395 930 1437 solum
956 1410 1088 1436 unum
1114 1398 1269 1448 actum,
1296 1396 1370 1437 sed
1395 1398 1532 1438 totam

191 1455 383 1496 fabulam
416 1453 706 1496 confecissem.
771 1453 1057 1508 Quamquam,
1101 1454 1138 1495 si
1168 1454 1352 1495 interfici
1385 1453 1537 1496 Caesa-

191 1528 282 1555 rem
314 1513 500 1555 voluisse
533 1513 694 1555 crimen
726 1516 809 1566 est,
846 1513 960 1565 vide,
998 1527 1174 1567 quaeso,
1212 1513 1395 1567 Antoni,
1434 1514 1536 1568 quid

191 1572 273 1614 tibi
316 1571 510 1613 futurum
555 1572 628 1626 sit,
679 1586 806 1626 quem
849 1574 893 1613 et
935 1570 1140 1613 Narbone
1183 1571 1265 1614 hoc
1309 1572 1536 1614 consilium

192 1646 289 1673 cum
322 1629 367 1673 C.
397 1630 611 1672 Trebonio
651 1630 813 1684 cepisse
850 1630 1126 1672 notissimum
1159 1634 1242 1684 est,
1281 1633 1324 1672 et
1356 1631 1410 1672 ob
1443 1631 1534 1672 eius
1555 1644 1589 1670 25

192 1689 361 1732 consilii
395 1690 659 1743 societatem,
691 1704 788 1731 011111
819 1689 1133 1730 interficeretur
1166 1688 1333 1741 Caesar,
1366 1692 1460 1731 tum
1493 1693 1535 1731 te

192 1763 217 1790 a
241 1748 457 1790 Trebonio
487 1748 672 1789 vidimus
699 1748 900 1790 sevocari.
955 1747 1051 1803 Ego
1079 1751 1223 1789 autem
1249 1747 1374 1803 (vide,
1407 1762 1538 1802 quam

192 1811 335 1850 tecum
373 1821 499 1862 agam
535 1822 623 1848 non
659 1806 885 1860 inimicel),
924 1807 1037 1860 quod
1074 1807 1182 1848 bene
1221 1807 1424 1862 cogitasti
1463 1807 1537 1848 ali·
1588 1817 1591 1819 ’

193 1866 380 1921 quando,
411 1865 557 1920 laudo,
589 1865 702 1920 quod
732 1879 819 1906 non
850 1865 1067 1919 indicasti,
1099 1865 1262 1920 gratias
1295 1879 1390 1921 ago,
1422 1865 1536 1919 quod

133 1933 178 1964 35
192 1940 279 1966 non
303 1924 457 1977 fecisti,
482 1924 672 1979 ignosco.
715 1923 871 1964 Virum
896 1937 963 1964 res
989 1923 1065 1964 illa
1085 1924 1329 1977 quaerebat.
1374 1922 1537 1971 Quodsi
1555 1936 1590 1962 30

194 1987 236 2025 te
273 1983 318 2024 in
354 1983 560 2024 iudicium
598 1982 693 2037 quis
727 1982 909 2024 adducat
940 1985 1201 2037 usurpetque
1233 1982 1339 2023 illud
1372 1981 1536 2024 Cassia-

194 2057 314 2095 num,
359 2041 460 2083 ecui
502 2040 655 2083 bono’
693 2040 840 2094 fuerit,
880 2040 992 2094 vide,
1037 2055 1214 2095 quaeso,
1256 2055 1308 2082 ne
1346 2040 1535 2082 haereas.

195 2100 464 2155 Quamquam
495 2099 602 2140 illud
634 2099 805 2153 quidem
836 2098 931 2151 fuit,
962 2102 1011 2140 ut
1043 2102 1091 2140 tu
1120 2074 1303 2152 dicebas,
1335 2098 1534 2140 omnibus

192 2159 325 2213 bono,
358 2158 431 2217 qui
463 2158 621 2200 servire
652 2158 869 2207 nolebant,
901 2133 983 2199 tibi
1015 2160 1160 2198 tamen
1189 2157 1428 2212 praecipue,
1461 2157 1535 2211 qui

194 2232 280 2258 non
312 2214 439 2259 modo
469 2230 557 2258 non
588 2216 741 2269 servis,
776 2216 849 2258 sed
881 2216 1010 2258 etiam
1042 2229 1209 2271 regnas,
1241 2215 1314 2270 qui
1346 2215 1532 2256 maximo
1553 2226 1588 2253 35

196 2278 237 2315 te
283 2290 377 2316 aere
422 2275 560 2316 alieno
605 2275 658 2316 ad
702 2274 849 2316 aedem
896 2273 1001 2329 Opis
1044 2273 1301 2326 liberavisti,
1345 2273 1416 2327 qui
1459 2288 1536 2328 per

194 2333 366 2373 easdem
403 2333 573 2374 tabulas
614 2333 971 2374 innumerabilem
1002 2332 1226 2386 pecuniam
1257 2331 1536 2386 dissipavisti,

126 1200 179 1240 14

132 1260 177 1290 34
