1671 2543
533 111 634 147 CAP.
662 115 801 147 33-35
827 115 846 154 8
872 114 1021 146 71—76.
1387 108 1443 150 33

111 221 185 276 qui
222 221 341 263 nulla
376 220 472 276 lege
504 220 717 273 abessem,
753 234 841 261 non
872 218 1044 261 restitui
1076 217 1188 273 lege,
1226 217 1299 258 sed
1330 230 1447 258 revo-

112 280 199 322 cari
241 282 415 321 senatus
453 278 713 320 auctoritate
752 280 962 332 oportere.
1027 276 1155 319 Hunc
1190 290 1315 317 nemo
1355 278 1446 316 erat
1461 281 1506 312 74

112 339 216 393 quin
253 338 474 379 verissime
513 337 672 379 sentire
710 337 880 378 diceret.
943 335 1025 378 Sed
1064 338 1166 390 post
1197 349 1294 376 eum
1325 347 1448 389 roga-

112 401 182 439 tus
220 396 295 439 Cn.
331 396 561 450 Pompeius
600 395 839 450 adprobata
875 395 1132 449 laudataque
1164 393 1318 436 Cottae
1357 407 1448 434 sen-

76 456 250 497 5tentia
293 455 401 496 dixit
445 469 537 497 sese
582 454 661 496 otii
702 454 785 496 mei
824 468 968 508 causa,
1010 456 1060 495 ut
1097 452 1214 494 omni
1249 451 1447 506 populari

113 514 401 556 concitatione
434 513 699 568 defungerer,
732 527 914 566 censere,
945 515 994 553 ut
1026 512 1078 553 ad
1104 514 1278 553 senatus
1305 512 1448 551 aucto-

112 573 286 615 ritatem
330 572 478 627 populi
520 586 688 626 quoque
727 571 912 613 Romani
949 571 1202 613 beneficium
1241 582 1344 624 erga
1380 583 1447 610 me

112 632 426 687 adiungeretur.
488 630 595 673 Cum
628 645 774 672 omnes
802 631 1000 672 certatim
1025 630 1218 684 aliusque
1244 628 1328 669 alio
1355 641 1448 682 gra-

112 691 206 732 vius
245 693 374 744 atque
413 690 606 731 ornatius
646 690 695 730 de
734 704 830 730 mea
865 689 1002 730 salute
1035 689 1212 730 dixisset
1241 687 1446 740 fieretque

61 761 94 786 10
114 750 205 791 sine
230 749 319 790 ulla
343 749 551 790 varietate
578 748 795 801 discessio,
827 748 1022 800 surrexit,
1051 750 1101 788 ut
1127 746 1260 799 scitis,
1285 745 1446 786 Atilius

112 809 184 850 hic
211 806 446 861 Gavianus3
476 822 554 849 1100
581 822 708 848 3118118
735 810 813 860 est,
845 821 941 848 cum
968 809 1082 848 esset
1107 807 1288 859 emptus,
1319 804 1447 844 inter-

114 867 278 921 cedere,
308 869 481 908 noctem
511 866 594 907 sibi
620 866 671 906 ad
698 866 1018 906 deliberandum
1043 863 1291 919 postulavit.
1353 861 1446 903 Cla-

114 940 208 967 mor
234 927 421 978 senatus,
447 924 673 978 querellae,
698 938 856 978 preces,
882 938 1003 965 socer
1023 923 1074 965 ad
1094 923 1221 977 pedes
1242 921 1446 962 abiectus.

114 983 193 1025 Ille
221 998 265 1025 se
292 984 517 1024 adfirmare
542 985 717 1037 postero
744 982 810 1023 die
835 997 999 1024 moram
1017 982 1182 1024 nullam
1202 995 1294 1022 esse
1313 979 1447 1020 factu-

63 1053 95 1079 15
115 1054 222 1084 rum.
284 1041 505 1084 Creditum
538 1044 621 1096 est,
653 1041 887 1083 discessum
920 1043 996 1082 est.
1051 1039 1122 1081 Illi
1152 1041 1317 1081 interea
1348 1037 1447 1078 deli-

114 1101 305 1143 beratori
336 1115 497 1142 merces
529 1100 660 1155 longa
690 1100 948 1154 interposita
974 1102 1100 1141 nocte
1127 1098 1344 1152 duplicata
1369 1099 1446 1137 est.

116 1159 346 1202 Consecuti
372 1159 462 1201 dies
488 1159 612 1213 pauci
639 1159 812 1200 omnino
839 1158 1039 1200 Ianuario
1063 1171 1219 1209 mense,
1243 1171 1320 1210 per
1340 1169 1446 1209 quos

116 1221 314 1260 senatum
339 1218 488 1259 haberi
514 1217 681 1271 liceret,
714 1217 787 1258 sed
814 1220 959 1258 tamen
985 1219 1130 1258 actum
1153 1215 1261 1256 nihil
1286 1214 1371 1255 nisi
1396 1213 1446 1254 de
1461 1247 1518 1289 35

115 1292 193 1319 me.
250 1276 357 1318 Cum
390 1276 507 1317 0111111
538 1291 670 1330 mora,
700 1275 1002 1329 ludificatione,
1034 1274 1248 1316 calumnia
1273 1275 1445 1314 senatus

61 1348 96 1372 20
116 1335 349 1377 auctoritas
390 1335 686 1389 impediretur,
730 1334 847 1375 venit
885 1335 1057 1376 tandem
1094 1335 1138 1375 in
1177 1332 1356 1374 concilio
1395 1331 1446 1372 de

115 1409 182 1436 me
215 1394 369 1449 agendi
400 1394 501 1447 dies,
532 1405 614 1434 V111
645 1393 741 1434 Kal.
773 1392 897 1434 Febr.
958 1392 1162 1446 Princeps
1194 1389 1447 1446 rogationiS,

115 1454 180 1494 vir
206 1453 312 1494 mihi
338 1452 636 1505 amicissimus,
663 1451 710 1501 Q.
730 1451 967 1506 Fabricius,
993 1451 1201 1505 templum
1225 1449 1446 1503 aliquanto

116 1515 214 1553 ante
246 1511 385 1553 lucem
417 1511 652 1565 occupavit.
715 1509 895 1559 Quietus
927 1525 976 1552 eo
1007 1510 1072 1551 die
1101 1509 1279 1562 Sestius,
1309 1508 1346 1548 is
1373 1506 1448 1560 qui

117 1573 184 1612 est
227 1570 276 1611 de
315 1569 358 1610 vi
395 1583 510 1623 reus,
554 1572 675 1611 actor
711 1569 781 1610 1110
819 1568 1100 1622 defensorque
1139 1581 1290 1609 causae
1328 1579 1446 1606 meae

63 1640 97 1665 25
116 1628 225 1670 nihil
262 1628 552 1682 progreditur,
590 1627 770 1669 consilia
803 1630 1001 1681 expectat
1032 1626 1304 1668 inimicorum
1336 1638 1447 1664 meo-

117 1702 223 1728 rum.
286 1686 425 1735 Quid?
456 1686 533 1739 illi,
566 1700 747 1740 quorum
780 1686 957 1727 consilio
990 1685 1036 1726 P.
1070 1683 1234 1726 Sestius
1266 1684 1312 1724 in
1342 1682 1447 1723 iudi-

1461 1308 1503 1338 75

119 1746 230 1787 cium
274 1746 469 1797 vocatur,
514 1759 596 1798 quo
640 1759 683 1785 se
724 1747 851 1798 pacto
890 1744 1075 1798 gerunt?
1149 1742 1258 1784 Cum
1293 1741 1447 1794 forum,

118 1803 358 1856 comitium,
393 1802 554 1843 curiam
585 1802 722 1843 multa
753 1803 802 1843 de
834 1805 959 1843 nocte
992 1801 1168 1842 armatis
1200 1799 1446 1841 hominibus

119 1878 167 1904 30
211 1861 343 1903 servis
387 1861 602 1915 plerisque
646 1861 987 1914 occupavissent,
1030 1860 1241 1913 impetum
1282 1857 1448 1898 faciunt

64 1922 164 1962 30in
194 1920 458 1972 Fabricium,
495 1933 646 1960 manus
685 1919 898 1972 adferunt,
936 1918 1135 1960 occidunt
1170 1931 1258 1958 11011
1291 1916 1444 1968 11111108,

118 1980 344 2021 vulnerant
381 1978 553 2019 multos.
614 1976 869 2018 Venientem
906 1976 952 2017 in
987 1976 1130 2018 forum
1167 1976 1306 2016 virum
1338 1973 1445 2028 opti·
1461 1988 1504 2018 76

119 2053 236 2080 mum
267 2040 310 2078 et
342 2036 756 2089 constantissimum,
794 2034 850 2076 M.
883 2034 1094 2089 Cispium,
1126 2034 1348 2075 tribunum
1378 2032 1446 2086 pl„

118 2097 160 2137 vi
198 2096 433 2150 depellunt,
472 2095 643 2137 caedem
680 2094 726 2134 in
761 2093 855 2135 foro
894 2094 1125 2134 maximam
1162 2092 1327 2133 faciunt
1357 2091 1447 2132 uni-

118 2155 314 2208 versique
346 2153 562 2195 destrictis
596 2152 750 2208 gladiis
783 2155 825 2193 et
857 2152 1045 2194 cruentis
1070 2151 1115 2192 in
1141 2150 1338 2192 omnibus
1363 2149 1449 2190 fori

66 2224 99 2249 35
119 2213 314 2268 partibus
347 2213 525 2253 fratrem
557 2226 710 2265 meum,
741 2211 880 2252 virum
908 2211 1132 2264 optimum,
1163 2208 1448 2250 fortissimum

119 2272 286 2325 meique
319 2270 674 2322 amantissimum,
708 2269 841 2310 oculis
872 2269 1146 2323 quaerebant,
1177 2281 1278 2309 voce
1304 2281 1449 2321 posce-

119 2330 237 2371 bant.
304 2329 494 2378 Quorum
537 2329 609 2369 1110
647 2327 744 2369 telis
781 2328 966 2369 libenter
1001 2327 1047 2368 in
1083 2329 1205 2368 tanto
1243 2326 1363 2367 luctu
1400 2339 1450 2367 ac

190 2404 260 2430 010.
278 2405 318 2430 11.
338 2405 361 2429 3.
1216 2398 1236 2428 3
