1671 2543
549 111 653 149 cAP.
679 117 818 148 21-23
844 116 863 155 ς
888 116 1039 149 56—62.
1373 112 1458 154 303

114 236 237 264 servo
270 221 418 276 quaeri
449 220 697 275 noluerunt,
734 235 820 262 11011
853 221 956 275 quin
987 223 1134 275 posset
1165 235 1314 262 verum
1345 220 1459 261 inve-

112 280 215 334 niri,
264 280 338 322 sed
390 280 490 335 quia
539 279 766 321 videbatur
809 280 1034 335 indignum
1079 293 1170 321 esse
1215 282 1258 321 et
1296 278 1458 321 domini

113 342 253 381 morte
286 339 381 393 ipsa
406 338 596 393 tristius;
625 338 671 379 in
696 353 817 379 reum
843 338 893 379 de
920 353 1042 380 servo
1070 338 1334 380 accusatoris
1362 352 1459 380 cum

115 397 354 452 quaeritur,
397 412 545 439 verum
589 397 771 438 inveniri
809 397 984 452 potest?
1051 396 1146 452 Age
1184 411 1304 450 vero,
1349 411 1456 451 quae
1472 402 1517 434 60

74 473 90 499 5
115 459 209 498 erat
252 459 328 498 aut
372 456 511 510 qualis
556 456 782 510 quaestio?
857 455 990 497 ‘Heus
1035 458 1101 509 tu,
1149 454 1292 498 Rufio’
1339 455 1459 496 verbi

115 529 260 570 causa,
299 514 415 556 ‘cave
449 514 509 557 sis
543 514 765 556 mentiare.
827 513 1004 557 Clodius
1036 514 1214 556 insidias
1245 514 1349 556 fecit
1380 513 1459 555 Mi-

112 573 247 615 loniP'
309 572 474 615 ‘Fecit'
536 572 665 615 Certa
702 587 816 615 cruX.
878 572 1048 614 ‘Nullas
1085 572 1214 614 fecit?
1278 571 1460 627 Sperata

112 632 306 674 libertas
373 631 484 682 Quid
527 631 608 674 hac
647 632 896 686 quaestione
937 632 1125 673 certius?
1195 630 1349 673 Subito
1389 632 1459 673 ab·

113 691 226 746 repti
263 691 308 732 in
346 690 642 745 quaestionem
681 694 827 733 tamen
864 694 1119 756 separantur
1160 705 1184 731 a
1223 690 1376 732 ceteris
1415 693 1458 731 et

65 749 160 792 1oin
192 764 313 792 arcas
346 749 628 803 coniciuntur,
659 764 712 791 ne
745 749 840 804 quis
874 764 970 791 cum
1002 749 1055 790 iis
1089 749 1277 802 colloqui
1305 749 1456 802 possit.

113 807 174 850 Hi
220 811 392 850 centum
424 808 514 850 dies
546 822 676 863 penes
709 811 1006 849 accusatorem
1038 822 1134 849 cum
1166 807 1367 862 fuissent,
1404 808 1457 848 ab

118 881 171 908 eo
212 867 308 922 ipso
355 870 603 909 accusatore
647 867 846 921 producti
891 869 1003 908 sunt.
1067 866 1177 915 Quid
1213 866 1295 907 hac
1335 880 1458 920 quae-

117 925 257 967 stione
289 925 373 967 dici
404 928 550 980 potest
581 925 806 980 integrius,
839 925 940 979 quid
971 924 1292 979 incorruptius?
1472 956 1527 998 23

207 983 370 1033 Quodsi
406 984 596 1025 nondum
635 983 741 1025 satis
781 983 974 1037 cernitis,
1019 998 1115 1025 cum
1152 998 1220 1024 res
1258 983 1353 1037 ipsa
1390 985 1457 1024 tot
1473 1017 1515 1048 61

64 1059 96 1085 15
117 1045 208 1084 tam
247 1042 374 1084 claris
414 1042 680 1098 argumentis
720 1042 940 1097 signisque
978 1042 1137 1095 luceat,
1175 1056 1282 1096 pura
1315 1043 1457 1082 mente

117 1104 246 1156 atque
279 1102 455 1156 integra
487 1100 694 1143 Milonem
725 1101 844 1142 nullo
878 1101 1036 1142 scelere
1068 1100 1301 1154 imbutum,
1338 1100 1456 1140 nullo

117 1163 236 1201 metu
273 1160 570 1215 perteriitum,
607 1159 726 1200 nulla
758 1159 1020 1201 conscientia
1052 1159 1344 1200 exanimatum
1376 1157 1458 1199 Ro-

117 1233 232 1260 mam
275 1219 522 1272 revertisse,
566 1218 868 1273 iecordamini,
911 1233 987 1283 per
1031 1214 1131 1259 deos
1169 1217 1457 1259 immortales!

118 1292 225 1331 quae
266 1276 397 1319 fuerit
440 1277 637 1324 celeritas
681 1277 843 1318 reditus
888 1277 997 1330 eius,
1042 1276 1115 1330 qui
1152 1277 1373 1332 ingressus
1414 1275 1459 1316 in

64 1352 99 1378 20
116 1336 260 1377 forum
310 1336 483 1377 ardente
515 1334 685 1390 famia,
720 1341 828 1389 quae
880 1335 1132 1391 magnitudo
1185 1335 1334 1389 animi,
1385 1335 1458 1388 qui

118 1395 280 1452 vultus,
307 1402 433 1448 ‘quae
473 1394 624 1436 oratio.
692 1393 844 1448 Neque
884 1408 984 1435 vero
1025 1408 1068 1435 se
1106 1394 1266 1448 populo
1307 1393 1459 1446 solum,

119 1453 193 1495 sed
218 1453 350 1494 etiam
383 1453 550 1495 senatui
583 1453 812 1506 commisit,
843 1467 980 1507 neque
1013 1453 1182 1494 senatui
1214 1452 1353 1506 modo,
1386 1452 1459 1493 sed

119 1511 251 1552 etiam
282 1511 476 1565 publicis*
500 1511 725 1565 praesidiis
758 1510 813 1552 et‘
834 1512 977 1566 armis,
1008 1525 1145 1564 neque
1176 1511 1244 1552 his
1277 1513 1459 1563 tantum,

119 1584 267 1611 verum
305 1570 435 1611 etiam
474 1570 563 1611 eius
602 1570 830 1624 potestati,
874 1570 943 1611 cui
981 1572 1154 1611 senatus
1193 1571 1332 1610 totam
1370 1583 1459 1609 rem

68 1644 100 1669 25
120 1627 356 1682 publicam,
395 1642 565 1669 omnem
596 1627 750 1669 Italiae
787 1629 963 1682 pubem,
1003 1630 1155 1668 cuncta
1193 1627 1342 1680 populi
1377 1626 1460 1667 Ro-

121 1686 236 1728 mani
269 1700 387 1727 arma
419 1686 709 1739 commiserat3
742 1686 809 1727 cui
837 1700 1071 1739 numquam
1099 1699 1142 1726 se
1168 1685 1239 1726 hic
1265 1684 1459 1738 profecto

121 1744 387 1797 tradidisset,
435 1744 520 1784 nisi
567 1758 718 1796 causae
763 1758 862 1785 suae
908 1743 1156 1796 confideret,
1206 1743 1461 1796 praesertim

124 1803 267 1844 onmia
310 1801 517 1855 audienti,
561 1816 718 1856 magna
761 1801 987 1854 metuenti,
1031 1801 1169 1841 multa
1213 1801 1461 1854 suspicanti,
1473 1821 1560 1855 A!

123 1876 212 1902 non
264 1860 384 1901 nulla
440 1859 638 1901 credenti.
717 1859 877 1914 Magna
931 1859 995 1899 vis
1046 1862 1112 1900 est
1162 1859 1461 1912 conscientiae,

73 1935 107 1960 30
126 1919 306 1972 iudices,
356 1921 399 1960 et
445 1931 602 1972 magna
641 1918 686 1958 111
728 1920 955 1970 utramque
999 1920 1184 1971 partem,
1233 1919 1282 1957 ut
1324 1931 1461 1970 neque

124 1978 324 2030 timeant,
370 1977 442 2030 qui
484 1976 594 2017 nihil
639 1975 951 2029 commiserint,
995 1978 1037 2016 et
1074 1989 1256 2029 poenam
1296 1989 1465 2029 semper

126 2039 225 2077 ante
276 2035 422 2077 oculos
466 2034 628 2076 versari
672 2037 843 2088 putent,
893 2033 966 2087 qui
1010 2034 1238 2088 peccarint.
1312 2032 1462 2087 Neque
1478 2042 1521 2073 62

125 2109 226 2136 vero
259 2094 349 2135 sine
382 2093 548 2134 ratione
576 2095 692 2134 certa
718 2106 846 2134 causa
870 2091 1044 2133 Milonis
1072 2105 1239 2145 semper
1266 2106 1290 2132 a
1314 2094 1465 2133 senatu

126 2153 309 2207 probata
346 2155 423 2194 est.
479 2151 696 2192 Videbant
736 2150 884 2202 [enim]
925 2150 1232 2204 sapientissimi
1268 2150 1464 2191 homines

75 2226 108 2252 85
127 2210 232 2252 facti
275 2211 508 2264 rationem,
551 2209 838 2264 praesentiam
880 2208 1030 2262 animi,
1075 2207 1333 2249 defensionis
1372 2223 1467 2250 con-

129 2269 345 2310 stantiam.
412 2269 481 2310 An
519 2282 619 2309 vero
659 2267 783 2308 obliti
819 2267 942 2320 estis,
979 2266 1157 2320 iudices,
1194 2267 1354 2308 recenti
1392 2267 1466 2308 illo

127 2327 281 2369 nuntio
311 2327 428 2369 necis
456 2326 686 2369 Clodianae
717 2340 805 2367 11011
836 2325 962 2366 1110ᾱο
994 2325 1267 2366 inimicorum
1292 2324 1467 2367 Milonis
