1671 2543
204 112 293 153 450
383 111 434 146 IN
461 111 507 146 M.
536 110 796 146 ANTONIUM
823 110 997 147 ORATIO
1024 110 1297 146 PHLLIPPICA
1323 111 1365 147 V.

205 219 417 261 maiorum
467 220 684 273 capiamus
736 219 966 260 exordium.
1047 218 1178 261 Cuius
1227 222 1277 261 ut
1327 219 1547 274 superiora

206 279 424 332 omittam,
463 293 569 332 quae
609 281 709 319 sunt
746 277 933 318 maxima
969 278 1045 319 illa
1083 277 1271 332 quidem,
1304 278 1377 320 sed
1409 278 1546 320 adhuc

204 338 428 379 hominum
466 338 604 391 magis
643 336 812 378 iudiciis
852 351 980 390 quam
1018 336 1189 391 publice
1227 337 1420 391 laudata,
1458 337 1546 392 qui-

205 397 389 438 busnam
440 396 581 437 verbis
640 395 731 436 eius
780 395 926 436 laudes
975 395 1102 436 huius
1152 395 1288 449 ipsius
1337 396 1545 450 temporis

205 455 408 509 consequi
450 454 709 509 possumus?
783 452 934 508 Neque
978 454 1091 495 enim
1132 454 1267 495 ullam
1307 454 1543 496 mercedem

204 517 328 555 tanta
358 514 494 554 virtus
526 516 697 567 praeter
726 512 836 554 hanc
867 513 1005 554 laudis
1037 513 1285 568 gloriaeque
1317 513 1547 567 desiderat3

208 587 291 627 qua
316 572 449 613 etiam
475 572 512 613 si
537 574 690 626 careat,
723 574 868 613 tamen
893 572 951 613 sit
976 586 1020 613 se
1046 572 1142 626 ipsa
1162 574 1375 626 contenta,
1402 586 1546 626 quam-

208 645 335 685 quam
366 631 412 672 in
444 630 651 672 memoria
683 632 906 686 gratorum
939 631 1095 672 civium
1127 633 1350 685 tamquam
1380 631 1426 672 111
1453 631 1546 673 luce

206 690 350 744 posita
370 689 566 731 laetetur.
611 689 725 730 Laus
745 689 880 745 igitur
899 689 1045 731 iudicii
1065 690 1387 744 testimoniique
1407 690 1547 731 nostri

149 756 191 786 36
208 749 435 790 tribuenda
460 748 597 790 Bruto
625 751 702 790 est.
766 748 904 797 Quam
931 748 985 789 ob
1012 763 1102 789 rem
1128 748 1195 789 his
1223 748 1377 802 verbis,
1402 751 1546 803 patres

146 1583 189 1614 37

206 807 453 862 conscripti,
487 809 660 848 senatus
693 807 938 848 consultum
963 806 1205 848 faciendum
1232 821 1401 849 censeo:
1433 807 1546 849 ‘cum

204 865 256 907 D.
294 866 457 908 Brutus
495 866 749 920 imperator,
789 866 937 907 consul
975 866 1244 921 designatus,
1281 866 1547 920 provinciam

206 924 393 966 Galliam
416 925 463 966 in
487 928 660 966 senatus
687 924 920 979 populique
941 924 1124 966 Romani
1150 927 1366 979 potestate
1390 927 1548 978 teneat,

204 998 385 1038 cumque
418 984 651 1025 exercitum
682 986 854 1025 tantum
884 986 974 1024 tam
1006 984 1124 1025 brevi
1155 987 1348 1038 tempore
1374 997 1542 1025 8111111110

205 1043 348 1084 studio
375 1042 706 1097 municipiorum
732 1042 1081 1096 coloniarumque
1107 1042 1352 1097 provinciae
1380 1040 1545 1083 Galliae

205 1102 367 1156 optime
393 1101 444 1142 de
464 1116 509 1142 re
529 1101 703 1155 publica
721 1102 901 1143 meritae
921 1101 1210 1155 merentisque
1231 1101 1547 1155 conscripserit,

205 1160 484 1214 compararit,
522 1160 565 1201 id
597 1174 694 1201 eum
726 1163 841 1202 recte
874 1163 918 1201 et
950 1160 1097 1201 ordine
1131 1174 1265 1214 exque
1298 1174 1343 1201 re
1373 1159 1548 1214 publica

203 1218 374 1272 fecisse,
411 1218 539 1272 idque
576 1217 629 1259 D.
660 1218 786 1259 Bruti
818 1219 1238 1272 praestantissimum
1270 1218 1472 1260 meritum
1502 1218 1547 1259 in

204 1291 295 1318 rem
325 1277 544 1331 publicam
570 1278 738 1318 senatui
764 1277 1008 1331 populoque
1035 1277 1230 1319 Romano
1256 1280 1429 1332 gratum
1455 1290 1546 1318 esse

208 1338 251 1377 et
282 1335 386 1376 fore.
448 1334 599 1389 Itaque
637 1339 834 1377 senatum
865 1335 1156 1390 populumque
1189 1335 1432 1376 Romanum
1464 1335 1546 1376 exi—

205 1394 381 1436 stimare
401 1392 453 1434 D.
473 1393 601 1434 Bruti
626 1394 911 1448 imperatoris,
938 1394 1124 1435 consulis
1152 1393 1378 1448 designati,
1405 1408 1547 1448 opera,

203 1452 403 1506 001181110,
434 1452 595 1493 virtute
626 1452 949 1506 incredibilique
982 1452 1124 1493 studio
1151 1454 1194 1493 et
1221 1466 1430 1493 consensu
1453 1467 1547 1506 pro-

206 1511 368 1553 vinciae
403 1509 568 1552 Galliae
606 1511 668 1552 rei
700 1511 896 1565 publicae
928 1510 1196 1552 difficillumo
1230 1514 1421 1565 tempore
1455 1525 1546 1552 esse

206 1569 492 1611 subventum?
565 1569 677 1611 Huic
721 1572 844 1611 tanto
889 1570 1044 1611 merito
1087 1569 1231 1623 Bruti,
1268 1572 1414 1623 patres
1452 1584 1547 1611 con-

205 1628 375 1682 scripti,
413 1631 622 1682 tantoque
660 1629 704 1669 in
741 1643 832 1669 rem
862 1628 1080 1682 publicam
1113 1628 1319 1670 beneficio
1353 1628 1448 1682 quis
1480 1631 1547 1670 est

204 1690 352 1728 tantus
384 1687 522 1728 honos
557 1687 629 1740 qui
654 1701 742 1728 non
766 1687 999 1728 debeatur?
1054 1686 1179 1740 Nam,
1211 1687 1247 1728 si
1272 1685 1330 1729 M.
1355 1687 1546 1729 Antonio

204 1746 417 1800 patuisset
456 1744 615 1799 Gallia,
661 1746 697 1787 si
741 1746 958 1800 oppressis
1002 1745 1246 1800 municipiis
1285 1748 1328 1786 et
1366 1745 1545 1787 coloniis

204 1804 414 1859 inparatis
440 1804 485 1845 in
511 1804 631 1845 illam
651 1804 849 1845 ultimam
870 1803 1057 1845 Galliam
1077 1806 1300 1858 penetrare
1320 1804 1546 1858 potuisset,

205 1866 392 1917 quantus
433 1863 495 1904 rei
533 1863 729 1917 publicae
767 1866 906 1905 terror
942 1863 1234 1917 impenderet?
1302 1861 1546 1916 Dubitaret,

205 1922 343 1976 credo,
373 1921 503 1963 homo
537 1922 857 1963 amentissimus
891 1924 1018 1975 atque
1051 1921 1096 1962 in
1128 1921 1326 1962 omnibus
1354 1921 1545 1962 consiliis

205 1995 408 2035 praeceps
448 1984 491 2021 et
529 1980 675 2021 devius
706 1995 793 2021 non
825 1980 963 2022 solum
997 1995 1092 2021 cum
1125 1980 1313 2021 exercitu
1345 1993 1440 2033 8110,
1473 1979 1546 2021 sed

206 2040 336 2080 etiam
368 2053 465 2080 cum
498 2039 613 2080 0111111
645 2039 914 2080 immanitate
947 2039 1171 2079 barbariae
1203 2038 1364 2079 bellum
1389 2037 1545 2079 inferre

205 2098 343 2150 nobis,
373 2100 423 2138 ut
455 2097 545 2138 eius
577 2096 766 2138 furorem
796 2112 849 2138 ne
882 2097 1058 2151 Alpium
1088 2097 1259 2151 quidem
1284 2110 1405 2138 muro
1432 2095 1544 2137 cohi·

206 2156 304 2197 bere
343 2170 578 2210 possemus.
646 2155 764 2197 Haec
805 2156 940 2211 igitur
977 2155 1173 2197 habenda
1211 2155 1353 2210 gratia
1389 2157 1455 2195 est
1491 2153 1542 2194 D.

1568 763 1601 788 10

1567 1056 1599 1082 15

1566 1349 1598 1374 20

1566 1642 1599 1668 25

1565 1933 1599 1959 3⁰

206 2214 356 2268 Bruto,
383 2214 456 2268 qui
482 2214 605 2255 illum
629 2214 819 2256 nondum
844 2214 1100 2268 interposita
1126 2213 1380 2255 auctoritate
1400 2215 1544 2253 vestra
1563 2223 1596 2249 ³⁵

207 2286 281 2313 suc
323 2273 502 2314 consilio
544 2275 672 2326 atque
713 2273 870 2314 iudicio
906 2287 993 2314 non
1029 2276 1079 2313 ut
1116 2271 1334 2314 consulem
1370 2271 1544 2326 recepit,

207 2330 278 2370 sed
310 2333 359 2371 ut
383 2331 554 2372 hostem
582 2331 720 2373 arcuit
748 2330 889 2372 Gallia
914 2345 1041 2384 seque
1069 2330 1254 2372 obsideri
1281 2343 1409 2383 quam
1433 2329 1543 2371 hanc
