1671 2543
163 295 190 336 9

204 81 293 122 474
331 80 381 115 IN
407 80 454 115 M.
485 79 745 115 ANTONIUM
770 79 843 115 ΟΒ.
871 79 990 114 PHIL.
1017 78 1095 114 V11.
1134 79 1237 115 CAP.
1264 83 1296 123 8,
1317 83 1337 114 9
1358 83 1376 122 ἓ
1396 82 1547 114 25-27.

205 190 350 243 patres
390 188 641 242 conscripti,
678 202 730 229 ne
769 202 843 242 spe
877 187 1114 241 praesentis
1147 187 1264 241 pacis
1296 189 1548 242 perpetuam

205 262 355 302 pacem
388 247 614 288 amittatis.

295 304 508 354 Quorsum
551 305 656 347 haec
700 304 838 346 omnis
876 308 1044 370 spectat
1082 304 1250 346 oratio?
1295 304 1396 358 quid
1434 303 1548 345 enim

146 355 191 387 ²⁶
206 365 339 421 legati
390 364 574 420 egerint,
623 364 813 405 nondum
864 363 1034 405 scimus.
1105 363 1166 404 At
1217 378 1316 404 vero
1361 362 1549 416 excitati,

146 1079 189 1109 27

207 424 355 477 erecti,
400 423 558 478 parati,
597 423 752 464 armati
792 422 944 464 animis
983 423 1068 463 iam
1107 436 1199 463 esse
1238 422 1458 475 debemus,
1495 435 1547 462 ne

205 483 363 524 blanda
389 485 463 523 aut
489 482 672 536 supplici
700 481 894 523 oratione
921 484 996 522 aut
1022 481 1253 535 aequitatis
1275 479 1548 521 simulatione

205 541 418 582 fallamur.
487 540 640 582 Omnia
676 540 826 581 fecerit
865 543 1054 594 oportet,
1094 554 1200 594 quae
1238 539 1468 580 interdicta
1505 541 1549 579 et

207 599 459 640 denuntiata
491 602 610 653 sunt,
645 599 896 654 priusquam
929 598 1090 653 aliquid
1123 598 1332 652 postulet,
1364 597 1549 639 Brutum

207 658 640 713 exercitumque'eius
668 671 928 713 oppugnare,
954 657 1072 698 urbis
1094 660 1137 698 et
1158 671 1284 712 agros
1304 655 1548 711 provinciae

208 716 374 758 Galliae
406 717 604 771 populari
637 716 865 770 destiterit,
898 716 949 756 ad
975 715 1159 757 Brutum
1185 715 1365 757 adeundi
1391 714 1548 769 legatis

205 779 468 831 potestatem
499 775 662 829 fecerit,
694 775 927 816 exercitum
959 775 1068 816 citra
1099 775 1255 816 flumen
1282 773 1549 815 Rubiconem

207 835 400 876 eduxerit
443 849 521 876 nec
565 834 741 889 propius
779 834 929 875 urbem
966 833 1086 874 milia
1122 848 1328 887 passuum
1369 833 1550 874 ducenta.

207 893 463 948 admoverit,
500 893 631 934 fuerit
668 896 710 934 et
746 893 791 934 in
830 894 1002 934 senatus
1035 895 1078 933 et
1109 892 1152 933 in
1184 891 1332 946 populi
1365 890 1547 932 Romani

206 955 435 1007 potestate.
491 952 608 994 Haec
641 952 677 993 si
708 951 869 1005 fecerit,
902 952 983 992 erit
1009 951 1178 1006 integra
1203 953 1397 1005 potestas
1423 949 1548 992 nobis

208 1011 490 1065 deliberandi3
528 1011 564 1053 si
596 1011 764 1052 senatui
795 1026 880 1052 11011
912 1010 1119 1064 paruerit,
1150 1024 1235 1051 non
1268 1009 1331 1050 illi
1363 1011 1549 1062 senatus,

209 1070 281 1111 sed
325 1070 398 1112 ille
443 1070 603 1124 populo
641 1069 836 1111 Romano
875 1069 1035 1110 bellum
1073 1068 1285 1110 indixerit.
1354 1066 1436 1109 Sed
1473 1081 1549 1108 vos

208 1143 377 1183 moneo,
414 1132 560 1183 patres
594 1128 844 1182 conscripti:
883 1127 1081 1169 Libertas
1114 1127 1258 1182 agitur
1288 1126 1437 1182 populi
1467 1125 1551 1167 Ro-

208 1188 342 1241 mani,
381 1202 488 1242 quae
528 1190 593 1229 est
631 1187 927 1231 commendata
963 1186 1102 1236 vobis,
1141 1186 1230 1227 vita
1267 1189 1310 1227 et
1352 1186 1549 1226 fortunae

209 1246 362 1300 optimi
401 1246 623 1300 cuiusque,
663 1260 746 1299 quo
786 1245 1064 1299 cupiditatem
1101 1244 1314 1285 infinitam
1347 1258 1443 1285 cum
1473 1243 1550 1284 im-

208 1305 323 1346 mani
358 1305 609 1346 crudelitate
637 1304 723 1344 iam
748 1304 912 1358 pridem
939 1303 1123 1345 intendit
1148 1303 1375 1356 Antonius,
1407 1303 1548 1343 aucto-

208 1364 314 1404 ritas
348 1366 502 1416 vcstra,
534 1377 661 1416 quam
694 1362 857 1414 nullam
889 1362 1116 1414 habebitis,
1148 1361 1230 1402 nisi
1263 1375 1375 1402 nunc
1406 1363 1549 1401 tenue<

208 1422 324 1474 ritis3
367 1424 550 1462 taetram
595 1425 638 1462 et
677 1421 925 1474 pestiferam
964 1420 1134 1461 beluam
1170 1434 1223 1460 ne
1262 1419 1470 1460 inclusam
1508 1421 1551 1460 et

210 1480 491 1522 constrictam
523 1479 765 1533 dimittatis,
799 1479 959 1520 cavete!
1011 1478 1069 1520 Te
1096 1478 1249 1532 ipsum,
1280 1477 1432 1531 Pansa,
1463 1491 1550 1519 mo-

209 1554 289 1580 neo
318 1538 597 1593 (quamquam
623 1553 709 1579 11011
729 1551 827 1592 eges
849 1537 1040 1590 consilio,
1067 1551 1150 1591 quo
1171 1537 1286 1578 vales
1306 1536 1551 1591 plurimum,

1570 723 1603 749 10

1569 1022 1602 1047 15

1633 86 1642 122 ..²

209 1600 355 1639 tamen
382 1598 512 1638 etiam
539 1597 695 1638 summi
722 1597 1030 1651 gubernatores
1056 1596 1101 1636 in
1129 1595 1295 1651 magnis
1321 1597 1550 1650 tempesta·
1569 1607 1603 1634 πε
1635 1602 1647 1638 'e

210 1658 327 1698 tibus
378 1671 402 1697 a
447 1656 690 1697 vectoribus
736 1655 954 1696 admoneri
999 1652 1176 1709 solent),
1225 1654 1337 1695 hunc
1380 1656 1550 1695 tantum

211 1718 334 1756 tuum
379 1717 635 1769 apparatum
679 1717 852 1768 tamque
890 1713 1157 1768 praeclarum
1194 1727 1246 1754 ne
1285 1712 1337 1753 ad
1367 1712 1551 1754 nihilum

210 1774 396 1816 recidere
446 1774 621 1828 patiare.
695 1773 881 1826 Tempus
925 1772 1057 1813 habes
1102 1771 1206 1825 tale,
1257 1771 1382 1825 quale
1424 1785 1550 1812 nemo

209 1833 363 1874 habuit
400 1847 615 1886 umquam.
676 1831 769 1872 Hac
808 1831 1020 1886 gravitate
1059 1805 1250 1883 senatus,
1287 1830 1367 1871 hoc
1407 1830 1549 1871 studio

211 1892 421 1946 equestris
455 1891 626 1944 ordinis,
661 1890 743 1931 hoc
776 1890 924 1930 ardore
956 1889 1104 1943 populi
1136 1888 1320 1930 Romani
1351 1891 1475 1942 potes
1506 1888 1606 1929 inno

210 1953 465 2005 perpetuum
511 1964 600 1990 rem
638 1949 856 2003 publicam
894 1950 1011 1989 metu
1049 1950 1092 1988 et
1128 1947 1317 2002 periculo
1357 1947 1551 1988 liberare.

211 2008 376 2058 Quibus
410 2008 460 2049 de
493 2009 619 2049 rebus
653 2007 803 2061 refers,
836 2006 881 2047 P.
915 2005 1095 2048 Servilio
1130 2005 1358 2046 adsentior.

1625 1684 1647 1836 ὲ
