1671 2543
531 73 629 109 CAP.
660 77 797 109 11-13
825 78 843 117 ἓ
869 79 1020 110 24—29.
1352 74 1433 115 173

178 181 244 225 Ac
273 196 327 224 ne
358 184 452 223 tum
485 181 656 237 quidem
689 183 914 236 emersisti,
945 181 1157 224 lutulente
1184 181 1433 236 Caesonine,
1448 190 1493 220 27

90 257 142 283 ex
174 241 428 283 miserrimis
459 243 639 282 naturae
671 243 772 282 tuae
804 242 1019 297 sordibus,
1057 256 1154 283 cum
1186 244 1435 296 experrecta

90 300 264 342 tandem
290 300 427 341 virtus
452 299 681 340 clarissimi
702 300 782 341 viri
803 300 997 342 celeriter
1017 302 1060 341 et
1079 315 1227 342 verum
1248 300 1435 341 amicum

91 361 135 400 et
173 359 335 413 optime
371 358 574 399 meritum
606 358 742 400 civem
774 361 817 399 et
849 373 975 400 suum
1004 359 1238 414 pristinum
1269 373 1435 400 morem

53 429 72 454 5
91 417 335 472 requisivit3
371 431 509 471 neque
542 419 608 458 est
637 417 710 458 ille
742 417 808 458 vir
839 432 990 472 passus
1022 418 1068 459 in
1099 432 1149 459 ea
1178 432 1223 459 re
1248 417 1434 472 publica,

92 491 222 531 quam
251 476 343 530 ipse
376 475 599 517 decorarat
628 478 757 530 atque
784 479 972 531 auxerat,
1004 476 1165 517 diutius
1191 479 1432 518 vestrorum

91 534 301 576 scelerum
325 537 493 588 pestem
519 535 690 589 morari,
718 549 815 576 cum
834 538 980 576 tamen
998 535 1083 590 ille,
1110 535 1433 590 qualiscumque

90 596 169 647 est,
202 593 275 647 qui
302 595 368 634 est
400 593 453 634 ab
486 607 570 635 uno
603 596 647 634 te
679 593 959 647 improbitate
985 594 1137 648 victus,
1172 593 1431 648 [Gabinius,]

91 651 269 707 collegit
293 651 386 706 ipse
413 666 457 693 se
482 651 564 706 vix,
591 652 666 693 sed
692 652 869 707 collegit
895 655 1041 694 tamen
1066 655 1110 694 et
1135 655 1286 694 contra
1309 667 1435 694 suum

39 724 72 749 10
91 710 291 752 Clodium
334 710 523 764 primum
563 710 781 765 simulate,
825 711 975 752 deinde
1011 725 1099 752 non
1135 711 1337 766 libenter,
1381 711 1435 752 ad

91 772 330 810 extremum
356 772 502 810 tamen
526 783 604 824 pro
627 768 700 811 Cn.
720 768 927 824 Pompeio
953 784 1051 811 vere
1076 770 1433 824 vehementerque

89 828 311 883 pugnavit.
387 827 480 876 Quo
532 828 704 882 quidem
753 828 799 869 in
842 828 1087 882 spectaculo
1131 829 1242 869 mira
1284 828 1435 883 populi

90 886 274 928 Romani
308 886 502 940 aequitas
530 889 632 927 erat.
683 885 792 928 Uter
817 901 966 928 corum
989 887 1185 941 perisset,
1211 890 1434 942 tamquam

89 945 250 986 lanista
277 944 322 986 in
349 945 438 986 eius
465 945 582 986 modi
606 945 700 999 pari
725 945 892 986 lucrum
917 946 1011 987 fieri
1036 946 1231 1000 putabat,
1262 946 1435 987 immor-

39 1018 71 1044 15
92 1004 225 1045 talem
255 1018 355 1045 vero
389 1006 633 1058 quaestum,
668 1004 705 1045 si
736 1007 916 1058 uterque
949 1005 1183 1046 cecidisset.
1247 1003 1330 1046 Sed
1360 1005 1493 1046 ille28

91 1065 238 1104 tamen
276 1062 433 1117 agebat
472 1062 651 1117 aliquid,
691 1063 896 1104 tuebatur
933 1063 1239 1105 auctoritatem
1278 1064 1435 1104 summi

91 1121 184 1162 viri.
244 1120 353 1161 Erat
384 1121 476 1175 ipse
509 1121 761 1175 sceleratus,
795 1123 889 1162 erat
920 1121 1146 1176 gladiator,
1179 1136 1275 1163 cum
1308 1122 1435 1163 scele-

90 1182 186 1221 rato
231 1182 378 1220 tamen
421 1182 465 1220 et
506 1194 603 1221 cum
645 1180 739 1234 pari
783 1180 1023 1235 gladiatore
1060 1181 1296 1236 pugnabat.
1370 1181 1436 1222 Tu

92 1238 257 1280 scilicet
287 1238 417 1279 homo
449 1237 679 1293 religiosus
713 1241 756 1279 et
788 1240 962 1280 sanctus
993 1239 1161 1293 foedus,
1194 1239 1307 1294 quod
1338 1254 1434 1281 meo

37 1311 72 1337 20
91 1297 299 1352 sanguine
342 1297 388 1337 in
428 1297 628 1351 pactione
671 1297 991 1351 provinciarum
1033 1298 1186 1352 iceraS,
1235 1297 1434 1354 frangere

89 1355 281 1397 noluisti.
344 1354 527 1398 Caverat
564 1356 678 1397 enim
709 1356 793 1397 sibi
824 1357 896 1397 ille
928 1357 1118 1398 sororius
1152 1356 1336 1411 adulter,
1374 1360 1435 1410 ut,

91 1415 128 1455 si
159 1414 243 1455 tibi
273 1414 551 1468 provinciam,
584 1414 620 1455 si
650 1415 895 1469 exercitum,
927 1415 964 1456 si
989 1415 1216 1469 pecuniam
1242 1418 1436 1470 ereptam

92 1487 144 1514 ex
162 1473 224 1514 rei
242 1472 440 1527 publicae
458 1473 694 1514 visceribus
715 1473 914 1528 dedisset,
938 1474 1129 1515 omnium
1152 1474 1234 1527 [ut]
1258 1488 1435 1516 suorum

93 1530 302 1572 scelerum
340 1531 504 1573 socium
541 1534 585 1572 te
623 1532 947 1586 adiutoremque
981 1532 1220 1587 praeberes.
1281 1532 1435 1587 Itaque

40 1603 73 1630 25
93 1590 138 1630 in
173 1589 249 1630 1110
281 1590 473 1630 tumultu
503 1589 631 1631 fracti
662 1590 818 1644 fasces,
856 1591 967 1632 ictus
999 1591 1109 1645 ipse,
1148 1591 1304 1633 cotidie
1336 1592 1435 1646 tela,

92 1647 270 1702 lapides,
294 1647 435 1702 fugae,
461 1648 749 1702 deprehensus
775 1649 956 1703 denique
983 1664 1080 1690 cum
1104 1649 1218 1691 ferro
1245 1650 1298 1691 ad
1318 1665 1436 1691 sena-

92 1709 188 1747 tum
218 1706 268 1760 is,
301 1720 427 1759 quem
459 1706 512 1746 ad
544 1706 617 1748 Cn.
643 1706 898 1761 Pompeium
929 1708 1262 1748 interimendum
1294 1708 1435 1750 conlo·

94 1768 238 1806 catum
279 1763 413 1805 fuisse
458 1765 695 1805 constabat.
765 1765 925 1820 Ecquis
970 1766 1134 1807 audivit
1175 1780 1264 1807 non
1306 1767 1433 1808 modo

94 1823 307 1864 actionem
339 1822 528 1876 aliquam
560 1826 634 1863 aut
665 1823 938 1878 relationem,
973 1825 1048 1865 sed
1078 1838 1227 1865 vocem
1259 1825 1434 1867 omnino

39 1897 74 1922 30
94 1884 168 1922 aut
206 1881 441 1935 querellam
483 1882 632 1922 tuam?
694 1880 924 1923 Consulem
963 1885 1009 1923 tu
1046 1885 1089 1923 te
1126 1882 1258 1924 fuisse
1295 1886 1436 1938 putas,

94 1940 213 1982 cuius
251 1940 297 1981 'm
332 1940 533 1994 imperio,
572 1939 644 1994 qui
675 1954 767 1981 rem
797 1940 1016 1994 publicam
1047 1944 1220 1982 senatus
1254 1942 1436 1983 auctori-

92 2001 183 2040 tate
209 2002 414 2053 servarat,
433 1999 470 2039 is
495 1999 604 2039 domi
622 2011 662 2039 se
681 2002 754 2039 aut
771 1998 950 2053 denique
971 1999 1017 2040 in
1035 1999 1176 2052 Italia,
1202 2000 1276 2054 qui
1296 2000 1436 2041 omnis

93 2057 285 2098 omnium
311 2057 507 2112 gentium
531 2057 668 2111 partis
698 2057 840 2098 tribus
860 2057 1092 2111 triumphis
1113 2058 1373 2112 devinxerat,
1397 2059 1435 2100 is

94 2130 138 2157 se
157 2117 204 2157 in
221 2116 395 2169 publico
417 2118 512 2156 tuto
535 2115 689 2156 statuit
710 2130 801 2156 esse
820 2130 908 2157 non
925 2117 1081 2170 posse?
1113 2116 1184 2158 An
1197 2120 1290 2158 tum
1304 2118 1436 2159 eratis

0 2175 1 2179 ’
41 2190 74 2215 35
95 2175 303 2228 consules,
336 2189 444 2228 cum,
477 2188 742 2228 quacumque
775 2174 825 2215 de
851 2189 896 2215 re
922 2175 1100 2216 verbum
1124 2174 1265 2216 facere
1292 2190 1438 2230 coepe-

93 2233 200 2273 ratis
230 2236 304 2273 aut
329 2232 486 2274 referre
515 2232 567 2273 ad
593 2235 802 2287 senatum,
836 2236 1014 2274 cunctus
1042 2233 1144 2275 ordo
1172 2233 1437 2275 reclamabat

95 2291 432 2345 ostendebatque
475 2291 585 2332 nihil
629 2305 721 2332 esse
757 2306 834 2333 vos
874 2294 1063 2346 acturos,
1105 2292 1190 2334 nisi
1227 2293 1347 2346 prius
1385 2294 1436 2334 de

1453 1746 1506 1786 13

1449 1805 1493 1836 29
