1671 2543
520 85 621 121 CAP.
646 89 738 120 4-6
766 89 784 129 ξ
812 89 939 120 9-15.
1368 87 1454 129 379

107 192 153 235 L.
180 192 396 247 Murenae,
429 192 501 248 qui
534 196 627 235 tum
657 195 780 234 erant
807 193 1003 234 consules
1029 193 1257 249 designati,
1288 194 1453 248 placuit

106 251 221 293 idem
262 252 376 306 quod
414 252 711 294 consularibus
750 250 806 292 M.
847 251 1021 306 Catoni3
1065 252 1139 306 qui
1177 267 1274 294 cum
1313 253 1451 294 multa

108 310 198 351 vita
242 310 446 352 excedens
490 310 695 365 providit,
741 313 835 351 tum
874 310 988 364 quod
1025 313 1068 352 te
1107 311 1328 353 consulem
1364 326 1452 353 non

107 369 226 410 vidit.
275 368 463 410 Maxime
495 383 595 410 vero
628 368 901 410 consulatum
934 383 1077 411 meum
1110 368 1185 412 Cn.
1217 369 1451 424 Pompeius

70 437 87 463 5
105 427 319 482 probavit,
352 428 425 482 qui
456 430 506 469 ut
537 442 604 469 me
636 428 825 482 primum
857 427 1063 469 decedens
1096 442 1147 469 ex
1174 427 1300 483 Syria
1330 429 1451 483 vidit,

107 486 339 541 conplexus
372 489 416 527 et
447 486 672 542 gratulans
700 501 794 528 meo
821 486 1028 528 beneficio
1055 487 1243 541 patriam
1270 501 1314 529 se
1340 487 1451 529 visu-

105 559 201 586 rum
228 559 320 586 esse
347 544 467 586 dixit.
519 543 602 586 Sed
630 545 731 599 quid
760 545 954 600 singulos
982 546 1304 588 commemoro?
1351 545 1451 588 Fre-

106 603 390 658 quentissimo
430 604 599 645 senatui
638 604 700 645 sic
737 603 920 657 placuit,
959 606 1009 645 ut
1047 607 1161 645 esset
1191 619 1337 659 nemo,
1376 605 1450 660 qui

105 662 212 703 mihi
254 677 341 704 non
384 665 433 703 ut
476 662 645 717 parenti
691 662 856 717 gratias
896 665 1062 718 ageret,
1107 662 1177 717 qui
1218 663 1325 705 mihi
1362 678 1450 706 non

54 737 87 762 10
106 721 241 762 vitam
274 735 413 775 suam,
444 721 659 775 fortunas,
692 721 864 775 liberos,
897 736 987 763 rem
1018 721 1237 775 publicam
1269 721 1450 764 referret

106 783 338 834 acceptam

196 837 279 880 Sed
317 839 520 893 quoniam
557 839 664 893 illis,
696 853 803 893 quos
842 839 1079 894 nominavi,
1111 842 1179 881 tot
1211 842 1256 881 et
1288 840 1447 882 talibus

105 897 210 939 viris
242 912 309 939 res
341 898 516 952 publica
548 898 702 939 orbata
734 900 817 952 est,
858 898 1079 939 veniamus
1113 898 1166 939 ad
1198 898 1337 952 vivos,
1374 899 1448 953 qui

106 957 189 998 duo
228 957 278 998 de
317 956 608 998 consularium
644 971 822 998 numero
862 957 1017 1011 reliqui
1052 959 1164 998 sunt.
1225 956 1272 998 L.
1305 956 1448 1011 Cotta,

55 1030 87 1056 15
107 1015 172 1056 vir
217 1029 384 1057 summo
428 1015 601 1071 ingenio
647 1029 898 1070 summaque
938 1016 1183 1071 prudentia,
1227 1016 1354 1058 rebus
1392 1016 1446 1058 iis

105 1074 260 1130 gestis,
299 1088 404 1129 quas
442 1076 491 1115 tu
529 1074 821 1129 reprehendis,
861 1075 1221 1129 supplicationem
1260 1075 1448 1117 decrevit

104 1133 247 1174 verbis
288 1133 584 1187 amplissimis,
623 1133 746 1187 eique
778 1133 843 1174 illi
874 1134 975 1188 ipsi,
1015 1148 1121 1188 quos
1154 1134 1280 1176 modo
1312 1134 1447 1176 nomi-

103 1191 215 1246 navi,
247 1192 493 1233 consulares
526 1195 784 1246 senatusque
818 1195 996 1234 cunctus
1030 1193 1234 1234 adsensus
1261 1196 1340 1247 est,
1372 1193 1447 1248 qui

103 1249 242 1292 honos
280 1253 380 1305 post
412 1251 631 1292 conditam
661 1251 772 1292 110110
804 1251 955 1292 urbem
986 1251 1161 1293 habitus
1195 1254 1260 1293 est
1292 1255 1445 1307 togato·

52 1324 86 1349 20
105 1311 204 1350 ante
237 1323 304 1350 me
335 1309 507 1351 nemini
558 1308 603 1350 L.
630 1308 799 1363 Caesar,
831 1310 1065 1352 avunculus
1098 1313 1210 1364 tuus,
1244 1325 1328 1365 qua
1354 1325 1445 1352 ora·
1461 1319 1505 1350 14

104 1368 240 1422 tione,
273 1382 357 1422 qua
389 1368 646 1422 constantia,
682 1383 766 1422 qua
797 1369 1011 1424 gravitate
1044 1369 1306 1410 sententiam
1338 1370 1446 1410 dixit

99 1425 150 1472 111
181 1426 342 1468 sororis
375 1440 474 1468 suae
506 1426 658 1481 virum,
690 1427 892 1468 vitricum
923 1428 1064 1469 tuum!
1114 1426 1242 1469 Hunc
1273 1431 1322 1469 tu
1349 1443 1446 1470 cum

105 1487 325 1525 auctorem
352 1488 395 1526 et
419 1488 741 1539 praeceptorem
768 1486 960 1527 omnium
987 1486 1266 1528 consiliorum
1292 1487 1445 1528 totius-

106 1557 188 1597 que
225 1543 339 1583 vitae
377 1543 597 1585 debuisses
632 1544 809 1598 habere,
846 1545 991 1586 vitrici
1022 1548 1065 1585 te
1098 1544 1284 1585 similem
1316 1559 1446 1598 quam

52 1615 86 1641 25
107 1600 306 1642 avunculi
337 1600 541 1642 maluisti.
590 1601 730 1643 Hujus
764 1615 844 1657 ego
877 1603 1039 1643 alienus
1073 1602 1265 1644 consiliis
1296 1603 1444 1644 consul

106 1673 209 1701 usus
248 1673 360 1711 sum,
392 1661 441 1699 tu
479 1659 638 1700 sororis
675 1660 790 1701 filius
830 1660 982 1714 ecquid
1020 1659 1073 1700 ad
1111 1674 1208 1700 eum
1238 1674 1445 1713 umquam

107 1719 157 1759 de
196 1732 241 1759 re
272 1717 446 1771 publica
477 1717 716 1758 rettulisti?
778 1718 839 1759 At
871 1718 923 1758 ad
956 1731 1062 1771 quos
1095 1717 1257 1758 refert‘?
1296 1718 1338 1758 di
1368 1718 1445 1758 im-

107 1776 330 1818 mortales!
392 1775 460 1816 Ad
494 1789 566 1816 eos
600 1775 781 1828 scilicet,
820 1789 1002 1829 quorum
1032 1775 1158 1816 nobis
1191 1775 1323 1816 etiam
1354 1775 1444 1816 dies

107 1835 274 1876 natales
306 1833 504 1875 audiendi
533 1836 644 1874 sunt.
693 1833 833 1874 Hodie
859 1848 948 1875 non
972 1833 1190 1874 descendit
1215 1834 1444 1875 Antonius.
1461 1846 1504 1877 15

55 1909 89 1934 30
110 1892 224 1935 Cur‘?
298 1891 386 1933 Dat
429 1891 677 1932 nataliciam
721 1891 765 1932 in
808 1892 959 1933 hortis.
1035 1890 1142 1933 Cui?
1216 1890 1446 1934 Neminem

107 1950 359 2004 nominab03
383 1953 534 2004 putate
555 1953 649 1991 tum
667 1949 920 1991 Phormioni
941 1950 1080 2003 alicui,
1099 1952 1193 1991 tum
1215 1948 1446 2004 Gnathoni,

108 2013 203 2051 tum
241 2009 373 2050 etiam
410 2008 608 2049 Ballioni.
674 2007 709 2049 O
748 2008 1000 2049 foeditatem
1035 2008 1224 2049 hominis
1262 2007 1430 2063 flagitio

108 2083 214 2122 sam,
250 2083 273 2108 0
306 2066 629 2121 impudentiam,
659 2066 908 2120 nequitiam,
940 2066 1164 2107 libidinem
1194 2080 1282 2107 non
1312 2066 1447 2108 feren-

109 2127 224 2168 dam!
265 2126 331 2167 Tu
357 2139 453 2167 cum
478 2125 716 2179 principem
741 2127 995 2178 senatorem,
1021 2125 1156 2166 civem
1183 2124 1447 2179 singularem

57 2200 90 2226 35
110 2187 200 2226 tam
231 2184 521 2239 propinquum
551 2182 724 2237 habeas,
756 2183 809 2224 ad
840 2197 938 2224 eum
970 2183 1019 2223 de
1052 2197 1097 2224 re
1133 2182 1308 2236 publica
1337 2183 1447 2224 nihil

109 2242 281 2297 referas,
313 2241 473 2284 referas
506 2241 559 2282 ad
591 2255 675 2295 eos,
708 2241 781 2295 qui
814 2255 935 2282 suam
966 2255 1057 2282 rem
1082 2241 1246 2282 nullam
1270 2241 1445 2296 habent,

109 2304 231 2342 tuam
255 2300 540 2342 exhauriunt?
589 2299 704 2340 Tuus
730 2299 928 2341 videlicet
954 2299 1155 2340 salutaris
1183 2300 1444 2355 consulatus,
1453 2297 1518 2356 (7)

1463 818 1489 859 6

1465 878 1505 909 13
