1671 2543
170 183 196 225 6

157 244 198 274 13

156 802 199 831 14

210 98 298 140 492
393 97 445 133 IN
470 98 518 133 M.
545 97 803 133 ANTONIUM
830 96 1006 133 ORATIO
1033 96 1302 132 PHILIPPICA
1327 97 1386 132 IX.

301 206 411 248 Mihi
431 209 576 247 autem
595 205 837 247 recordanti
859 204 946 247 Ser.
968 203 1132 260 Sulpici
1151 206 1344 248 multos
1333 221 1379 247 in
1402 208 1553 248 nostra

213 265 511 307 familiaritate
544 278 762 306 sermones
795 264 961 320 gratior
992 265 1057 305 illi
1088 264 1275 319 videtur,
1312 265 1349 307 si
1381 265 1454 320 qui
1485 269 1553 306 est

212 338 362 366 sensus
394 324 439 365 in
471 326 622 378 morte,
655 326 786 364 a‘enea
817 325 960 364 statua
990 322 1148 378 futura,
1180 326 1224 365 et
1255 337 1304 365 ea
1328 323 1553 378 pedestris,

212 397 341 437 quam
385 383 583 423 inaurata
627 382 856 436 equestris,
903 382 1042 436 qualis
1085 381 1132 424 L.
1178 339 1355 424 Sullaep
1364 382 1552 436 primum

212 444 378 483 statuta
398 444 476 482 est.
502 440 685 482 Mirifice
700 441 814 482 enim
829 439 1001 483 Servius
1017 441 1226 482 maiorum
1242 441 1552 483 continentiam

212 500 439 555 diligebat,
476 499 604 541 huius
644 500 803 541 saeculi
837 499 1113 541 insolentiam
1144 500 1429 554 vituperabat.
1490 499 1553 542 Ut

212 559 365 614 igitur,
404 558 440 599 si
473 558 615 613 ipsum
647 559 886 612 consulam,
925 558 1026 613 quid
1057 558 1179 613 velit,
1217 559 1278 601 sic
1309 559 1551 614 pedestrem

213 632 263 658 ex
290 631 386 658 aere
413 619 602 672 statuam
626 619 850 672 tamquam
875 631 926 658 ex
952 617 1041 658 eius
1065 618 1324 659 auctoritate
1343 621 1388 659 et
1406 618 1552 659 volun-

212 679 302 717 tate
340 676 539 731 decern03
578 690 685 730 quae
723 676 897 730 quidem
932 690 1137 731 magnum
1172 677 1330 718 civium
1360 676 1552 718 dolorem
1628 682 1634 687 '

212 737 256 776 et
305 735 564 776 desiderium
610 735 773 784 honore
816 735 1071 776 monimenti
1114 735 1280 777 minuet
1323 738 1367 777 et
1409 735 1554 777 leniet.

213 793 358 848 Atque
395 794 507 835 hanc
543 808 684 835 meam
721 793 997 848 sententiam,
1036 797 1181 848 patres
1221 793 1470 848 conscripti,
1507 792 1554 835 P.

215 851 369 894 Servili
408 852 623 894 sententia
661 853 933 907 comprobari
969 867 1141 894 necesse
1180 856 1264 906 est,
1307 852 1380 907 qui
1418 853 1555 907 sepul-

213 911 364 952 chrum
412 911 584 966 publice
634 911 945 953 decernendum
996 910 1083 953 Ser.
1135 910 1324 966 Sulpicio
1375 912 1554 966 censuit,

213 972 403 1011 statuam
433 984 522 1011 non
553 970 731 1012 censuit.
780 969 905 1023 Nam,
938 971 974 1011 si
1005 984 1121 1012 mors
1148 970 1281 1026 legati
1308 970 1398 1012 sine
1427 970 1554 1012 caede

213 1032 343 1083 atque
381 1028 495 1070 ferro
533 1029 702 1070 nullum
738 1029 948 1070 honorem
984 1029 1215 1083 desiderat,
1252 1043 1328 1071 cur
1364 1029 1553 1071 decernit

212 1087 422 1129 honorem
455 1088 711 1142 sepulturae,
741 1088 813 1142 qui
845 1088 1057 1129 maximus
1088 1087 1239 1129 haberi
1268 1090 1415 1142 potest
1445 1102 1555 1129 mor-

212 1146 319 1187 tuo‘?
366 1145 443 1187 Sin
466 1146 510 1187 id
537 1147 692 1188 tribuit
719 1145 808 1188 Ser.
835 1145 1039 1201 Sulpicio,
1065 1147 1179 1201 quod
1203 1161 1290 1188 non
1316 1149 1382 1188 est
1407 1147 1555 1188 datum

213 1204 287 1247 Cn.
322 1203 520 1259 Octavio,
559 1219 651 1260 cur,
689 1206 803 1260 quod
839 1205 905 1246 illi
937 1206 1085 1247 datum
1117 1208 1200 1259 est,
1237 1205 1337 1247 huic
1368 1205 1553 1247 dandum

212 1277 305 1304 esse
330 1278 418 1304 non
444 1264 618 1305 censet?
656 1263 842 1305 Maiores
866 1264 1037 1318 quidem
1055 1264 1196 1305 nostri
1217 1267 1383 1305 statuas
1404 1263 1552 1305 multis

211 1322 509 1375 decreverunt,
541 1322 768 1376 sepulchra
798 1323 958 1377 paucis.
1022 1321 1105 1364 Sed
1137 1325 1305 1363 statuae
1336 1322 1553 1363 intereunt

212 1382 486 1434 tempestate,
511 1380 566 1435 vi,
586 1383 814 1435 vetustate,
834 1381 1159 1446 sepulchrorum
1180 1383 1324 1422 autem
1345 1381 1553 1422 sanctitas

212 1439 258 1480 in
294 1439 390 1493 ipso
429 1438 522 1480 solo
561 1442 645 1493 est,
683 1439 797 1493 quod
833 1439 953 1480 nulla
988 1439 1028 1480 vi
1060 1439 1222 1480 moveri
1253 1453 1390 1505 neque
1422 1439 1554 1481 deleri

212 1500 378 1552 potest,
417 1500 565 1551 atque,
601 1500 651 1539 ut
689 1501 831 1539 cetera
868 1498 1196 1553 extinguuntur,
1234 1498 1295 1540 sic
1327 1497 1555 1553 sepulchra

156 1563 199 1595 15
214 1556 432 1598 sanctiora
456 1556 567 1597 fiunt
592 1559 819 1598 vetustate.
869 1556 1095 1612 Augeatur
1120 1557 1255 1611 igitur
1280 1557 1365 1598 isto
1391 1557 1553 1599 honore

173 2026 196 2066 7

212 1615 344 1656 etiam
369 1615 406 1656 is
431 1615 508 1669 vir,
535 1615 602 1656 cui
620 1616 764 1657 nullus
785 1615 922 1657 honos
943 1616 1076 1656 tribui
1095 1630 1182 1657 non
1201 1615 1372 1657 debitus
1390 1618 1554 1671 potest,

213 1674 329 1729 grati
362 1674 496 1715 simus
528 1674 574 1715 in
606 1674 696 1716 eius
729 1677 868 1716 morte
900 1674 1149 1728 decoranda,
1181 1675 1248 1716 cui
1279 1674 1443 1716 nullam
1468 1674 1554 1716 iam

213 1733 344 1774 aliam
382 1733 570 1788 gratiam
607 1732 764 1774 referre
801 1747 1045 1787 possumus
1105 1732 1294 1774 Notetur
1331 1733 1462 1774 etiam
1497 1732 1554 1774 M.

211 1791 379 1833 Antoni
422 1790 634 1832 nefarium
676 1791 839 1833 bellum
883 1792 1072 1846 gerentis
1117 1792 1325 1833 scelerata
1367 1792 1554 1833 audacia.

211 1850 293 1891 His
333 1850 447 1891 enim
484 1850 721 1892 honoribus
760 1850 923 1891 habitis
957 1849 1045 1892 Ser.
1079 1849 1270 1904 Sulpicio
1306 1850 1553 1905 repudiatae

212 1909 481 1963 reiectaeque
512 1909 745 1964 legationis
779 1909 831 1950 ab
858 1909 1049 1950 Antonio
1083 1909 1275 1950 manebit
1303 1909 1552 1951 testificatio

213 1967 487 2021 sempiterna.

303 2026 418 2075 Quas
458 2026 512 2067 ob
550 2040 618 2067 res
657 2026 719 2067 ita
757 2040 927 2067 censeo:
990 2025 1101 2068 ‘cum
1136 2025 1224 2068 Ser.
1258 2024 1473 2080 Sulpicius
1504 2025 1554 2076 Q.

211 2084 241 2125 f.
286 2083 493 2126 Lemonia
533 2083 672 2126 Rufus
717 2084 972 2126 difficillimo
1017 2085 1078 2126 rei
1121 2085 1317 2139 publicae
1360 2087 1553 2139 tempore

213 2144 336 2198 gravi
360 2143 688 2197 periculosoque
714 2144 866 2185 morbo
893 2143 1086 2185 adfectus
1113 2144 1416 2185 auctoritatem
1436 2157 1554 2184 sena-

212 2204 301 2255 tus,
351 2202 535 2243 salutem
585 2202 646 2243 rei
695 2202 892 2256 publicae
942 2202 1056 2243 vitae
1106 2217 1207 2244 suae
1256 2202 1553 2256 praeposuerit

214 2263 449 2314 contraque
494 2261 581 2302 vim
619 2261 961 2316 gravitatemque
999 2261 1139 2302 morbi
1177 2260 1461 2314 contenderit,
1503 2263 1553 2301 ut

213 2332 258 2358 m
297 2322 439 2359 castra
470 2318 527 2360 M.
559 2319 741 2373 Antoni,
779 2333 862 2374 quo
897 2322 1070 2361 senatus
1103 2334 1200 2360 eum
1231 2318 1425 2373 miserat,
1461 2332 1554 2372 per·

1573 753 1607 779 10

1573 1047 1607 1074 15

1573 1342 1607 1367 20

1573 1634 1607 1662 25

1572 1928 1608 1955 30

1571 2219 1606 2245 35
