1671 2543
167 81 222 121 52
556 77 650 112 PRO
676 76 716 112 P.
743 76 906 111 SESTIO
934 75 1124 111 ORATIO.

167 186 356 229 insolens
387 186 433 227 in
464 185 654 239 dicendo,
685 187 734 225 ut
766 184 881 225 omni
913 198 965 225 ex
993 198 1146 240 genere
1174 183 1414 225 orationem
1438 197 1510 224 au-

168 260 298 300 cuper
335 247 379 286 et
416 258 564 286 omnes
600 243 787 297 undique
824 243 1026 284 flosculos
1065 256 1238 296 carpam
1275 243 1404 296 atque
1442 241 1509 283 de—

166 304 309 345 libem.
380 302 495 356 8010,
536 302 637 357 quid
675 301 866 357 gravitas
904 304 1064 355 vestra⁷
1103 300 1205 355 quid
1241 300 1347 341 haec
1385 299 1509 341 advo·

168 363 293 416 catio,
326 362 427 416 quid
452 362 525 402 ille
553 363 800 413 conventus,
832 360 933 414 quid
958 359 1147 415 dignitas
1173 358 1219 400 P.
1248 358 1375 412 Sesti,
1407 358 1510 412 quid

166 421 347 476 periculi
396 419 668 475 magnitudo,
719 418 821 473 quid
870 421 1006 473 aetas,
1057 418 1158 472 quid
1206 417 1345 459 honos
1388 431 1508 459 meus
1527 430 1544 456 5

166 479 369 534 postulet.
433 477 515 520 Sed
546 478 652 519 milii
684 477 848 531 sumpsi
878 477 961 519 hoc
991 477 1086 518 loco
1113 476 1354 518 doctrinam
1380 490 1510 530 quan·

168 539 266 579 dam
291 537 517 590 iuventuti,
544 537 617 591 qui
643 539 786 577 essent
812 538 1068 590 optumates.
1118 534 1171 576 In
1190 550 1239 576 ea
1259 534 1511 589 explicanda

167 596 547 638 demonstrandum
580 597 646 636 est
676 609 763 636 non
790 609 881 635 esse
906 594 1126 649 popularis
1154 593 1293 635 omnis
1319 607 1403 648 eos,
1436 593 1511 648 qui

167 658 385 709 putentur.
447 653 497 695 Id
534 653 737 695 facillime
775 667 1030 707 consequar,
1067 653 1104 694 si
1141 652 1329 693 universi
1360 652 1510 706 populi

167 714 373 755 iudicium
409 727 557 753 verum
595 715 638 753 et
675 712 974 766 incorruptum
1011 714 1055 752 et
1086 711 1123 752 si
1154 711 1332 752 intimos
1360 724 1510 752 sensus
1531 726 1564 750 10

89 780 154 811 120
170 772 359 813 civitatis
403 785 662 825 expressero.
739 770 849 819 Quid
893 770 976 811 fuit
1019 770 1144 823 illud,
1192 769 1306 823 quod
1349 769 1512 810 recenti

168 831 320 872 nuntio
359 831 410 871 de
447 830 522 870 illo
562 831 735 871 senatus
774 829 990 883 consulto,
1028 828 1141 883 quod
1175 828 1340 869 factum
1371 830 1437 869 est
1467 827 1514 868 in

168 889 331 943 templo
353 888 553 942 Virtutis,
580 888 633 928 ad
657 888 782 929 ludos
808 901 1088 941 scaenamque
1115 887 1282 941 perlato
1310 900 1512 928 consessu

168 962 367 989 maxumo
394 961 586 988 summus
613 946 769 987 artifex
795 949 838 987 et
864 946 1105 987 mehercule
1132 960 1300 999 semper
1322 945 1512 999 partium

169 1007 214 1047 in
244 1021 288 1047 re
320 1006 495 1060 publica
526 1008 616 1046 tam
646 1019 775 1058 quam
800 1005 841 1045 in
871 1019 1024 1046 scaena
1050 1004 1312 1058 optimarum
1336 1003 1442 1045 fiens
1469 1006 1513 1044 et
1533 1020 1565 1045 15

170 1065 331 1106 recenti
362 1064 532 1104 laetitia
564 1066 606 1104 et
638 1063 773 1104 mixto
807 1064 953 1104 dolore
986 1077 1034 1105 ac
1066 1063 1275 1104 desiderio
1308 1062 1393 1103 mei
1423 1062 1513 1118 egit

170 1123 282 1177 apud
332 1122 540 1176 populum
584 1121 827 1162 Romanum
871 1122 1008 1163 multo
1053 1121 1325 1176 gravioribus
1370 1121 1514 1162 verbis

170 1196 309 1222 meam
342 1194 525 1233 causam,
559 1194 687 1234 quam
719 1182 892 1234 egomet
923 1180 973 1221 de
999 1194 1066 1221 me
1093 1194 1220 1235 agere
1245 1179 1513 1234 potuissem?

173 1239 338 1281 Summi
382 1239 497 1280 enim
539 1241 691 1292 poetae
734 1238 955 1293 ingenium
991 1253 1079 1280 non
1116 1239 1256 1279 solum
1294 1240 1386 1279 arte
1425 1252 1513 1291 sua,

172 1299 241 1339 sed
277 1298 408 1338 etiam
440 1297 585 1337 dolore
618 1296 897 1350 exprimebat.
961 1296 1055 1346 Qua
1086 1297 1201 1338 enim
1230 1298 1291 1337 vi:
1533 1313 1567 1337 20

320 1389 406 1444 qui
436 1404 539 1431 rem
570 1390 829 1443 publicam
862 1392 1003 1431 certo
1036 1390 1202 1431 animo
1236 1390 1514 1444 adiuverit,

233 1448 510 1502 Statuerit‚
543 1447 765 1489 steterit
798 1463 907 1489 cum
938 1448 1152 1490 Achivis
1190 1472 1239 1478 —

173 1543 395 1584 vobiscum
427 1556 493 1582 me
526 1542 698 1582 stetisse
730 1542 912 1595 dicebat,
947 1545 1111 1583 vestros
1144 1542 1312 1583 ordines
1345 1542 1515 1584 demon-

173 1601 358 1642 strabat!
392 1601 675 1641 revocabatur
707 1601 760 1640 ab
793 1601 1014 1641 universis.

234 1683 302 1724 Re
335 1683 488 1723 dubia
1534 1693 1568 1718 25

233 1741 371 1782 Haut
410 1741 668 1781 dubitarit
700 1739 858 1781 vitam
891 1740 1082 1782 offerre
1113 1742 1204 1782 11όο
1236 1741 1401 1796 capiti
1433 1755 1516 1795 pe-

1153 1800 1390 1854 percerit

95 1894 158 1925 121
175 1881 292 1923 Haec
325 1881 498 1936 quantis
531 1882 583 1922 ab
615 1881 691 1922 illo
725 1881 983 1923 clamoribus
1017 1882 1273 1937 agebantur!
1307 1895 1404 1922 cum
1429 1881 1516 1922 iam

177 1941 333 1981 omisso
375 1943 501 1995 gestu
538 1940 680 1981 verbis
717 1943 870 1994 poetae
909 1943 951 1981 et
989 1941 1131 1982 studio
1170 1939 1329 1982 actoris
1368 1942 1412 1980 et
1449 1954 1515 1980 ex-

177 1999 434 2052 spectationi
465 2001 638 2040 nostrae
670 1998 962 2052 plauderetur:
1534 2009 1569 2033 30

236 2079 489 2121 Summum
521 2080 738 2121 amicum
770 2084 961 2122 summo
993 2086 1044 2122 in
1074 2080 1213 2122 bello
1250 2103 1299 2109 --

177 2159 290 2202 Nam
321 2161 427 2201 illud
457 2162 549 2216 ipse
583 2164 703 2203 actor
735 2161 995 2217 adiungebat
1027 2162 1163 2203 amico
1196 2161 1337 2202 animo
1365 2163 1408 2202 et
1432 2160 1516 2202 for·

177 2221 291 2260 tasse
316 2219 512 2261 homines
533 2223 710 2274 propter
731 2220 904 2274 aliquod
924 2220 1181 2262 desiderium
1200 2220 1514 2274 adprobabant:

751 2293 941 2332 summo
974 2289 1181 2345 ingenio
1212 2290 1514 2344 praeditum.
