1671 2543
549 504 611 550 M.
652 504 841 550 TULLI
878 502 1202 550 CICERONIS

381 612 540 667 PRO
583 612 652 666 M.
697 612 1003 667 CAELIO
1047 612 1370 667 ORATIO.

681 785 1064 824 ARGUMENTUM.

305 862 352 897 M.
380 861 524 897 Caelius
550 862 684 905 Rufus,
712 862 929 897 adulescens
955 861 1106 906 optimis
1132 860 1265 896 studiis
1291 863 1329 896 et
1353 860 1488 896 litteris
1514 872 1539 896 a

210 909 331 954 prima
362 909 616 949 adulescentia
646 909 809 952 deditus,
842 920 1065 953 quamquam
1096 908 1176 953 ipse
1207 920 1281 943 non
1306 908 1397 942 satis
1422 907 1537 943 conti-

212 967 303 991 nens
324 967 365 990 ac
384 956 607 1000 moderatus,
634 955 746 990 immo
766 955 986 990 libidinosus
1007 966 1050 989 ac
1069 955 1276 990 luxuriosus
1297 957 1386 998 erat,
1411 956 1539 989 tamen

213 1003 420 1037 accusando
451 1003 611 1046 gratiam
637 1014 659 1037 a
682 1003 820 1047 populo
845 1003 977 1037 mereri
1001 1003 1039 1036 et
1063 1002 1219 1037 honores
1242 983 1427 1046 giadatim
1452 1013 1537 1037 con-

214 1049 317 1102 sequi
344 1049 496 1084 studuit.
548 1052 795 1084 Accusaverat
820 1051 943 1084 autem
961 1049 1121 1094 primum
1141 1048 1177 1083 C
1197 1048 1410 1092 Antonium,
1437 1048 1536 1084 Cice-

212 1097 312 1131 ronis
344 1096 383 1130 in
414 1096 608 1131 consulatu
635 1096 753 1141 colleg
757 1108 831 1139 am,
863 1096 1070 1131 maiestatis
1096 1095 1248 1130 crimine
1273 1107 1428 1148 eumque
1453 1107 1538 1131 con-

214 1144 468 1185 demnaverat,
502 1143 634 1177 deinde
659 1143 697 1179 L.
725 1109 981 1188 Sgempronium
1005 1144 1217 1177 Atratinum
1248 1144 1391 1187 patrem
1416 1142 1456 1176 in
1479 1143 1539 1177 ius

212 1191 410 1225 vocaverat
435 1190 480 1224 de
507 1190 649 1224 ambitu
673 1200 741 1224 nec
766 1191 891 1224 tamen
915 1190 1122 1234 perfecerat
1147 1189 1224 1224 eius
1250 1190 1535 1225 damnationem.

214 1238 307 1271 Tum
333 1247 428 1270 anno
453 1248 487 1270 u.
509 1248 538 1271 0.
565 1240 632 1270 698
658 1247 738 1270 curn
759 1235 797 1271 L.
819 1236 1030 1271 Atratinum
1055 1236 1189 1270 iterum
1208 1235 1346 1270 iudicio
1365 1235 1538 1281 persequi

212 1283 335 1326 vellet,
361 1284 440 1327 ipse
467 1294 489 1317 a
512 1282 550 1316 L.
578 1282 793 1327 Sempronio
818 1282 990 1317 Atratino
1015 1283 1091 1317 filio
1117 1283 1217 1327 apud
1240 1284 1448 1326 praetorem
1473 1282 1535 1317 Cn.

212 1329 415 1365 Domitium
442 1329 634 1364 Calvinum
660 1330 705 1364 de
729 1329 767 1363 vi
792 1332 984 1364 accusatus
1010 1331 1066 1364 est
1091 1331 1189 1374 lege,
1215 1332 1258 1363 ut
1280 1329 1443 1373 videtur,
1468 1329 1538 1364 Lu-

214 1376 321 1419 tatia,
349 1376 447 1420 quod
471 1376 630 1421 Neapoli
656 1376 857 1411 seditiones
884 1378 1012 1411 contra
1036 1387 1114 1411 rem
1139 1375 1325 1420 publicam
1350 1377 1538 1419 movisset,

213 1423 312 1467 quod
348 1422 388 1456 in
423 1423 550 1457 Pallae
587 1422 778 1457 cuiusdam
814 1423 919 1458 bonis
956 1423 1053 1457 male
1089 1424 1255 1457 versatus
1287 1425 1400 1467 esset,
1438 1423 1538 1467 quod

214 1469 377 1504 Puteolis
408 1470 552 1514 legatos
586 1470 853 1504 Alexandrinos
884 1469 1085 1514 pulsasset,
1116 1469 1274 1504 maxime
1306 1481 1407 1513 vero,
1439 1470 1539 1514 quod

213 1516 409 1561 pecuniam
442 1527 464 1550 a
489 1516 635 1559 Clodia,
669 1527 791 1551 sorore
816 1516 854 1551 P.
882 1516 1002 1559 Clodi,
1035 1515 1217 1551 Ciceronis
1243 1516 1400 1560 inimici,
1434 1517 1538 1552 cuius

213 1563 374 1607 impulsu
399 1562 436 1597 L.
462 1563 653 1597 Atratinus
685 1563 777 1598 haec
809 1564 934 1598 omnia
966 1574 1075 1608 agere
1107 1563 1316 1607 dicebatur,
1348 1563 1446 1608 quod
1471 1564 1539 1598 illa

216 1621 254 1644 se
280 1621 301 1643 a
320 1609 366 1644 M.
389 1608 512 1644 Caelio
539 1610 723 1644 desertam
749 1621 827 1645 esse
852 1611 1006 1645 moleste
1031 1610 1155 1653 ferret,
1181 1612 1346 1644 mutuam
1367 1610 1540 1655 cepisset,

215 1667 325 1700 quam
351 1656 456 1690 daret
481 1656 594 1691 servis
619 1656 657 1692 L.
684 1656 832 1700 Luccei,
865 1659 907 1691 ut
930 1657 1016 1700 Dio,
1043 1657 1241 1701 legationis
1267 1657 1539 1692 Alexandrinae

213 1702 402 1748 princeps,
440 1704 649 1747 necaretur,
689 1703 846 1748 denique
882 1704 980 1748 quod
1016 1704 1132 1748 ipsius
1163 1703 1314 1738 Clodiae
1349 1704 1539 1739 tollendae

214 1761 327 1784 causa
362 1760 544 1785 venenum
580 1753 755 1794 parasset.
814 1750 851 1785 L.
892 1750 1080 1794 Atratino,
1125 1750 1227 1786 cuius
1264 1750 1537 1786 accusationem

214 1797 351 1831 orando
384 1796 527 1831 adiuvit
551 1796 664 1832 etiam
689 1798 728 1833 L.
755 1797 958 1832 Herennius
984 1797 1137 1841 Balbus,
1166 1798 1357 1842 respondit
1380 1797 1539 1842 primum

214 1844 292 1888 ipse
322 1843 370 1878 M.
403 1843 565 1886 Caelius,
602 1846 682 1878 tum
713 1845 759 1879 M.
787 1845 953 1888 Crassus,
992 1845 1055 1888 qui
1092 1844 1137 1878 de
1169 1844 1411 1878 seditionibus
1443 1845 1539 1879 Nea-

214 1890 407 1934 politanis,
445 1890 490 1925 de
515 1890 846 1931 Alexandrinorum
875 1891 1086 1936 pulsatione
1110 1890 1329 1934 Puteolana,
1362 1891 1406 1926 de
1431 1891 1539 1926 bonis

214 1937 340 1971 Pallae
367 1937 471 1980 dixit,
499 1939 536 1972 et
559 1938 606 1972 M.
634 1937 771 1982 Cicero,
798 1938 857 1973 cui
881 1938 1114 1982 potissimum
1140 1938 1185 1972 de
1211 1942 1328 1972 morte
1348 1937 1475 1972 Dionis
1500 1939 1537 1973 et

216 1984 261 2018 de
288 1994 427 2018 veneno
453 1965 581 2018 c’ontra
603 1983 769 2019 Clodiam
793 1987 923 2029 parato
944 1985 1139 2019 dicendum
1157 1986 1238 2019 erat
1255 1986 1408 2028 totaque
1427 1995 1537 2019 causa

216 2030 432 2074 peroranda,
458 2030 497 2065 id
522 2030 621 2075 quod
644 2031 743 2065 hac
733 2043 826 2075 msa,
851 2042 944 2076 quae
964 2032 1061 2066 infra
1079 2032 1225 2076 legitur,
1251 2031 1418 2066 oratione
1437 2031 1536 2066 fecit.

217 2075 369 2112 Constat
395 2079 519 2112 autem
544 2079 592 2113 M.
619 2076 783 2112 Caelium
807 2079 876 2113 hoc
901 2078 1038 2113 iudicio
1065 2078 1274 2114 absolutum
1300 2088 1390 2112 esse.

179 2166 201 2207 1

307 2183 352 2225 Si
390 2185 502 2239 quis,
537 2184 713 2238 iudices,
750 2184 860 2226 forte
893 2200 1005 2226 nunc
1036 2185 1148 2226 adsit
1177 2184 1351 2239 ignarus
1381 2184 1539 2239 legum,

218 2241 487 2296 iudiciorum,
531 2243 846 2284 consuetudinis
888 2246 1077 2297 nostrae,
1119 2243 1296 2283 miretur
1332 2242 1538 2296 profecto,

220 2314 325 2354 quae
363 2300 420 2341 sit
453 2303 575 2341 tanta
606 2301 807 2342 atrocitas
838 2301 1011 2343 huiusce
1044 2315 1209 2353 causae,
1247 2301 1358 2355 quod
1389 2301 1538 2342 diebus
