1671 2543
557 51 676 90 ‘CAR
704 59 794 90 4—-6
821 60 839 98 5
868 59 1013 90 12—18.
1360 56 1446 97 471

109 165 269 206 vincias
320 164 370 205 de
420 164 569 218 populi
613 163 796 205 Romani
846 163 1026 218 imperio
1072 163 1264 216 sustulit,
1314 177 1445 218 regna

111 223 273 264 addixit
298 223 488 277 pecunia,
513 222 630 278 leges
657 222 824 264 civitati
850 236 926 277 per
951 222 1037 263 vim
1064 222 1282 276 imposuit,
1315 223 1444 263 armis

111 285 185 323 aut
228 281 396 336 opsedit
433 284 507 323 aut
544 281 725 322 exclusit
764 283 976 322 senatum:
1014 283 1062 322 ut
1100 280 1222 334 haec,
1259 281 1447 335 inquam,

112 341 323 394 omittam,
353 354 405 381 ne
437 340 518 381 hoc
548 340 718 394 quidem
745 340 960 395 cogitatis,
987 354 1095 390 eum,
1122 340 1194 394 qui
1220 338 1446 393 Mutinam,

75 417 91 442 5
112 399 321 441 coloniam
350 399 497 453 populi
524 398 707 440 Romani
733 398 1036 452 firmissimam,
1068 398 1339 453 oppugnarit,
1371 399 1446 439 im-

109 461 351 513 peratorem
383 457 530 512 populi
562 456 765 511 Romani,
804 457 1020 498 consulem
1053 457 1342 512 designatum,
1375 471 1446 511 op-

111 515 284 571 sederit,
317 516 600 570 depopulatus
634 530 761 570 agros
794 515 868 569 sit,
904 516 1016 557 hunc
1048 515 1094 556 in
1125 530 1221 557 eum
1254 515 1445 557 ordinem

110 575 253 629 recipi,
285 589 310 615 a
342 589 424 628 quo
457 575 616 616 totiens
649 575 703 616 ob
735 574 813 615 has
846 575 960 628 ipsas
994 589 1142 616 causas
1173 574 1313 615 hostis
1340 574 1446 615 iudi-

111 636 232 676 catus
265 633 334 688 sit,
367 648 494 687 quam
525 633 696 675 foedum
729 633 1077 688 flagitiosumque
1111 632 1198 674 sit‘?

59 710 92 735 ιο
201 691 314 734 Satis
353 692 489 733 multa
525 692 575 733 de
614 691 891 746 turpitudine.
952 691 1104 733 Dicam
1143 692 1356 746 deinceps,
1395 694 1443 733 ut
1460 700 1501 730 16

109 751 326 806 proposui,
358 751 408 792 de
438 751 646 805 periculo,
679 751 791 805 quod
823 751 904 792 etsi
936 750 1076 792 minus
1103 753 1169 791 est
1195 750 1444 805 fugiendum

111 824 240 864 quam
271 809 504 864 turpitudo,
536 812 681 850 tamen
714 809 889 850 offendit
915 810 1080 850 animos
1107 809 1282 850 maioris
1308 809 1444 863 partis

109 868 333 910 hominum
370 869 519 923 magis.
581 868 785 909 Poteritis
822 867 958 923 igitur
990 868 1256 921 exploratam
1287 867 1485 909 haberess

109 942 270 982 pacem,
303 941 399 968 cum
429 927 473 967 in
505 927 678 968 civitate
710 926 948 968 Antonium
981 926 1180 968 videbitis
1207 926 1272 967 vel
1298 925 1443 980 potius

0 1014 1 1033 ἢ
58 1003 90 1028 15
110 985 354 1027 Antonios?
404 985 500 1026 Nisi
549 985 661 1026 forte
707 985 980 1027 contemnitis
1028 984 1226 1039 Lucium,
1269 998 1348 1040 ego
1392 1000 1444 1026 ne

112 1043 267 1085 Gaium
306 1043 487 1098 quidem.
551 1043 651 1098 Sed,
688 1047 737 1085 ut
774 1045 913 1097 video,
951 1044 1243 1085 dominabitur
1274 1043 1443 1085 Lucius.

109 1102 192 1144 Est
212 1102 326 1144 enim
344 1106 550 1156 patronus
572 1102 757 1156 quinque
778 1106 821 1143 et
841 1102 1021 1158 triginta
1041 1103 1244 1155 tribuum,
1265 1116 1445 1156 quarum

110 1176 187 1202 sua
223 1161 335 1216 lege,
384 1175 467 1215 qua
505 1176 600 1202 cum
639 1160 682 1203 C.
722 1160 902 1203 Caesare
940 1161 1221 1216 magistratus
1258 1160 1444 1214 partitus

111 1223 193 1273 est,
237 1219 489 1274 suffragi-um
522 1220 716 1272 sustulit,
759 1223 966 1273 patronus
1006 1219 1293 1260 centuriarum
1332 1220 1445 1273 equi-

59 1296 92 1320 20
110 1282 203 1319 tum
233 1277 539 1332 Romanorum,
569 1292 673 1332 quas
700 1278 804 1319 item
831 1278 919 1319 sine
947 1278 1150 1333 suffragio
1179 1292 1270 1319 esse
1296 1278 1444 1331 voluit,

109 1340 315 1391 patronus
337 1351 495 1389 eorum,
523 1337 595 1390 qui
615 1337 776 1377 tribuni
798 1336 1005 1377 militares
1026 1336 1210 1390 fuerunt,
1235 1339 1442 1390 patronus

109 1395 204 1436 Iam'
243 1394 383 1436 medii.
450 1394 554 1443 Quis
591 1395 717 1436 huius
754 1395 993 1449 potentiam
1030 1395 1191 1449 poterit
1221 1395 1444 1449 sustinere,
1462 1409 1501 1439 17

109 1453 363 1508 praesertim
408 1468 503 1495 cum
548 1454 717 1495 eosdem
759 1454 803 1494 in
848 1468 973 1510 agros
1019 1454 1147 1495 etiam
1193 1453 1443 1495 deduxerit?

112 1512 206 1566 quis
249 1527 452 1566 umquam
491 1527 636 1554 omnes
675 1513 832 1566 tribus,
877 1513 971 1567 quis
1010 1513 1174 1566 equites
1214 1512 1444 1567 Romanos,

59 1589 92 1613 25
113 1571 207 1624 quis
234 1570 430 1611 tribunos
457 1570 686 1612 militaris?
738 1570 1029 1612 Gracchorum
1053 1572 1290 1624 potentiam
1315 1571 1444 1613 maio-

111 1643 201 1670 rem
233 1628 364 1669 fuisse
397 1629 678 1683 arbitramini,
710 1645 835 1683 quam
867 1629 994 1670 huius
1021 1629 1273 1684 gladiatoris
1300 1629 1445 1671 futura

112 1687 198 1728 sit‘?
231 1701 355 1742 quem
388 1687 670 1741 gladiatorem
700 1702 784 1728 non
815 1688 876 1728 ita
902 1688 1125 1741 appellavi,
1155 1691 1205 1727 ut
1230 1688 1444 1729 interdum

112 1746 240 1787 etiam
277 1744 334 1786 M.
372 1745 586 1786 Antonius
624 1745 836 1800 gladiator
874 1745 1080 1799 appellari
1119 1745 1247 1799 solet,
1285 1746 1358 1786 sed
1394 1750 1444 1787 ut

113 1804 330 1859 appellant
361 1804 404 1858 ii,
437 1804 507 1857 qui
540 1803 664 1857 plane
697 1806 740 1844 et
770 1803 921 1844 Latine
954 1804 1163 1845 locuntur.
1224 1803 1443 1857 Myrmillo

59 1881 94 1905 30
115 1864 156 1903 in
172 1863 276 1903 Asia
295 1862 565 1917 depugnavit.
610 1860 715 1903 Cum
738 1865 931 1903 ornasset
951 1862 1221 1904 thraecidicis
1243 1863 1443 1904 comitem

113 1923 156 1962 et
175 1921 428 1961 familiarem
449 1935 583 1973 suum,
603 1920 723 1960 illum
746 1921 946 1961 miserum
967 1920 1202 1976 fugientem
1221 1921 1444 1976 iugulavit,

112 1979 373 2020 luculentam
416 1981 560 2019 tamen
603 1979 694 2031 ipse
738 1979 909 2033 plagam
948 1980 1128 2033 accepit,
1171 1982 1219 2020 ut
1257 1980 1444 2021 declarat

114 2038 302 2079 cicatrix.
365 2036 446 2085 Qui
479 2037 734 2077 familiarem
765 2037 988 2092 iugularit,
1021 2038 1121 2092 quid
1152 2038 1188 2079 is
1221 2039 1442 2080 occasione
1461 2053 1502 2083 18

114 2096 215 2137 data
247 2095 373 2136 faciet
405 2095 606 2136 inimico‘.>
645 2097 688 2136 et
720 2096 792 2149 qui
823 2096 928 2136 illud
960 2096 1091 2137 animi
1124 2111 1252 2138 causa
1282 2096 1442 2152 fecerit,

61 2171 96 2196 35
115 2155 227 2195 hunc
276 2154 455 2208 praedae
507 2168 633 2195 causa
683 2154 783 2207 quid
826 2153 1040 2195 facturum
1083 2155 1274 2208 putatis?
1343 2155 1442 2197 Non

114 2227 261 2254 rursus
304 2212 524 2266 improbos
568 2212 821 2266 decuriabit,
869 2227 953 2253 non
999 2213 1253 2254 sollicitabit
1295 2228 1442 2256 rursus

115 2271 323 2326 agrarios,
360 2285 445 2311 non
484 2273 684 2325 queretur
720 2270 947 2324 expulsos?
1008 2270 1064 2312 M.
1096 2286 1195 2313 vero
1228 2271 1442 2315 Antonius
