1671 2543
202 105 285 147 180
573 103 623 139 IN
651 104 690 138 L.
717 102 931 138 PISONEM
957 101 1144 137 ORATIO.

199 228 251 255 ex
288 228 337 255 ea
374 216 417 254 te
455 212 714 267 imperatore
752 210 929 251 nuntius
967 210 1020 251 ad
1052 212 1250 251 senatum
1281 209 1438 250 allatus
1471 211 1536 250 est

130 272 372 326 (45)nullus3
409 271 462 312 ab
507 271 643 312 altero
676 269 833 310 allatae
864 269 1053 323 litterae,
1090 268 1313 322 recitatae,
1351 267 1536 309 relatum

142 338 186 370 45
201 331 253 372 ad
292 332 499 372 senatum.
565 328 623 370 Di
660 327 945 369 immortales!
983 327 1080 368 idne
1119 340 1199 382 ego
1238 328 1451 380 optarem,
1487 328 1537 367 ut

200 390 399 431 inimicus
432 401 550 429 meus
584 401 633 428 ea
666 401 749 441 qua
779 400 905 427 nemo
930 399 1137 440 umquam
1161 385 1400 440 ignominia
1417 387 1538 426 nota·

201 450 337 502 retur,
379 450 429 488 ut
471 448 645 488 senatus
688 445 744 499 is,
788 444 862 499 qui
904 444 950 485 in
992 458 1086 485 eam
1129 444 1216 485 iam
1253 443 1536 498 benignitatis
1574 454 1590 479 ⁵

203 505 554 549 consuetudinem
585 503 720 557 venit,
751 505 801 544 ut
833 517 923 556 eos,
956 503 1028 557 qui
1059 503 1167 544 bene
1198 516 1289 543 rem
1319 502 1539 556 publicam

202 565 432 621 gesserint,
469 563 592 605 novis
629 561 866 604 honoribus
898 561 1060 602 afficiat
1091 564 1135 602 et
1164 575 1341 603 numero
1373 560 1539 602 dierum

204 627 247 665 et
278 637 431 679 genere
463 622 703 674 ver·,b01um
735 620 864 661 huius
896 620 1022 661 unius
1050 619 1211 661 litteris
1235 619 1538 660 nuntiantibus

135 684 291 728 2011011
315 682 517 735 crederet,
543 679 865 734 postulantibus
892 678 1151 734 denegaret?
1197 677 1279 719 His
1306 691 1385 733 ego
1411 678 1538 719 rebus

204 755 377 795 pascor,
408 740 476 781 his
510 739 714 792 delector,
745 737 813 779 his
845 737 1054 792 perfruor,
1089 736 1202 791 quod
1233 737 1283 777 de
1314 736 1438 778 vobis
1468 736 1539 778 hic
1562 746 1592 772 1⁰

206 800 309 841 ordo
355 798 556 853 opinatur
598 812 686 839 non
729 811 850 838 secus
895 810 944 837 ac
984 795 1034 837 de
1072 795 1290 837 acerrimis
1326 794 1539 848 hostibus,

207 858 319 912 quod
351 872 426 898 vos
459 856 625 910 equites
657 855 861 909 Romani,
899 854 1011 908 quod
1043 854 1175 895 ceteri
1207 853 1394 906 ordines,
1425 853 1539 908 quod

207 919 360 958 cuncta
392 915 543 956 civitas
578 914 685 968 odit,
719 914 832 968 quod
861 927 986 954 nemo
1018 913 1169 967 bonus,
1200 926 1325 954 nemo
1357 912 1539 966 denique

207 975 311 1016 civis
344 977 421 1027 est,
454 974 528 1028 qui
559 973 686 1014 modo
720 987 764 1013 se
797 972 932 1013 civem
961 986 1053 1013 esse
1079 970 1333 1025 meminerit,
1366 970 1439 1025 qui
1465 984 1540 1012 vos

207 1048 292 1075 non
324 1032 458 1075 oculis
490 1032 647 1087 fugiat,
680 1031 854 1072 auribus
886 1032 1073 1085 respuat,
1105 1029 1247 1071 animo
1280 1032 1543 1083 aspernetur,
1563 1039 1595 1065 15

207 1092 548 1134 recordationem
571 1090 751 1144 denique
777 1089 918 1144 ipsam
945 1089 1192 1130 consulatus
1219 1088 1351 1129 vestri
1370 1088 1544 1142 perhor-

150 1160 194 1191 46
208 1154 359 1192 rescat.
402 1149 520 1191 Haec
546 1163 625 1204 ego
646 1163 814 1202 semper
833 1148 882 1189 de
902 1148 1024 1189 vobis
1045 1147 1243 1201 expetivi,
1260 1146 1366 1188 haec
1386 1146 1545 1201 optavi,

208 1210 314 1251 haec
356 1210 554 1263 precatus
600 1222 712 1261 811111,
761 1207 885 1260 plura
927 1206 1059 1247 etiam
1102 1206 1365 1259 acciderunt,
1416 1219 1544 1259 quam

208 1268 381 1311 vellem·
411 1281 512 1307 nam
537 1268 587 1306 ut
618 1265 876 1306 amitteretis
910 1264 1155 1318 exercitum,
1186 1278 1421 1317 numquam
1451 1263 1543 1304 her-

210 1327 303 1368 cule
324 1325 481 1379 optavi.
522 1323 635 1365 Illud
655 1324 786 1364 etiam
807 1323 962 1364 accidit
980 1325 1151 1377 praeter
1172 1324 1370 1376 optatum
1390 1336 1544 1375 meum,
1564 1332 1598 1356 20

211 1385 284 1426 sed
315 1383 437 1425 valde
469 1397 519 1424 ex
550 1383 790 1423 voluntate:
827 1380 937 1422 Mihi
968 1381 1081 1422 enim
1111 1395 1345 1434 numquam
1370 1382 1545 1421 venerat

209 1444 256 1485 in
280 1445 469 1484 mentem
493 1441 681 1482 furorem
708 1443 752 1481 et
775 1440 987 1481 insaniam
1014 1442 1163 1493 optare
1188 1438 1361 1493 vobis,
1349 1453 1395 1480 111
1418 1453 1546 1492 quam

210 1501 433 1543 incidistis.
496 1499 631 1553 Atqui
668 1499 752 1539 fuit
790 1499 1035 1552 optandum.
1098 1497 1167 1539 Me
1198 1500 1344 1538 tamen
1373 1496 1547 1552 fugerat

211 1561 386 1601 deorum
420 1558 733 1600 immortalium
763 1557 842 1598 has
874 1571 965 1598 esse
997 1557 1042 1597 in
1073 1556 1229 1610 impios
1262 1558 1306 1597 et
1338 1556 1547 1597 conscele-

210 1622 329 1659 ratos
374 1631 535 1672 poenas
580 1616 855 1658 certissimas.
927 1613 1076 1656 Nolite
1122 1615 1235 1656 enim
1278 1614 1340 1655 ita
1382 1616 1546 1669 putare,
1566 1624 1599 1650 25

210 1680 356 1731 patres
389 1675 639 1729 conscripti,
676 1677 726 1716 ut
757 1674 801 1715 in
833 1688 985 1715 scaena
1014 1673 1187 1728 videtis,
1223 1672 1419 1715 homines
1452 1687 1547 1714 con-

213 1736 443 1777 sceleratos
493 1733 666 1788 inpulsu
716 1733 892 1775 deorum
940 1731 1092 1774 terreri
1140 1731 1367 1773 furialibus
1410 1731 1547 1772 taedis

213 1793 480 1847 ardentibus3
519 1807 595 1833 sua
633 1806 842 1846 quemque
876 1791 1013 1846 fraus,
1052 1805 1176 1832 suum
1207 1790 1391 1843 facinus,
1423 1804 1548 1831 suum

214 1853 363 1906 scelus,
390 1866 466 1893 8110
492 1850 669 1892 audacia
695 1850 744 1891 de
771 1849 957 1891 sanitate
983 1863 1033 1891 ac
1058 1851 1199 1890 mente
1223 1849 1443 1902 deturbat3
1467 1848 1547 1889 hae

154 1920 199 1949 47
217 1914 317 1952 sunt
353 1910 586 1965 impiorum
618 1909 773 1963 furiae,
788 1908 889 1949 vhae
915 1908 1123 1962 flammae,
1153 1907 1234 1949 hae
1265 1906 1391 1949 faces.
1451 1906 1548 1962 Ego
1567 1917 1601 1942 30

214 1973 256 2010 te
287 1984 375 2011 non
405 1969 667 2022 vaecordem,
701 1943 788 2009 11011
818 1966 1040 2021 furiosum,
1071 1980 1158 2008 non
1189 1968 1331 2007 mente
1362 1967 1549 2019 captum,

214 2043 301 2069 non
338 2027 504 2082 tragico
541 2027 617 2068 1110
652 2025 804 2067 Oreste
840 2028 916 2067 aut
945 2025 1210 2067 Athamante
1242 2024 1549 2065 dementiorem

215 2089 373 2139 putem,
401 2086 474 2140 qui
500 2085 558 2127 sis
583 2099 711 2126 ausus
730 2084 918 2139 primum
937 2083 1076 2125 facere
1104 2081 1221 2138 (nam
1240 2082 1284 2123 id
1303 2084 1370 2124 est
1389 2079 1548 2136 caput),

216 2144 365 2185 deinde
390 2144 519 2198 paulo
546 2146 645 2185 ante
670 2143 903 2197 Torquato,
929 2142 1185 2197 gravissimo
1212 2143 1255 2182 et
1275 2139 1547 2181 sanctissimo

216 2202 320 2256 viro,
350 2204 569 2256 premente
596 2201 790 2244 confiteri
815 2203 858 2241 te
883 2200 1149 2255 provinciam
1173 2197 1479 2250 Macedoniam,
1503 2197 1550 2238 in
1567 2208 1601 2234 35

218 2274 345 2313 quam
371 2262 541 2301 tantum
561 2260 793 2302 exercitum
813 2260 1166 2313 transportasses,
1192 2257 1283 2298 sine
1301 2256 1390 2297 ullo
1411 2231 1548 2297 milite

218 2318 470 2372 erliquisse‘?
525 2318 655 2360 Mitto
689 2318 739 2360 de
772 2317 930 2359 amissa
961 2317 1148 2358 maxima
1172 2318 1294 2370 parte
1321 2315 1552 2362 exercitus3
