1671 2543
225 101 310 143 448
410 102 459 137 IN
489 102 536 137 M.
564 100 826 137 ANTONIUM
852 100 1027 136 ORATIO
1054 101 1321 138 PHILIPPICA
1345 102 1388 138 V.

221 211 376 253 caretis
409 210 677 252 Antonium?
738 209 820 251 His
858 210 1013 251 vestris
1051 210 1233 252 decretis
1272 212 1347 252 aut
1383 210 1457 252 ille
1488 225 1565 253 vos

221 284 358 324 aequo
403 270 544 310 animo
590 268 807 323 adspicere
851 269 1031 323 poterit,
1074 271 1149 310 aut
1191 282 1268 310 vos
1310 268 1435 311 illum
1473 269 1564 311 sine

222 329 368 370 dolore
401 342 568 370 summo
600 327 831 369 videbitis?
886 327 1085 369 Exclusit
1109 327 1233 368 illum
1259 342 1284 369 a
1308 341 1353 369 re
1379 327 1564 382 publica,

220 387 433 441 distraxit,
460 386 706 441 segregavit
724 401 811 428 non
831 386 970 428 solum
994 386 1131 428 scelus
1151 386 1300 441 ipsius,
1327 386 1400 428 sed
1421 386 1565 441 etiam,

219 449 269 488 ut
307 446 412 487 mihi
446 445 633 499 videtur,
668 445 844 486 fortuna
875 445 1084 500 quaedam
1115 445 1177 486 rei
1208 445 1417 500 publicae.
1480 445 1564 495 Qui

220 505 257 546 si
289 505 444 559 legatis
477 504 668 558 paruerit
698 504 966 558 Romamque
998 504 1191 558 redierit,
1223 519 1328 546 num
1359 519 1564 558 umquam

218 563 400 618 perditis
433 563 598 605 civibus
630 563 852 617 vexillum,
891 578 973 617 quo
1006 566 1280 618 concurrant,
1317 562 1564 605 defuturum

218 622 415 676 putatis?
490 620 574 672 Sed
617 621 701 664 hoc
750 622 891 663 minus
940 636 1106 675 vereor3
1156 624 1257 663 sunt
1303 621 1405 676 alia,
1455 636 1563 676 quae

219 681 358 736 magis
409 680 586 722 timeam
629 682 673 722 et
713 681 912 735 cogitem.
984 679 1234 734 Numquam
1276 680 1447 735 parebit
1490 680 1563 722 ille

218 740 387 795 legatis.
454 739 569 781 Novi
605 739 794 781 hominis
831 739 1060 793 insaniam,
1104 739 1420 795 adrogantiam,
1462 739 1563 781 novi

218 799 387 852 perdita
427 798 608 840 consilia
652 798 905 852 amicorum,
958 798 1113 853 quibus
1157 798 1230 839 ille
1275 801 1341 840 est
1384 798 1563 840 deditus.

161 865 204 896 ΒΟ
218 857 377 899 Lucius
416 857 588 911 quidem
624 856 758 899 frater
794 857 902 911 eius,
939 860 1091 911 utpote
1124 857 1406 912 qui,„peregre
1438 857 1565 912 depu-

218 917 381 972 gnarit,
419 916 631 957 familiam
666 916 794 958 ducit.
860 915 928 957 Sit
958 930 1034 971 per
1065 930 1110 957 se
1140 916 1232 970 ipse
1266 930 1413 970 sanus,
1450 915 1564 970 quod

216 990 453 1029 numquam
497 975 598 1030 erit3
640 989 717 1029 per
758 975 839 1016 hos
884 989 977 1016 esse
1021 975 1059 1016 ei
1097 977 1243 1016 tamen
1279 989 1367 1016 non
1403 974 1562 1016 licebit.

218 1034 399 1075 Teretur
436 1034 601 1075 interea
638 1036 827 1088 tempus,
864 1033 967 1075 belli
1003 1036 1236 1088 apparatus
1269 1033 1561 1089 refrigescent.

221 1093 343 1135 Unde
381 1095 447 1134 est
485 1093 623 1135 adhuc
660 1093 823 1134 bellum
858 1095 1047 1134 tractum
1077 1093 1161 1134 nisi
1192 1107 1243 1134 ex
1274 1092 1563 1134 retardatione

218 1155 262 1194 et
305 1152 456 1193 mora?
524 1151 586 1193 Ut
628 1151 816 1206 primum
858 1154 959 1206 post
1002 1151 1238 1193 discessum
1276 1151 1458 1193 latronis
1495 1151 1563 1192 vel

217 1211 363 1265 potius
396 1211 667 1265 desperatam
696 1210 847 1266 fugam
872 1210 1004 1252 libere
1032 1213 1206 1252 senatus
1231 1210 1382 1252 haberi
1407 1209 1562 1264 potuit,

219 1284 386 1323 semper
417 1269 629 1324 flagitavi,
663 1271 714 1310 ut
746 1283 1087 1311 convocaremur.
1150 1269 1243 1318 Quo
1277 1269 1342 1310 die
1373 1268 1562 1322 primum

219 1328 443 1370 convocati
470 1342 629 1381 sumus,
655 1342 752 1369 cum
778 1328 992 1382 designati
1018 1328 1213 1368 consules
1238 1341 1326 1368 non
1350 1327 1560 1381 adessent,

217 1387 298 1428 ieci
346 1386 559 1427 sententia
608 1400 703 1427 mea
726 1386 932 1427 'maximo
976 1389 1120 1427 vestro
1165 1399 1373 1427 consensu
1416 1385 1561 1426 funda—

218 1447 365 1486 menta
401 1444 463 1486 rei
500 1444 696 1498 publicae
730 1445 865 1485 serius
899 1445 1091 1498 omnino,
1133 1459 1261 1499 quam
1293 1444 1435 1485 decuit
1467 1442 1562 1499 (nec

218 1504 333 1545 enim
371 1506 470 1544 ante
508 1501 668 1558 potui),
707 1503 776 1544 sed
812 1506 974 1557 tamen,
1014 1503 1049 1544 si
1081 1517 1132 1544 ex
1165 1517 1213 1544 eo
1245 1505 1439 1557 tempore
1472 1502 1562 1544 dies

217 1563 361 1604 nullus
398 1561 670 1603 intermissus
706 1564 838 1616 esset,
875 1561 1036 1602 bellum
1067 1560 1262 1615 profecto
1294 1561 1461 1603 nullum
1490 1561 1563 1602 ha-

159 1622 427 1665 31beremus.
483 1620 620 1662 Omne
652 1621 814 1661 malum
843 1634 1022 1661 nascens
1048 1620 1172 1662 facile
1200 1620 1469 1674 opprimitur,
1501 1620 1562 1661 in-
1581 1636 1615 1663 25

218 1682 459 1721 veteratum
489 1679 540 1720 fit
571 1679 822 1734 plerumque
850 1679 1082 1721 robustius.
1139 1678 1222 1720 Sed
1248 1682 1342 1720 tum
1367 1681 1561 1732 expecta-

154 1739 202 1779 12
218 1740 375 1780 bantur
400 1737 619 1780 Kalendae
646 1737 881 1791 Ianuariae,
906 1737 1090 1779 fortasse
1115 1752 1202 1779 non
1228 1740 1354 1779 recte.
1402 1736 1562 1778 Verum

216 1797 453 1852 praeterita
497 1797 767 1851 omittamus3
813 1797 998 1838 etiamne
1038 1797 1149 1838 hanc
1193 1811 1359 1837 moram
1402 1795 1562 1837 adfere-

218 1871 325 1910 mus,
357 1856 457 1896 dum
481 1856 809 1910 proficiscantur
833 1855 980 1910 legati,
1006 1855 1107 1896 dum
1133 1854 1433 1896 revertantur?
1460 1869 1560 1909 quo-

217 1930 313 1956 rum
338 1914 579 1968 expectatio
607 1914 922 1956 dubitationem
947 1914 1050 1955 belli
1077 1913 1226 1954 adfert.
1269 1913 1392 1955 Bello
1413 1916 1559 1955 autem
1578 1931 1614 1956 30

217 1974 346 2015 dubio
380 1973 492 2027 quod
523 1975 670 2027 potest
701 1973 890 2014 studium
922 1987 1014 2014 esse
1046 1972 1257 2014 dilectus?

307 2031 445 2080 Quam
478 2031 531 2073 ob
565 2045 666 2085 rem,
697 2034 841 2085 patres
869 2031 1111 2085 conscripti,
1141 2031 1384 2086 legatorum
1410 2030 1559 2072 menti-

218 2105 343 2131 onem
372 2090 538 2131 nullam
570 2104 720 2131 censeo
753 2089 1011 2144 faciendam3
1048 2104 1139 2131 rem
1171 2088 1556 2131 administrandam

218 2150 405 2190 arbitror
434 2149 523 2190 sine
549 2148 637 2189 ulla
663 2163 783 2190 mora
809 2151 852 2189 et
878 2148 1105 2190 confestim
1131 2148 1361 2204 gerendam
1387 2161 1557 2201 censeo,

218 2208 451 2248 tumultum
494 2207 679 2261 decerni,
728 2207 945 2248 iustitium
989 2207 1113 2259 edici,
1157 2220 1262 2262 saga
1305 2205 1415 2247 sumi
1459 2205 1554 2247 dico
1574 2222 1608 2248 3⁵

219 2269 429 2319 oportere,
455 2265 657 2307 dilectum
680 2266 829 2307 haberi
855 2265 1038 2307 sublatis
1058 2265 1354 2307 vacationibus
1379 2263 1424 2305 in
1448 2264 1554 2305 urbe

160 2330 202 2361 32
219 2326 262 2363 et
287 2324 331 2364 'm
356 2323 484 2364 Italia
508 2327 679 2377 praeter
706 2323 892 2365 Galliam
917 2327 1022 2366 tota.
1080 2323 1196 2372 Quae
1222 2322 1259 2364 si
1284 2325 1409 2365 erunt
1428 2321 1555 2371 facta,
