1671 2543
537 528 600 576 M.
639 526 829 575 TULLI
866 527 1193 576 CICERONIS

256 651 392 707 PRO
437 652 494 705 L.
541 649 888 705 CORNELIO
932 649 1166 704 BALBO
1210 648 1481 704 ORATIO.

674 858 1063 897 ARGUMENTUM.

293 952 332 985 L.
366 947 558 984 Cornelius
589 947 729 981 Balbus
759 946 967 981 Gaditanus
998 945 1079 981 fuit.
1130 944 1221 981 Cum
1247 944 1443 989 Gaditani,
1474 943 1539 989 qui

198 999 275 1033 iam
301 1009 332 1031 a.
359 1008 394 1031 u.
421 1008 449 1031 o.
478 1000 544 1031 542
571 1006 656 1029 cum
680 994 719 1030 L.
745 993 904 1038 Marcio,
930 992 1055 1038 equite
1081 993 1266 1036 Romano,
1293 992 1358 1037 qui
1381 991 1538 1028 mortuis

199 1045 261 1080 Cn.
288 1046 326 1079 et
346 1043 384 1078 P.
407 1041 644 1088 Scipionibus
672 1041 718 1076 ab
745 1040 911 1076 exercitu
937 1040 1011 1075 dux
1036 1042 1116 1075 erat
1134 1041 1267 1084 factuS,
1292 1039 1424 1075 foedus
1443 1040 1539 1074 fece-

200 1093 299 1135 rant,
331 1092 465 1136 postea
495 1100 582 1124 vero
615 1100 647 1124 a.
680 1100 714 1124 u.
741 1100 770 1123 o.
797 1087 866 1124 676
892 1087 940 1122 M.
967 1088 1127 1123 Aemilio
1152 1087 1293 1133 Lepido
1321 1086 1361 1129 Q.
1386 1086 1538 1122 Lutatio

200 1139 331 1174 Catulo
357 1149 462 1180 coss,
489 1135 589 1181 quod
614 1135 709 1170 illud
728 1135 858 1170 foedus
879 1134 1111 1169 Marcianum
1130 1134 1252 1169 minus
1271 1135 1417 1170 firmum
1434 1133 1540 1170 vide-

198 1187 321 1230 batur,
347 1196 370 1219 a
395 1185 528 1219 senatu
554 1183 600 1217 de
625 1182 774 1217 foedere
793 1182 1075 1227 postulaverant
1094 1183 1132 1216 et
1150 1182 1280 1216 foedus
1300 1181 1396 1216 illud
1413 1181 1539 1227 pristi-

199 1245 288 1268 num
307 1232 587 1273 renovaverant,
610 1229 709 1274 quod
729 1229 853 1275 ipsum
871 1230 997 1263 tamen
1016 1228 1146 1274 populi
1165 1229 1325 1264 Romani
1342 1228 1448 1263 iussu
1465 1239 1541 1263 non

201 1282 282 1315 erat
319 1279 593 1320 confirmatum,
632 1287 713 1311 sese
745 1276 794 1311 ad
826 1276 887 1311 Cn.
920 1275 1075 1320 Pompei
1105 1276 1354 1319 voluntatem,
1393 1287 1476 1310 cum
1506 1274 1539 1309 is

202 1326 405 1362 exercitum
441 1325 481 1359 in
515 1323 700 1368 Hispania
731 1323 899 1365 duceret,
935 1322 1203 1367 applicassent,
1241 1322 1280 1357 in
1312 1333 1355 1357 eo
1386 1333 1539 1357 numero

202 1374 317 1409 etiam
347 1372 488 1407 Balbus
519 1371 608 1413 fuit,
641 1370 705 1414 qui
737 1381 760 1404 a
789 1369 852 1404 Cn.
884 1368 1077 1414 Pompeio,
1110 1369 1171 1404 cui
1203 1369 1261 1404 Iex
1293 1380 1316 1404 a
1345 1368 1385 1405 L.
1417 1368 1539 1404 Gellio

201 1420 396 1466 Poplicola
427 1420 466 1453 et
491 1417 554 1453 Cn.
582 1416 752 1452 Cornelio
777 1416 934 1451 Lentulo
961 1416 1141 1451 Clodiano
1175 1427 1266 1451 coss,
1293 1427 1324 1451 a.
1351 1427 1385 1451 u.
1413 1427 1442 1451 c.
1471 1420 1538 1451 682

202 1468 282 1502 lata
313 1477 397 1501 eam
427 1466 655 1511 potestatem
679 1464 836 1507 fecerat,
869 1475 952 1498 cum
978 1463 1063 1498 aliis
1090 1462 1288 1499 Gaditanis
1315 1463 1361 1498 ob
1389 1474 1541 1508 operam

201 1515 242 1549 in
266 1525 305 1548 re
330 1512 488 1547 militari
507 1511 685 1546 Romanis
705 1513 882 1546 navatam
902 1510 1056 1545 civitate
1078 1510 1238 1545 donatus
1258 1511 1325 1545 est.
1377 1509 1447 1552 Qui
1465 1509 1542 1545 iam

203 1561 296 1596 civis
322 1561 509 1595 Romanus
535 1560 617 1593 erat
639 1558 762 1593 factus
786 1558 824 1592 L.
852 1556 1042 1593 Cornelius
1067 1557 1218 1600 Balbus,
1244 1557 1284 1591 in
1303 1555 1366 1592 Cn.
1386 1557 1543 1602 Pompei

203 1610 242 1643 et
273 1607 314 1642 in
345 1606 382 1642 C.
409 1605 578 1642 Caesaris
615 1604 914 1640 familiaritatem
946 1615 1026 1639 sese
1057 1604 1314 1639 insinuaverat
1345 1605 1384 1639 et
1414 1615 1543 1639 eorum

203 1654 328 1700 gratia
352 1653 485 1699 opibus
511 1663 675 1688 crescere
701 1652 906 1687 studuerat.
944 1651 1025 1686 Hac
1051 1662 1090 1686 re
1116 1650 1293 1686 commoti
1316 1650 1437 1686 invidi
1463 1652 1541 1686 eius

203 1704 242 1736 et
266 1701 325 1736 illi
349 1699 518 1744 Romani,
545 1699 679 1744 quibus
706 1698 767 1735 Cn.
789 1698 945 1744 Pompei
970 1700 1008 1733 et
1033 1697 1070 1735 C.
1092 1697 1260 1733 Caesaris
1285 1698 1541 1733 reconciliatio

203 1748 348 1793 gratiae
382 1747 505 1782 minus
542 1746 734 1792 placebat,
774 1757 806 1782 a.
838 1757 872 1781 u.
906 1757 936 1782 c,
970 1749 1036 1781 698
1076 1744 1136 1781 Cn.
1174 1744 1345 1780 Cornelio
1382 1745 1541 1780 Lentulo

203 1795 420 1831 Marcellino
452 1794 492 1831 L.
518 1793 658 1829 Marcio
684 1792 858 1838 Philippo
891 1803 983 1828 coss.
1017 1793 1234 1836 effecerunt,
1266 1793 1308 1826 ut
1334 1791 1541 1827 Gaditanus

203 1842 356 1887 quidam
385 1841 424 1876 L.
457 1840 667 1876 Cornelium
698 1840 858 1875 Balbum
893 1840 1086 1875 accusaret
1116 1841 1154 1874 et
1184 1839 1303 1874 civem
1335 1840 1544 1874 Romanum

204 1901 284 1925 esse
303 1889 469 1934 negaret.
508 1889 542 1922 Is
561 1888 632 1922 hoc
653 1889 883 1934 argumento,
903 1889 947 1922 ut
965 1886 1158 1921 civitatem
1176 1887 1215 1922 L.
1232 1886 1403 1921 Cornelio
1423 1886 1543 1921 Balbo

204 1938 282 1971 sine
314 1935 428 1971 dubio
455 1947 478 1970 a
502 1934 564 1970 Cn.
592 1934 767 1979 Pompeio
794 1935 922 1969 datam
946 1933 1168 1977 infirmaret,
1200 1944 1287 1968 usus
1314 1935 1410 1976 erat,
1443 1933 1545 1977 quod

204 1983 346 2018 diceret
376 1994 421 2018 ex
445 1982 637 2017 foederato
662 1982 800 2027 populo
819 1981 1007 2016 neminem
1025 1980 1202 2025 potuisse,
1229 1979 1302 2014 nisi
1320 1980 1351 2014 is
1370 1980 1542 2024 populus,

205 2029 309 2064 cuius
342 2030 433 2065 civis
466 2030 580 2073 esset,
619 2028 698 2063 eius
729 2030 784 2063 rei
815 2029 950 2063 fundus
981 2028 1102 2062 factus
1134 2027 1248 2070 esset,
1280 2026 1320 2061 in
1351 2026 1544 2061 civitatem

203 2077 412 2111 Romanam
435 2075 572 2111 venire.
622 2076 703 2110 Hoc
734 2075 791 2109 ius
817 2077 932 2110 etiam
957 2073 1153 2110 Gaditanis
1177 2073 1326 2108 foedere
1353 2083 1433 2108 esse
1458 2083 1543 2108 con-

206 2134 365 2165 cessum3
391 2123 530 2158 idcirco
557 2123 596 2157 L.
624 2122 835 2157 Cornelium
861 2122 1021 2157 Balbum
1045 2122 1187 2156 iniussu
1210 2119 1342 2165 populi
1367 2118 1545 2154 Gaditani

204 2180 279 2204 non
308 2170 475 2215 potuisse
508 2169 624 2204 civem
651 2169 861 2204 Romanum
885 2168 977 2204 fieri.
1028 2167 1119 2203 Cum
1143 2167 1238 2202 haec
1263 2165 1452 2201 accusatio
1479 2165 1542 2201 Cn.

206 2215 382 2261 Pompeio
407 2216 529 2251 minus
554 2218 665 2261 grata
684 2218 793 2259 esset,
820 2227 894 2250 non
913 2216 1033 2251 solum
1052 2215 1133 2259 ipse
1151 2225 1218 2259 pro
1237 2213 1276 2249 L.
1297 2212 1415 2248 Balbo
1436 2213 1544 2257 dixit,

205 2273 332 2297 verum
351 2265 536 2307 permovit
555 2263 670 2298 etiam
689 2264 738 2298 Μ.
755 2264 926 2298 Crassum
946 2264 984 2297 et
1003 2262 1052 2297 M.
1067 2261 1290 2303 Ciceronem,
1310 2261 1352 2294 ut
1371 2259 1546 2295 clientem

206 2320 312 2343 suum
344 2309 596 2346 defenderent.
648 2309 775 2344 Cicero
807 2309 924 2354 igitur
955 2309 1088 2344 ultimo
1113 2308 1196 2343 loco
1221 2307 1292 2341 hac
1317 2306 1416 2352 ipsa,
1449 2318 1545 2352 quae
