1671 2543
565 62 664 98 CAP.
692 67 782 97 4-7
810 66 829 105 ς
859 65 1006 97 11—-15,
1434 62 1458 102 7

119 177 167 216 ut
201 175 476 228 quaesturam
502 170 776 212 Macedoniae
809 170 1047 224 relinquam
1076 172 1119 211 et
1152 169 1380 224 aliquando
1407 170 1461 211 ad

118 233 225 274 haec
260 231 459 287 propiora
485 230 663 271 veniam.
722 229 992 283 Quamquam
1016 243 1103 270 non
1130 232 1196 269 est
1222 228 1460 269 omittenda

120 290 351 344 singularis
378 289 453 330 illa
484 288 712 343 integritas
741 287 1028 342 provincialis,
1062 287 1180 328 cuius
1214 301 1293 342 ego
1325 302 1461 341 nuper

119 350 164 390 in
195 348 446 390 Macedonia
477 347 564 388 vidi
595 347 779 401 vestigia
816 361 903 388 non
933 360 1082 401 pressa
1119 345 1271 386 leviter
1309 345 1361 386 ad
1394 360 1460 386 ex-

84 418 100 444 5
120 408 211 463 igui
242 406 605 462 praedicationem
636 405 861 459 temporiS,
903 405 976 446 sed
1006 404 1091 445 fixa
1123 404 1174 445 ad
1207 404 1461 445 memoriam

119 466 235 507 illius
263 465 507 520 provinciae
534 464 1032 518 sempiternam3ve1um
1056 463 1160 504 haec
1187 462 1249 503 ita
1274 465 1462 517 praeter-

120 539 284 578 eamus,
321 526 370 565 ut
408 527 553 564 tamen
589 522 805 564 intuentes
845 525 888 563 et
926 524 1217 587 respectantes
1250 521 1462 575 relinqua-

119 598 232 637 mus3
276 582 328 624 ad
366 582 654 635 tribunatum,
698 581 771 635 qui
809 581 899 635 ipse
945 581 997 622 ad
1042 595 1132 622 sese
1176 580 1262 621 iam
1303 580 1462 621 dudum
1482 580 1509 621 6

118 644 244 683 vocat
294 644 337 683 et
381 641 566 695 quodam
610 640 736 680 modo
782 640 984 680 absorbet
1028 639 1265 681 orationem
1310 653 1462 693 meam,

67 712 100 737 10
120 702 322 742 contento
356 699 498 741 studio
532 713 742 752 cursuque
774 698 1005 739 veniamus
1468 719 1530 776 (6)

206 758 270 800 Ι)6
316 772 399 812 quo
445 757 615 822 quidem
660 757 882 798 tribunatu
926 757 988 798 ita
1031 756 1193 798 dictum
1237 759 1303 797 est
1341 771 1366 797 a
1411 755 1493 812 Q„

118 817 366 871 Hortensio,
397 819 447 857 ut
479 816 569 857 eius
598 816 736 857 oratio
764 830 851 857 non
877 815 1167 857 defensionem
1198 815 1324 856 modo
1351 814 1462 856 vide-

118 879 238 917 retur
265 875 492 917 criminum
524 874 754 928 continere,
788 874 860 915 sed
887 874 1018 915 etiam
1050 874 1257 915 memoria
1289 874 1463 928 dignam

118 934 333 976 iuventuti
365 934 427 975 rei
458 933 655 987 publicae
689 933 972 987 capessendae
1005 932 1309 974 auctoritatem
1341 932 1465 974 disci-

67 1004 100 1030 15
120 993 369 1048 plinamque
408 992 709 1046 praescribere.
774 990 856 1032 Sed
894 994 1055 1045 tamen,
1095 991 1297 1045 quoniam
1328 990 1463 1032 tribu-

119 1054 246 1092 natus
293 1054 412 1092 totus
451 1049 496 1091 P.
537 1049 651 1091 Sesti
693 1050 802 1091 nihil
842 1049 957 1090 aliud
993 1050 1078 1091 nisi
1122 1064 1264 1090 meum
1307 1063 1465 1091 nomen

120 1124 378 1163 causamque
412 1109 636 1163 sustinuit,
673 1109 914 1150 necessario
948 1108 1055 1149 mihi
1087 1108 1136 1149 de
1168 1109 1305 1149 isdem
1336 1108 1464 1149 rebus

119 1183 212 1210 esse
251 1168 440 1209 arbitror
472 1168 509 1208 si
544 1182 632 1208 non
670 1167 872 1221 suptilius
912 1167 1234 1221 disputandum,
1272 1169 1318 1207 at
1350 1168 1464 1207 certe

120 1226 334 1269 dolentius
374 1226 693 1280 deplorandum.
757 1225 850 1274 Qua
887 1225 932 1266 in
970 1226 1164 1267 oratione
1197 1225 1233 1266 si
1271 1225 1464 1279 asperius

68 1297 102 1322 20
121 1286 166 1326 in
211 1284 420 1339 quosdam
463 1284 658 1326 homines
702 1284 845 1325 invehi
883 1284 1054 1338 vellem,
1099 1284 1194 1338 quis
1238 1298 1325 1324 non
1370 1297 1465 1324 con-

121 1344 303 1397 cederet,
333 1346 383 1384 ut
409 1357 494 1397 eos,
524 1357 706 1397 quorum
733 1342 904 1384 sceleris
930 1343 1074 1384 furore
1100 1343 1287 1384 violatus
1315 1356 1465 1395 essem,

119 1403 237 1444 vocis
277 1402 477 1443 libertate
521 1401 888 1456 perstringerem?
952 1400 1034 1443 Sed
1075 1415 1202 1457 agam
1246 1401 1466 1442 moderate

122 1464 165 1502 et
200 1460 328 1502 huius
366 1461 511 1514 potius
553 1460 738 1514 tempori
777 1460 961 1502 serviam
1005 1474 1133 1514 quam
1171 1459 1309 1501 dolori
1352 1474 1466 1512 meo3

124 1520 159 1560 si
193 1519 266 1573 qui
299 1519 464 1560 occulte
497 1533 522 1559 a
553 1519 691 1560 salute
723 1521 872 1560 nostra
904 1519 1183 1572 dissentiunt,
1214 1518 1398 1572 lateant3
1430 1517 1467 1558 si

68 1589 102 1615 25
124 1577 197 1632 qui
221 1577 415 1618 fecerunt
441 1577 602 1631 aliquid
628 1577 857 1631 aliquando
885 1580 1013 1631 atque
1033 1577 1170 1618 eidem
1189 1591 1302 1618 nunc
1321 1578 1468 1617 tacent

122 1639 165 1677 et
198 1635 434 1689 quiescunt,
464 1650 543 1676 nos
577 1650 745 1689 quoque
773 1636 907 1677 simus
941 1635 1084 1690 obliti3
1117 1636 1153 1677 si
1186 1635 1259 1689 qui
1292 1649 1336 1675 se
1370 1634 1467 1676 offe-

121 1697 240 1748 runt,
284 1694 570 1748 insectantur,
608 1694 747 1747 quoad
784 1694 886 1735 ferri
923 1697 1147 1748 poterunt,
1190 1693 1467 1748 perferemus,

121 1767 258 1806 neque
286 1766 545 1806 quemquam
578 1752 763 1793 offendet
795 1752 933 1794 oratio
966 1767 1073 1806 mea,
1104 1752 1189 1793 nisi
1223 1751 1296 1805 qui
1328 1765 1372 1792 se
1404 1751 1467 1791 ita

123 1811 348 1865 optulerit,
385 1812 435 1851 ut
465 1810 510 1850 in
550 1824 646 1851 eum
683 1825 770 1852 non
807 1810 1032 1864 invasisse,
1071 1810 1144 1851 sed
1181 1809 1466 1851 incucurrisse

69 1881 104 1906 30
122 1870 352 1911 videamur,

213 1926 295 1968 Sed
330 1941 503 1969 necesse
540 1930 622 1981 est,
660 1929 891 1980 antequam
929 1927 978 1968 de
1016 1927 1241 1968 tribunatu
1272 1925 1318 1967 P.
1353 1925 1466 1968 Sesti
1483 1942 1525 1972 15

123 1987 262 2027 dicere
287 1986 503 2040 incipiam,
532 2000 598 2026 me
625 1988 769 2026 totum
795 1985 1028 2039 superioris
1056 1985 1155 2026 anni
1181 1984 1243 2026 rei
1268 1985 1466 2039 publicae

122 2044 398 2100 naufragium
430 2058 662 2109 exponer‚e
692 2044 738 2084 111
770 2058 853 2097 quo
885 2044 1126 2099 colligendo
1160 2058 1209 2084 ac
1240 2043 1467 2084 reficienda

125 2103 263 2145 salute
314 2103 529 2144 communi
580 2102 723 2143 omnia
766 2102 1031 2156 reperientui
1080 2101 1127 2142 P.
1173 2100 1287 2143 Sesti
1338 2102 1466 2156 facta,

71 2171 105 2197 35
126 2161 251 2215 dicta,
283 2161 462 2203 consilia
492 2163 673 2202 versata.
704 2161 734 2214 †
765 2160 925 2202 Fuerat
955 2160 1028 2202 ille
1061 2174 1196 2202 annus
1228 2163 1318 2201 tam
1350 2161 1395 2201 111
1421 2175 1464 2201 re
1494 2172 1517 2212 7

123 2219 314 2274 publica,
354 2219 533 2273 iudices,
577 2233 672 2261 cum
711 2219 757 2259 in
793 2233 950 2274 magno
989 2221 1111 2260 motu
1149 2221 1192 2260 et
1229 2219 1466 2260 multorum

124 2277 279 2319 timore
316 2278 508 2318 intentus
546 2281 604 2319 est
645 2291 767 2320 arcus
804 2278 850 2318 in
887 2292 953 2318 me
991 2292 1142 2332 unum,
1186 2276 1298 2319 sicut
1335 2277 1466 2332 vulgo
