1671 2543
556 87 659 123 CAP.
686 92 826 123 24—27
855 92 874 131 ἓ
901 93 1051 124 59—64.
1400 88 1483 129 107

137 197 345 240 constitui
376 197 519 239 locum
550 196 679 238 iussit
710 196 886 238 balneas
921 196 1089 250 Senias,
1126 199 1176 238 ut
1209 210 1258 238 eo
1287 196 1484 237 mitteret

137 257 315 310 amicos,
355 256 428 310 qui
459 255 769 308 delitiscerent,
808 256 905 296 dein
936 258 1129 310 repente,
1164 270 1261 297 cum
1293 255 1483 296 venisset

136 315 327 357 Licinius
359 328 653 369 venenumque
673 289 876 368 tiadeiet,
907 314 1158 380 prosilirent
1177 314 1482 368 hominemque

137 373 574 428 comprehenderent.2
639 372 756 422 Quae
790 373 961 427 quidem
993 373 1154 426 omnia,
1185 373 1359 427 iudices,
1390 387 1482 437 per—
1497 370 1552 411 26

101 443 117 469 5
137 433 309 474 facilem
355 432 567 473 rationem
609 431 772 473 habent
815 407 1163 486 reprehendendi.
1238 430 1324 473 Cur
1368 431 1482 472 enim

134 491 412 546 potissimum
449 491 626 532 balneas
664 490 859 545 publicas
896 491 1210 532 constituerat?
1247 491 1294 531 in
1325 490 1481 544 quibus

134 565 221 592 non
246 550 415 591 invenio
440 564 547 604 quae
567 550 736 590 latebra
754 550 918 604 togatis
938 550 1187 591 hominibus
1209 563 1301 590 esse
1320 551 1482 603 posset.

134 608 249 650 Nam
284 609 320 649 si
352 611 497 650 essent
528 608 573 649 in
604 608 819 650 vestibulo
853 608 1122 663 balnearum,
1158 623 1246 650 non
1276 608 1482 662 laterent3

136 668 203 709 sin
228 681 273 708 se
299 667 344 708 in
369 667 571 708 intimum
597 667 789 709 conicere
816 667 988 721 vellent,
1018 682 1097 709 nec
1123 667 1230 708 satis
1257 666 1481 708 commode

83 737 116 762 10
135 726 315 768 calceati
355 728 398 767 et
434 726 582 767 vestiti
619 726 663 768 id
700 725 839 768 facere
877 729 1056 780 possent
1093 728 1137 767 et
1173 726 1359 767 fortasse
1393 739 1482 767 non

134 785 444 839 reciperentur,
490 784 576 826 nisi
619 784 732 826 forte
777 784 931 825 mulier
973 791 1127 839 potens
1173 784 1482 839 quadrantaria

133 844 210 885 illa
263 843 581 898 permutatione
638 843 865 884 familiaris
917 843 1034 885 facta
1084 846 1176 885 erat
1225 842 1480 885 balneatori.

133 903 278 957 Atque
317 902 514 956 equidem
551 902 825 943 vehementer
861 903 1157 956 expectabam,
1197 902 1373 956 quinam
1404 901 1480 942 isti
1495 907 1540 938 63

133 961 216 1002 viri
261 961 364 1002 boni
407 963 543 1002 testes
583 961 712 1002 huius
757 960 986 1002 manifesto
1032 961 1286 1015 deprehensi
1329 960 1482 1002 veneni

79 1029 114 1057 15
134 1020 394 1074 dicerentur3
424 1020 534 1061 nulli
566 1019 680 1061 enim
704 1022 810 1061 sunt
835 1019 972 1061 adhuc
998 1020 1222 1061 nominati.
1286 1018 1368 1061 Sed
1393 1033 1483 1060 non

134 1079 302 1133 dubito,
347 1078 450 1132 quin
494 1078 581 1120 sint
621 1078 988 1133 pergraves,‘qui
1026 1079 1214 1133 primum
1252 1078 1340 1119 sint
1378 1077 1480 1118 talis

132 1138 315 1179 feminae
341 1137 589 1191 familiares,
615 1137 765 1178 deinde
791 1151 886 1178 eam
911 1137 1178 1191 provinciam
1199 1137 1481 1191 susceperint,

132 1199 182 1238 ut
218 1196 264 1237 in
300 1196 475 1237 balneas
514 1196 890 1249 contruderentur,
929 1195 1043 1250 quod
1080 1196 1157 1237 illa
1193 1195 1278 1236 nisi
1316 1210 1342 1236 a
1375 1195 1480 1236 viris

131 1254 451 1296 honestissimis
484 1269 533 1296 ac
564 1254 828 1308 plenissimis
861 1254 1102 1309 dignitatis,
1136 1269 1265 1308 quam
1290 1254 1396 1295 velit
1422 1254 1480 1295 sit

79 1326 114 1351 20
131 1316 304 1368 potens,
346 1327 583 1367 numquam
626 1313 958 1367 impetravisset.
1030 1311 1113 1355 Sed
1157 1313 1259 1367 quid
1304 1327 1383 1368 ego
1429 1312 1480 1354 de

132 1372 344 1427 dignitate
393 1372 579 1413 istorum
623 1372 802 1413 testium
845 1372 1029 1426 loquor?
1079 1371 1287 1413 virtutem
1331 1386 1481 1413 eorum

131 1431 485 1486 diligentiamque
532 1431 792 1484 cognoscite.
866 1430 933 1472 eIn
976 1430 1141 1472 balneis
1187 1430 1479 1472 delituerunt?

131 1489 272 1530 Testis
299 1490 514 1544 egregios!
561 1488 688 1530 ‘Dein
718 1492 877 1530 temere
903 1489 1224 1544 prosiluerunt.9
1268 1488 1480 1531 Homines

132 1549 437 1601 temperantes!
491 1546 562 1589 Sic
587 1548 702 1589 enim
726 1548 909 1603 fingunt,
936 1563 1033 1589 cum
1059 1548 1250 1589 Licinius
1277 1549 1479 1602 venisset,

80 1617 113 1642 25
133 1606 333 1660 pyxidem
364 1609 531 1648 teneret
562 1606 607 1647 in
639 1621 785 1660 manu,
817 1609 1045 1648 conaretur
1076 1606 1257 1661 tradere,
1288 1607 1479 1648 nondum

133 1664 394 1730 tradidisset,
419 1667 512 1705 tum
538 1668 713 1718 repente
734 1665 926 1706 evolasse
946 1665 1056 1706 istos
1076 1665 1322 1729 praeclaros
1342 1668 1478 1707 testes

134 1724 224 1764 sine
262 1723 452 1776 nomine,
495 1722 711 1764 Licinium
748 1726 910 1777 autem,
952 1738 1048 1765 cum
1087 1723 1174 1764 iam
1212 1738 1388 1765 manum
1426 1724 1480 1765 ad

133 1781 385 1822 tradendam
422 1781 624 1835 pyxidem
657 1782 938 1835 porrexisset,
976 1781 1207 1822 retraxisse
1241 1785 1369 1847 atque
1402 1782 1478 1824 illo

133 1839 357 1894 repentino
401 1839 624 1880 hominum
666 1840 831 1893 impetu
875 1854 919 1881 se
963 1840 1008 1880 in
1046 1839 1196 1894 fugam
1234 1840 1480 1883 coniecisse.

81 1910 114 1935 30
136 1898 170 1940 O
204 1912 362 1953 magna
392 1898 456 1939 vis
488 1898 697 1951 v·e1itatis,
730 1912 836 1951 quae
870 1901 1020 1939 contra
1044 1898 1304 1939 hominum'
1293 1899 1480 1954 ingenia,

135 1957 428 2008 calliditatem,
461 1932 700 1997 sollertiam
732 1959 965 2010 contraque
997 1956 1121 1998 fictas
1156 1957 1347 1998 omnium
1378 1957 1479 1999 insi-

134 2016 226 2056 dias
261 2014 386 2056 facile
419 2029 462 2056 se
494 2029 646 2069 perse
678 2015 773 2068 ipsa
804 2014 1019 2056 defendat!
1083 2015 1215 2056 Velut
1246 2015 1351 2057 haec
1383 2018 1514 2081 tota6

133 2074 293 2116 fabella
318 2074 476 2114 veteris
503 2075 546 2114 et
570 2073 853 2127 plurimarum
872 2073 1116 2115 fabularum
1135 2074 1328 2128 poetriae
1350 2050 1540 2129 quam64

135 2136 202 2173 est
216 2132 307 2173 61116
322 2147 368 2173 61·
371 2135 589 2187 gumentO,
610 2146 739 2185 quam
752 2132 942 2173 nullum
932 2132 1122 2174 invenire
1138 2133 1300 2174 exitum
1312 2135 1478 2186 potest!

82 2201 115 2227 35
137 2190 248 2240 Quid
280 2191 423 2231 enim?
454 2190 531 2231 isti
563 2193 630 2231 tot
663 2190 744 2231 viri
777 2189 893 2245 (nam
925 2205 1098 2232 necesse
1131 2194 1196 2232 est
1227 2191 1360 2233 fuisse
1391 2207 1480 2234 non

134 2263 311 2303 paucos,
351 2252 400 2290 ut
439 2252 482 2290 et
519 2249 820 2303 comprehendi
858 2248 1048 2291 Licinius
1087 2249 1212 2291 facile
1250 2253 1399 2304 posset
1436 2253 1480 2292 et

136 2321 203 2348 res
241 2307 477 2348 multorum
510 2307 644 2348 oculis
677 2310 790 2348 esset
821 2305 1042 2363 testatior)
1077 2322 1151 2349 cur
1182 2308 1397 2350 Licinium
1428 2309 1479 2351 de

1494 1990 1549 2031 27
