1671 2543
506 113 782 150 ADNOTATIO
810 112 1007 149 CRITICA.
1279 110 1424 147 CXXIX

188 227 239 257 19.
271 221 566 257 versutissimum
604 220 793 255 hominem
824 221 861 254 et
895 219 934 253 in
966 218 1130 254 fallendo
1163 218 1423 253 exercitatissi-

91 282 200 304 mum.
229 270 326 314 (Ous.
347 272 407 313 10)

186 321 239 352 20.
267 315 362 359 Quid
382 317 440 350 est
457 315 497 349 in
515 313 730 349 testimonio
744 315 867 348 vestro
884 315 1033 358 praeter
1052 312 1257 355 libidinem,
1277 314 1427 357 praeter

93 363 298 406 audaciam,
324 364 472 407 praeter
491 361 702 404 amentiam,
730 372 812 394 cum
835 360 1031 395 fortissimi
1051 363 1088 395 et
1108 359 1338 394 ornatissimi
1356 358 1427 393 viri

92 411 175 456 ipsa
199 410 357 445 victoria
382 409 432 444 sit
455 409 590 444 testis?
615 408 710 454 (Cas.
732 411 790 450 11)

187 462 241 492 21.
280 468 347 491 neo
372 456 596 491 mediocrem
621 455 660 489 in
685 466 723 488 re
743 453 900 489 militari
922 466 1038 497 usum,
1064 453 1216 488 iudices.
1246 453 1344 498 (Gus.
1367 456 1425 497 12)

186 509 240 539 22.
281 504 439 538 defendo
476 503 612 537 fortem
649 502 913 547 egregiumque
949 501 1086 544 virum,
1130 501 1258 545 magni
1300 500 1425 543 animi⁷

93 551 225 586 summi
250 550 401 594 laborm,
428 550 561 595 optimi
587 549 743 584 consilii.
772 549 870 592 (Cas.
893 550 950 592 13)

187 603 242 633 23.
279 597 407 632 multis
441 598 487 631 ab
520 596 775 631 adulescentia
808 596 847 629 in
878 595 987 630 bellis
1018 594 1206 639 variisque
1236 596 1427 629 versatum

94 648 205 690 atque
231 646 269 680 in
294 644 424 690 primis
446 644 584 679 bonum
610 644 801 678 ductorem
827 644 864 677 et
888 641 1090 685 hominem,
1116 644 1158 676 ut
1181 653 1267 676 vere
1294 641 1426 684 dicam,

93 703 261 737 corpore,
294 692 435 735 animo,
468 690 608 734 studio,
641 689 906 726 consuetudine
932 691 1061 723 natum
1087 691 1199 733 atque
1226 690 1355 733 aptum
1381 688 1429 723 ad

93 742 261 784 tempora
285 739 377 773 belli
401 738 677 782 militaremque
702 737 895 771 rationem.
923 736 1019 780 (Ous.
1042 739 1102 781 14)

188 792 243 822 24.
280 786 375 820 Huic
400 785 592 820 hominum
617 784 746 829 generi
775 783 936 818 maiores
967 783 1084 817 nostri
1112 782 1166 817 sie
1189 782 1427 827 parcendum,

92 833 251 877 iudices,
291 833 588 871 arbitrabantur,
626 834 669 866 ut
701 843 762 866 eos
793 842 867 865 non
897 830 1006 865 modo
1039 829 1078 863 in
1111 829 1270 873 invidia,
1302 841 1429 864 verum

94 880 209 915 etiam
241 881 281 915 in
313 881 423 924 culpa
453 880 712 922 defenderent,
751 878 878 922 itaque
916 888 989 911 non
1026 877 1145 911 solum
1180 879 1281 911 recte
1319 877 1429 911 factis

94 939 219 962 eorum
260 927 443 972 praemia,
489 926 554 960 sed
592 925 706 960 etiam
744 924 893 960 delictis
929 923 1078 958 veniam
1115 924 1203 958 dare
1248 924 1429 959 solebant.

94 975 191 1020 (Ous.
213 977 271 1019 15)
882 971 884 973 ’

188 1026 244 1056 25.
283 1020 478 1065 Exurgite‚
511 1031 665 1064 quaeso,
691 1019 762 1053 viri
788 1018 920 1064 optimi
952 1020 1063 1062 atque
1088 1018 1283 1052 fortissimi
1314 1018 1431 1063 legati

95 1068 349 1113 amplissimae
377 1070 489 1111 atque
514 1066 798 1102 honestissimae
826 1065 1007 1108 civitatis,
1040 1065 1220 1109 resistite,
1251 1076 1317 1110 per
1342 1066 1430 1100 deos

94 1115 340 1150 immortales!
373 1126 499 1149 eorum
523 1113 696 1159 periuriis
721 1113 957 1156 iniuriisque,
984 1123 1139 1156 quorum
1166 1123 1430 1156 saepenumero

98 1162 181 1197 telis
206 1161 410 1196 restitistis.
438 1161 535 1206 (Ous.
556 1162 618 1206 16)

191 1214 246 1244 26.
283 1209 393 1243 homo
425 1209 594 1243 omnibus
630 1206 855 1242 ornamentis
886 1206 1037 1240 virtutis
1071 1208 1109 1240 et
1143 1205 1431 1240 existimationis

97 1256 299 1301 praeditus,
326 1255 390 1300 qui
414 1255 508 1289 mihi
526 1255 676 1289 videtur
694 1253 805 1298 quasi>
825 1253 1011 1297 quoddam
1038 1253 1227 1297 exemplar
1250 1252 1432 1297 pristinae

97 1303 294 1348 gravitatis
321 1305 359 1337 et
382 1302 651 1337 monimentum
683 1301 921 1345 antiquitatis
948 1301 987 1334 in
1012 1311 1050 1334 re
1076 1300 1227 1345 publica
1253 1299 1431 1334 divinitus

98 1350 246 1385 servari.
274 1349 370 1395 (Cas.
392 1353 450 1394 17)

180 2398 240 2423 (3ιο.
262 2398 300 2423 11.
323 2398 345 2423 3.
1216 2386 1232 2422 i
