1671 2543
236 101 389 136 LXXVI
653 97 932 134 ADNOTATIO
959 97 1155 134 CRITICA.

237 219 272 252 p.
288 210 367 243 286.
382 228 423 232 —
444 206 591 251 Fragm.
612 210 707 240 45m
738 203 863 246 Quint.
873 203 959 238 VIII
979 208 1066 239 6.47
1086 203 1169 238 Hoc
1187 204 1300 238 miror
1319 203 1413 237 enim
1437 213 1468 237 e.
1488 213 1523 246 q.
1545 213 1573 238 ε.

239 253 402 298 dempsit
431 253 552 287 Halm.
581 252 784 296 ‘Beitrage’
813 263 848 295 p.
874 255 893 285 7
920 262 990 295 sq.,
1023 250 1202 285 Gaumitz.
1235 262 1271 294 p.
1297 253 1376 285 287.
1424 248 1574 284 Habent

239 300 354 335 etiam
383 300 482 335 inter
506 300 649 334 incerta
676 298 734 334 Or.
760 297 794 332 H
820 298 854 332 Π
882 302 922 332 17
948 310 983 342 p.
1007 302 1107 340 1056,
1140 297 1253 341 Kays.
1273 295 1298 330 C
1324 301 1364 331 17
1390 308 1426 341 p.
1447 300 1502 330 35.
1528 316 1573 322 —

237 347 276 383 P.
298 352 375 383 256.
393 352 436 382 26
463 358 541 391 sqq.
568 346 688 380 Halm.
714 346 738 380 1.
761 345 784 378 1.
811 356 847 389 p.
867 348 887 379 8
914 343 1131 389 Spaldingio
1164 342 1369 378 assentitur
1396 342 1573 377 ‘nondum

240 394 478 439 comperisse’
513 404 551 427 se
585 391 741 435 dicenti,
775 391 882 425 ‘haec
913 402 1026 435 quare
1060 390 1221 426 orationi
1255 401 1323 435 pro
1354 389 1403 425 M.
1436 390 1574 424 Scauro

239 441 480 482 tribuantur’3
519 440 585 474 sed
615 452 649 475 v.
680 438 859 473 Gaumitz.
891 449 927 483 p.
954 441 1021 473 287
1048 449 1100 482 sq.
1130 459 1171 463 —
1203 437 1241 473 P.
1269 441 1347 472 256.
1363 440 1407 471 28
1439 437 1575 472 alienos

240 487 313 523 Cic.
334 488 452 531 codd,
477 487 608 530 Klotz.,
633 486 756 530 Kays,
782 486 912 520 alienis
930 485 1061 528 Rufin.‚
1089 483 1146 519 Or.
1169 483 1321 529 (Quint,
1346 483 1478 526 Diom.,
1504 484 1574 527 Aq.

239 535 356 578 Rom,
382 534 490 569 Mart.
517 533 603 578 Cap.
629 533 687 566 liis
711 531 835 567 verbis
861 533 1020 575 carent),
1053 533 1148 575 alas,
1174 533 1271 566 antis
1296 532 1416 566 aeneis
1441 530 1502 566 all.
1529 550 1573 555 —

239 582 278 616 P.
302 586 379 616 256.
396 585 440 616 36
465 583 611 624 vaniss„
636 581 748 615 Ieviss.
775 590 794 614 e
819 579 918 613 mell.
945 579 1050 613 codd.
1077 578 1210 613 Kiessl.
1239 579 1276 612 et
1302 577 1472 621 Schoell.‚
1498 578 1576 621 lev„

238 640 321 663 vem.
347 628 447 673 vulg.
474 649 517 653 —
543 628 581 662 P.
603 631 716 661 257.3
747 627 974 661 inciderunt
1004 625 1137 668 Klotz.,
1169 624 1293 668 Kays„
1325 624 1447 658 Halm.
1477 623 1574 658 ‘Bei-

239 676 360 720 trage’
388 687 423 719 p.
451 679 512 717 27;
549 674 597 708 ad
627 685 663 719 p.
689 677 745 708 46.
761 677 793 708 8.
826 693 869 698 —
900 672 939 706 P.
966 677 1079 708 257.5
1111 674 1159 707 in
1189 673 1317 716 templo
1349 671 1441 706 dett.
1467 670 1574 706 codd.

239 723 337 765 Asc„
362 721 496 764 Klotz„
522 721 644 765 Kays„
669 730 795 764 praep.
817 731 887 755 om.
909 718 1023 754 etiam
1049 720 1127 753 cod.
1147 718 1191 761 T3
1225 719 1272 752 ad
1297 730 1332 763 p.
1356 722 1431 753 130.
1447 722 1503 752 26.
1530 738 1574 743 —-

240 769 278 804 P.
306 774 385 803 257.
400 774 443 803 36
470 779 540 803 om.
568 767 649 802 edd.

335 861 596 896 Orationem
626 871 702 905 pro
735 859 771 896 C.
798 859 987 894 Rabirio
1015 859 1225 894 Postumo
1250 857 1419 892 Halmius
1446 869 1490 892 ex
1515 857 1575 892 his

238 909 398 943 maxime
437 908 626 943 codicibus
665 907 866 951 diligenter
902 906 1049 941 collatis
1088 905 1289 940 recensuit:
1330 905 1496 940 Monac.
1532 904 1574 948 Ε,

240 956 402 990 Salisb.
431 959 546 990 15734
573 955 607 998 S,
632 953 854 989 Vindobb.
879 953 912 988 U
932 956 969 988 et
993 953 1042 996 V3
1075 964 1162 987 nam
1188 957 1207 988 6
1231 951 1369 988 Oxonn.
1396 952 1435 986 et
1459 951 1575 986 codex

239 1002 375 1037 Mureti
395 1001 425 1036 G
444 1013 518 1036 non
544 1000 635 1036 satis
662 1001 742 1036 noti
766 1002 862 1036 sunt.
912 1000 1016 1034 Idem
1041 1001 1173 1045 postea
1197 1001 1329 1033 nactus
1355 998 1573 1033 collationes

240 1060 303 1084 sex
328 1049 497 1084 codicum
523 1059 544 1083 a
564 1048 867 1082 Studemundo
892 1047 1023 1090 factas,
1049 1058 1133 1081 cum
1153 1057 1191 1080 se
1209 1046 1332 1091 ipsum
1356 1045 1403 1079 iis
1423 1056 1574 1079 usurum

240 1107 320 1131 esse
347 1096 577 1140 desperaret,
610 1105 684 1139 qua
709 1096 789 1129 era-t
813 1094 1043 1128 liberalitate
1069 1092 1267 1138 singulari,
1300 1104 1332 1128 a.
1361 1096 1449 1127 1881
1477 1092 1574 1126 ultro

241 1143 288 1177 ad
312 1154 372 1177 me
396 1142 510 1177 misit.
560 1141 592 1175 Ii
623 1143 710 1175 sunt
740 1141 939 1175 Ambros.
966 1141 991 1175 C
1021 1145 1086 1175 175
1113 1140 1206 1183 inf,
1238 1140 1286 1183 A,
1323 1139 1521 1175 Ambros.
1547 1136 1574 1174 C

242 1194 307 1224 121
334 1189 426 1232 inf„
459 1190 505 1232 B,
539 1188 736 1223 Ambros
764 1187 790 1223 C
818 1191 861 1222 96
889 1199 996 1232 sup,
1029 1186 1072 1230 C,
1109 1186 1314 1222 Laurent.
1342 1186 1492 1220 XLVIII
1517 1190 1573 1229 24,

240 1236 282 1279 D,
309 1236 515 1270 Laurent.
541 1234 663 1269 XVIII
684 1234 882 1278 (XLVIIIP)
904 1238 959 1277 25,
986 1233 1030 1277 N,
1055 1233 1252 1268 Ambros.
1274 1231 1300 1267 C
1320 1237 1386 1267 236
1412 1232 1508 1276 inf„
1534 1232 1574 1273 F,

240 1294 350 1327 quem
372 1283 536 1317 Studem.
555 1292 672 1325 usque
698 1281 746 1316 ad
771 1285 790 1323 ἓ
811 1285 854 1315 20
881 1280 1054 1315 excussit.
1099 1279 1234 1314 Omnes
1258 1279 1369 1313 huius
1395 1279 1575 1314 orationis

241 1329 386 1365 codices
425 1329 516 1364 satis
555 1330 704 1363 constat
739 1327 953 1362 foedissime
991 1327 1211 1371 depravatos
1246 1337 1326 1361 esse
1360 1337 1428 1361 nec
1461 1338 1576 1360 unum

241 1377 443 1411 alterumve
485 1375 542 1410 ita
582 1375 680 1410 inter
717 1376 859 1409 ceteros
899 1373 1075 1417 eminere,
1114 1375 1157 1408 ut
1193 1384 1236 1408 ex
1278 1373 1382 1408 fonte
1423 1372 1574 1417 puriore

239 1433 411 1458 manasse
430 1422 616 1464 videatur;
636 1421 854 1467 plerumque
874 1421 973 1455 enim
984 1420 1087 1455 vitiis
1100 1420 1161 1455 vel
1179 1419 1299 1454 isdem
1310 1420 1371 1454 vel
1390 1419 1574 1454 similibus

241 1469 404 1514 corrupti
436 1471 522 1503 sunt
554 1479 690 1503 omnes.
742 1468 815 1502 Sed
847 1471 933 1502 sunt
964 1469 1092 1502 tamen
1122 1467 1284 1510 codices,
1317 1465 1381 1511 qui
1406 1466 1574 1510 quamvis

239 1528 322 1552 raro
348 1516 460 1561 paulo
485 1516 608 1550 minus
633 1514 820 1559 inquinati
845 1525 925 1549 esse
948 1514 1156 1557 videantur,
1181 1515 1224 1547 ut
1249 1513 1328 1548 cod.
1346 1513 1378 1547 U
1403 1525 1437 1558 p.
1459 1517 1537 1548 260.
1554 1518 1574 1547 2

241 1564 341 1598 solus
373 1574 456 1597 cum
483 1563 505 1597 S
532 1564 570 1597 et
594 1562 627 1597 V
652 1573 743 1597 corr.
769 1562 885 1596 habet
913 1562 1087 1605 homines,
1120 1562 1206 1594 cett.
1232 1561 1275 1595 i‘n
1304 1571 1361 1596 eos
1392 1560 1574 1603 (BDNF2

240 1613 282 1646 in
300 1613 362 1654 eo),
386 1622 420 1655 p.
436 1614 515 1644 260.
530 1614 574 1644 27
596 1620 678 1643 cum
698 1607 729 1643 G
747 1620 821 1643 non
839 1608 954 1643 habet
972 1620 1068 1653 spem
1086 1619 1264 1653 magnam,
1285 1611 1363 1642 261.
1379 1611 1423 1642 36
1443 1618 1528 1641 cum
1545 1607 1575 1641 B

239 1659 351 1700 hunc,
378 1668 452 1691 non
476 1658 621 1699 habent,
649 1660 728 1691 262.
744 1661 763 1690 6
791 1667 843 1699 sq.
870 1666 954 1689 cum
979 1656 1002 1689 S
1029 1656 1091 1699 qui
1115 1656 1171 1698 in,
1198 1654 1278 1689 rell.
1304 1655 1409 1699 quin,
1435 1657 1514 1690 262.
1529 1658 1576 1688 24

241 1716 324 1738 cum
349 1703 413 1738 SV
440 1714 507 1748 quo
532 1707 632 1746 teste,
664 1714 739 1737 non
771 1703 864 1747 quod
887 1704 969 1745 iste,
1001 1706 1079 1736 265.
1096 1705 1138 1736 29
1166 1702 1203 1735 et
1228 1705 1367 1736 266.12
1392 1712 1443 1744 se,
1476 1700 1575 1744 quod

239 1751 321 1785 rell.
348 1750 543 1792 omittunt,
576 1753 691 1784 268.4
723 1751 918 1792 discamus,
948 1759 1023 1782 non
1053 1749 1218 1783 dicamur
1250 1749 1509 1783 antdicamus
1534 1745 1575 1791 (O

240 1799 444 1841 ducamus),
471 1797 505 1830 V
529 1808 563 1841 p.
591 1800 704 1830 259.1
730 1807 782 1840 sq.
816 1795 915 1830 solus
946 1796 1115 1838 fortunas
1145 1806 1239 1830 suas.
1290 1794 1363 1829 Sed
1392 1805 1468 1828 non
1496 1795 1575 1827 tam

240 1844 287 1878 iis
320 1844 537 1879 confidimus
570 1842 776 1886 codicibus,
809 1842 872 1886 qui
902 1853 968 1886 pro
1001 1844 1129 1886 aperte
1160 1841 1342 1886 corruptis
1377 1840 1576 1874 emendata

240 1891 417 1934 habeant,
443 1902 555 1934 quam
579 1889 638 1933 iis,
665 1889 729 1933 qui
755 1891 819 1923 aut
843 1888 938 1922 nihil
963 1888 1036 1933 ipsi
1062 1899 1181 1932 neque
1200 1886 1431 1932 corruperint
1454 1897 1573 1930 neque

242 1937 535 1980 emendaverint,
569 1938 634 1971 aut
665 1935 729 1980 qui
761 1935 992 1981 corruperint
1027 1935 1152 1980 potius
1182 1946 1257 1969 non
1292 1933 1387 1967 nihil
1423 1933 1575 1968 inscitia

243 1995 354 2027 quam
391 1984 590 2028 quicquam
630 1983 910 2017 emendaverint
951 1982 1146 2027 sapientia.
1201 1981 1406 2024 Utrumque
1449 1981 1576 2015 autem

242 2030 419 2074 codicem,
439 2031 471 2065 U
493 2033 531 2065 et
550 2030 593 2073 V,
619 2029 659 2064 in
683 2029 752 2064 hoc
777 2041 912 2073 genere
938 2031 1150 2074 suspectum
1174 2027 1316 2062 faciunt
1335 2029 1373 2061 et
1391 2027 1575 2071 quaedam

241 2087 437 2121 perversae
463 2075 743 2112 emendationes
776 2076 854 2121 (ille
886 2076 1002 2111 habet
1029 2088 1064 2121 p.
1092 2080 1170 2110 267.
1187 2079 1228 2109 17
1254 2075 1317 2119 qui
1341 2085 1365 2108 a
1388 2085 1483 2119 φερε,
1513 2073 1574 2107 hic

242 2127 320 2157 271.
333 2128 354 2157 4
373 2125 415 2157 in
432 2125 527 2159 hunc
546 2124 719 2168 ordinem)
733 2124 772 2157 et
789 2124 924 2157 natura
943 2134 1080 2166 eorum,
1094 2132 1188 2167 quae
1204 2122 1304 2155 recte
1320 2121 1573 2155 emendarunt.

241 2170 292 2203 At
317 2169 396 2204 cod.
417 2169 440 2203 S
465 2182 539 2205 non
570 2170 689 2205 solum
714 2173 792 2204 259.
810 2174 850 2203 17
878 2181 961 2203 cum
985 2169 1049 2204 BC
1073 2170 1198 2211 huius,
1229 2166 1308 2201 rell.
1334 2168 1426 2210 eius,
1459 2171 1535 2201 261.
1553 2171 1573 2201 3

241 2227 326 2250 cum
351 2215 477 2250 ΒΝΙ)2
503 2218 541 2251 et
566 2217 621 2251 ed.
641 2217 733 2251 Ven.
758 2217 840 2259 hoc,
872 2220 1010 2251 262.1O
1037 2227 1119 2250 cum
1145 2213 1177 2249 G
1203 2215 1250 2249 in
1279 2214 1402 2257 infer„
1434 2216 1512 2247 265.
1529 2217 1572 2248 27

242 2274 326 2297 cum
344 2262 416 2296 BN
436 2275 544 2307 quare
563 2274 629 2307 pro
650 2274 813 2308 quarum,
839 2273 913 2296 non
932 2274 1022 2307 quae
1043 2263 1108 2296 aut
1129 2272 1204 2306 que,
1230 2264 1309 2295 266.
1325 2264 1344 2295 6
1365 2270 1448 2294 cum
1466 2259 1575 2294 BCN

240 2311 320 2354 isto,
346 2309 425 2345 rell.
452 2310 536 2353 loco,
565 2314 643 2345 273.
659 2315 703 2344 24
729 2320 812 2343 cum
838 2309 893 2344 ed.
913 2309 1003 2345 Ven.
1030 2311 1086 2352 in,
1112 2307 1190 2343 rell.
1216 2312 1258 2343 ut
1282 2309 1339 2351 in,
1369 2306 1434 2342 sed
1459 2306 1574 2341 etiam
