1671 2543
499 80 777 116 ADNOTATIO
807 81 1006 116 CRITICA.
1273 82 1425 117 XXXIX

82 190 277 222 consensu?
303 208 346 213 —
378 187 415 222 P.
439 190 572 222 101.19
603 188 742 222 ‘nullam
775 198 859 231 scr.,
896 188 971 222 iam
1003 187 1125 231 codd.,
1156 187 1274 232 vulg„
1307 190 1424 233 ipsam

83 233 205 269 Halm.
228 236 323 269 auct.
344 245 436 269 recc.
457 233 552 277 edd.,
578 233 803 269 Baehrensio
829 246 863 279 p.
884 237 929 268 49
951 245 1004 278 sq.
1027 234 1258 279 ‘praeplacet
1281 236 1423 279 solam',

83 280 106 316 i.
128 291 158 316 e.
184 282 300 326 ipsam
325 281 388 325 (ad
414 281 509 315 dom.
536 293 571 325 p.
598 284 677 315 463.
694 283 763 325 22).
813 281 897 316 Non
922 280 1052 315 definit
1076 292 1154 316 rem
1179 281 1312 325 ullam,
1346 282 1422 325 sed,

84 329 126 362 ut
144 338 210 362 nos
230 327 397 371 dicimus,
421 327 675 372 ‘hypothetice
693 327 885 372 loquitur’.
901 348 944 354 —
964 328 1003 363 P.
1020 332 1097 363 101.
1111 333 1155 364 20
1175 333 1288 364 totum
1306 329 1422 364 Koch.

83 385 205 419 progr.
226 374 324 409 Port.
347 378 437 410 1868
462 386 497 419 p.
520 378 576 418 15,
603 379 744 410 tantum
769 375 880 420 vulg„
905 377 1042 419 factum
1060 375 1205 419 Baehr.,
1232 375 1309 411 scil.
1333 376 1423 410 ‘Das

86 422 269 456 Factum’.
296 442 340 447 —
365 422 417 457 Ib.
443 433 518 457 ‘non
543 421 647 456 codd.
672 423 710 456 et
735 422 829 466 edd,
857 422 927 457 del.
948 422 1102 457 Franck.
1129 434 1164 467 p.
1187 426 1254 458 223
1276 434 1347 466 ex,
1375 423 1424 457 ad

83 480 117 512 p.
139 472 194 503 20.
209 472 263 503 32.
286 489 329 494 -
349 468 387 504 P.
410 473 487 503 101.
504 472 547 502 22
574 480 644 504 sese
665 489 708 494 ·-
729 471 927 505 conlocarit
952 469 1022 504 del.
1045 469 1200 504 Schoell.
1221 482 1256 514 p.
1272 474 1339 505 551
1356 482 1422 514 sq„

83 516 274 550 conlocans
298 516 430 550 Baehr.
450 527 485 560 p.
507 519 569 557 5ος
597 515 753 550 eandem
779 516 854 550 vim
878 516 994 551 habet
1019 517 1147 560 asynd.
1175 518 1359 553 collocarit
1378 538 1423 543 —-

85 564 296 598 instituerit.
317 583 360 588 —
386 562 425 598 P.
448 567 525 598 101.
541 566 587 596 24
611 562 772 607 primum
796 565 827 598 si
853 575 922 598 om.
943 563 1073 607 Klotz,
1099 564 1209 608 Kays.
1235 563 1356 608 inviti,
1381 566 1424 599 ut

82 608 223 653 opinor.
251 630 295 635 -
320 609 372 644 Ib.
401 621 453 654 sq.
479 611 602 653 faciet
628 631 671 635 -
696 615 803 655 yeret
828 611 933 645 codd.
959 610 1121 655 PEGH,
1153 610 1227 645 nisi
1253 611 1352 655 quod
1377 611 1424 646 Pl

84 657 192 700 facit,
229 657 345 700 faciat
370 677 415 682 —
439 661 541 703 yerat
572 656 643 691 duo
675 658 797 691 tresve
831 657 987 702 Oxonn.,
1021 657 1112 692 Bak.
1144 670 1178 703 p.
1207 663 1291 702 303,
1329 669 1422 693 recc.

83 702 184 745 edd.;
217 705 428 749 patefecerit
457 716 490 738 v.
517 707 559 738 21
588 705 655 738 etc.
683 706 725 738 ut
754 705 865 748 faciet
895 704 1020 738 futura
1052 715 1132 739 esse
1163 707 1271 749 puto,
1309 706 1424 749 fuerit

82 761 115 785 V.
137 754 182 785 30
207 752 250 785 ut
273 752 439 786 videatur
469 750 753 785 coniunctivum.
781 772 824 776 —
850 751 888 786 P.
912 755 988 787 101.
1004 755 1046 786 27
1069 763 1121 796 sq.
1148 754 1265 797 aquis,
1289 754 1424 799 navia,

82 808 181 832 conv.
211 797 281 833 del.
310 797 466 833 Schoell.
499 810 534 842 p.
556 801 641 840 552,
672 798 803 833 Baehr.
830 810 865 843 p.
887 803 930 832 50
957 810 1010 842 sq.
1041 800 1225 834 oculorum
1255 801 1358 835 modo
1392 805 1425 835 et

82 844 143 879 lib.
168 856 288 888 serm,
312 846 374 880 sed
398 847 506 880 etiam
531 846 674 890 compl„
699 847 986 890 osculatzssoneque
1010 847 1052 880 in
1075 847 1312 882 salutatione.-
1343 859 1425 882 cum

82 891 160 926 hac.
181 911 224 916 —
243 891 282 926 P.
305 896 382 927 101.
398 896 442 926 28
463 903 516 935 sq.
542 893 603 926 sed
628 894 735 926 etiam
755 897 927 937 proterva
950 895 1119 928 merctrioe
1144 893 1249 928 codd.
1269 893 1349 928 WS
1372 894 1425 928 ‘et

84 936 229 981 aliquot
248 938 354 973 dett.’
380 938 512 983 (Palat.
529 942 547 972 1
568 938 704 973 nomin.
726 938 856 984 Grut.>,
883 950 952 974 om.
973 941 1059 983 post
1076 942 1245 975 meretrix
1264 940 1423 984 PEGH,

82 984 220 1019 Palatt.
242 989 280 1028 2,
307 990 344 1028 3,
370 989 409 1029 4,
436 989 456 1019 9
489 984 653 1028 Gruteri,
688 985 812 1020 ‘lectio
843 997 908 1030 pro
941 986 1198 1030 supplemento
1228 987 1424 1032 prudentis

83 1030 241 1066 alicuius
267 1032 355 1066 Itali
379 1032 567 1066 habenda'
596 1031 744 1066 videtur
767 1032 933 1076 Halmio,
966 1033 1213 1068 Baehrensius
1241 1034 1350 1068 ‘nihil
1375 1035 1425 1068 ad

84 1089 162 1113 rem
192 1078 342 1113 referre’
377 1081 502 1123 putat,
538 1079 653 1122 ‘quod
691 1079 805 1113 etiam
842 1090 980 1124 procax
1017 1082 1130 1124 atque
1167 1083 1342 1125 proterva
1375 1081 1425 1116 sit

83 1125 286 1160 meretrix’.
324 1126 396 1160 Vel
425 1125 523 1160 inter
553 1125 765 1160 meretrices
795 1126 1025 1171 procacitate
1058 1127 1236 1162 excellere
1270 1128 1423 1171 dicitur-3

83 1184 115 1206 V.
141 1172 296 1207 Franck.
322 1184 357 1217 p.
379 1175 457 1208 213.
484 1193 528 1198 -—
554 1173 592 1208 P.
615 1176 753 1208 102.10
780 1175 828 1208 ad
852 1175 948 1208 hunc
972 1175 1112 1217 defend.
1140 1185 1206 1209 scr.
1227 1175 1276 1208 ad
1295 1175 1422 1220 Pomp.

82 1231 117 1264 p.
140 1222 254 1254 79.15
286 1221 324 1254 et
354 1221 441 1254 ante
471 1219 548 1253 iam
581 1219 663 1263 alii,
702 1224 736 1255 et
770 1222 855 1256 huic
891 1222 1154 1264 defendendum
1191 1223 1426 1265 (defendendi

83 1265 173 1301 HG2
182 1266 220 1311 S)
240 1266 357 1310 codd,
384 1278 467 1301 cum
487 1277 592 1301 cruce
612 1266 746 1310 Halm,
771 1269 804 1303 ei
827 1268 887 1302 sui
909 1269 1125 1311 defendendi
1142 1268 1266 1304 Madv.
1286 1281 1321 1313 p.
1341 1273 1423 1313 400,

82 1312 219 1357 Klotz.,
251 1313 361 1357 Kays.
411 1314 530 1349 Nobis
554 1315 633 1348 tam
657 1313 769 1348 facile
793 1314 975 1359 repetitur
1000 1326 1019 1349 e
1044 1327 1077 1350 v.
1099 1319 1120 1350 8
1146 1326 1258 1359 quam
1283 1321 1350 1351 tua
1375 1316 1425 1350 ad

82 1362 222 1442 3122325}
239 1371 283 1441 εἰ
303 1360 914 1453 321.‘'ffaffssssffidfieiaffbsss‘ifflff
925 1361 1279 1454 osm‘ffhssfiflinpgpffii
1292 1375 1423 1445 stau—0

85 1453 193 1488 unius
214 1465 340 1488 versus
367 1456 405 1489 et
430 1454 587 1498 dimidii,
612 1454 737 1489 inclin.
757 1454 894 1490 litteris
921 1467 987 1490 scr.
1008 1455 1130 1491 Halm.
1152 1459 1189 1491 et
1207 1457 1330 1501 Kays„
1358 1457 1424 1492 sed

83 1512 215 1536 awrum
239 1505 327 1536 tum
351 1503 436 1537 iret
460 1501 634 1545 P2EGH,
660 1501 803 1546 Pa11.4,
824 1506 856 1546 9,
884 1502 1028 1537 S.Vict.
1051 1502 1199 1538 Gruteri
1225 1503 1316 1548 (Pal.
1338 1508 1358 1539 5
1386 1506 1424 1539 et

87 1551 130 1582 18
152 1547 289 1582 ‘adhuc
308 1560 439 1584 aurum
459 1548 684 1593 abjiciunt’),
711 1561 843 1584 aurum
862 1551 973 1584 obiret
991 1550 1050 1593 W,
1077 1563 1157 1586 aur.
1178 1555 1254 1586 tum
1272 1557 1424 1587 sumeret

85 1593 109 1628 S
123 1594 228 1638 coni.,
242 1594 382 1639 opinor,
398 1597 436 1630 et
452 1595 505 1630 sic
517 1595 648 1639 motz„
665 1595 787 1639 Kays.,
807 1607 890 1630 cum
907 1607 1013 1631 cruce
1026 1597 1160 1641 Hahn.,
1178 1610 1258 1633 aur.
1272 1603 1425 1634 sumeret

84 1640 239 1676 Franck.
264 1653 299 1685 p.
321 1646 400 1686 213,
433 1654 512 1677 aur.
537 1648 702 1678 mutuum
726 1654 814 1678 sum.
835 1642 994 1688 Weisk,
1026 1656 1105 1679 aur.
1131 1646 1243 1680 servis
1273 1646 1424 1680 obiceret

85 1687 178 1722 coni.
200 1687 355 1722 Schoell.
376 1700 411 1733 p.
427 1692 513 1731 5483
540 1689 684 1724 scrbnd.
698 1688 847 1724 videtur
865 1702 956 1725 auro
974 1695 1144 1726 uteretur.
1166 1712 1209 1717 —
1229 1691 1268 1726 P.
1285 1696 1362 1727 102.
1379 1696 1423 1727 26

84 1736 321 1769 conscientiae
347 1735 417 1770 del.
443 1735 487 1770 H.
514 1736 694 1771 Schwarz.
719 1747 841 1781 progr.
867 1736 1037 1772 Hirschb.
1063 1741 1153 1772 1883
1178 1750 1213 1782 p.
1236 1742 1290 1782 10,
1323 1739 1423 1782 quod

88 1779 228 1816 ‘Caelio
267 1781 314 1815 ab
352 1782 630 1817 accusatoribus
666 1794 741 1817 non
773 1782 813 1817 id
845 1783 991 1818 crimini
1022 1784 1151 1818 datum
1189 1786 1284 1828 erat,
1323 1785 1425 1829 quod

86 1838 209 1862 servos
235 1827 383 1862 Lucceii
415 1828 463 1862 ad
487 1828 644 1864 Dionem
672 1830 881 1864 necandum
913 1830 1107 1864 sollicitari
1139 1831 1324 1875 scivisset,
1358 1832 1426 1866 sed

85 1875 185 1918 quod
215 1873 295 1919 ipse
328 1885 389 1909 eos
422 1875 733 1917 solh'citavisset’3
766 1878 888 1911 dando
913 1888 978 1921 pro
1005 1879 1122 1912 eodem
1146 1877 1277 1913 Baehr.
1303 1890 1338 1922 p.
1366 1882 1422 1914 51.

88 1921 333 1957 Conscientiae
353 1924 411 1956 est
431 1921 501 1956 ‘als
515 1921 781 1966 Mitwisserin’,
801 1922 967 1957 brevitur
986 1923 1126 1958 dictum
1147 1924 1271 1967 quasi:
1293 1925 1425 1960 eodem

86 1978 125 2002 se
152 1967 289 2003 scelere
308 1968 475 2003 devinxit
497 1968 563 2012 ita,
588 1971 632 2003 ut
655 1969 903 2004 conscientiae
926 1970 1063 2005 scelere
1084 1981 1122 2005 se
1143 1971 1356 2007 devinciret.
1377 1993 1423 1998 —-

85 2015 124 2050 P.
152 2018 229 2050 102.
245 2018 289 2050 29
317 2027 369 2060 sq.
401 2028 434 2051 V.
468 2017 516 2051 ad
552 2027 670 2051 ‘necem
707 2017 816 2061 leqati
852 2016 965 2051 miror
1002 2017 1049 2052 ab
1085 2028 1157 2052 uno
1188 2018 1307 2053 Bakio
1339 2019 1424 2054 tolli

85 2073 120 2106 p.
142 2065 222 2106 303,
248 2063 297 2097 ad
319 2074 392 2098 nec.
414 2064 548 2098 scilicet
573 2064 636 2108 leq.
657 2062 692 2096 H
711 2065 749 2097 et
770 2063 892 2099 ‘Bai-b.
914 2075 996 2098 cum
1016 2064 1186 2099 omnibus
1212 2067 1299 2100 ante
1318 2065 1421 2102 Grut.

86 2107 208 2152 editis,
229 2108 293 2152 qui
313 2109 428 2144 codex
447 2109 562 2144 habet
580 2111 773 2154 praeterea
794 2111 1095 2155 superscriptum,
1114 2113 1250 2147 scilicet
1268 2113 1420 2148 Dionis’

87 2154 259 2199 (Garat),
290 2155 422 2191 Baehr.
454 2168 489 2201 p.
517 2161 561 2192 38
585 2156 634 2191 in.
662 2177 705 2182 —
730 2156 769 2192 P.
793 2160 870 2192 103.
886 2161 905 2191 2
933 2160 1042 2203 petiit
1070 2169 1137 2202 pro
1169 2160 1267 2194 dedit
1290 2160 1422 2204 Pluyg.

85 2201 159 2236 Mn.
181 2206 270 2237 1881
297 2214 332 2247 p.
355 2206 419 2237 141
453 2203 498 2238 cf.
532 2215 566 2248 p.
595 2206 672 2238 104.
687 2207 731 2238 26
761 2216 850 2239 mim
877 2205 1032 2249 petivit?
1063 2204 1156 2250 (scil.
1182 2205 1342 2252 Clodia);
1376 2206 1421 2241 cf.

85 2247 209 2292 potius
228 2261 263 2293 p.
279 2252 356 2284 102.
369 2253 424 2285 25.
443 2271 487 2276 -
506 2250 544 2285 P.
563 2254 639 2285 103.
652 2253 696 2284 26
717 2262 770 2294 sq.
789 2252 965 2287 hominem
983 2256 1016 2287 et
1033 2253 1285 2297 yravissimum
1302 2258 1422 2288 testem

86 2294 184 2339 vulg.
206 2295 288 2330 edd.
310 2295 388 2330 sine
407 2296 539 2342 interp.
561 2307 580 2331 6
601 2296 718 2342 codd.,
743 2299 847 2342 hom„
870 2310 970 2344 yrav.
991 2303 1027 2343 t.,
1054 2298 1124 2334 del.
1145 2304 1187 2344 et,
1208 2299 1279 2345 Or.‚
1298 2300 1422 2336 Halm.
1441 2332 1450 2350 ⁸
