1671 2543
215 100 270 141 ’76
367 100 419 134 IN
444 100 483 135 P.
508 99 752 135 VATINIUM
776 99 965 135 TESTEM
988 99 1367 136 INTERROGATIO.

213 208 347 262 citiis,
385 210 586 262 suscepta
625 222 769 262 causa,
808 208 1050 262 quaesitore
1089 208 1353 263 consilioque
1386 208 1551 251 delecto

212 267 550 309 commodiorem
574 266 748 307 inimico
776 280 852 308 suo
873 266 1167 308 condicionem
1186 267 1431 309 reiectionis
1451 267 1552 308 dare

211 326 415 367 noluisse.
476 324 599 366 Nihil
631 324 845 366 Maximus
882 324 986 367 fecit
1024 325 1212 366 alienum
1249 328 1325 367 aut
1362 340 1439 367 sua
1472 326 1552 367 vir-

212 387 306 425 tute
340 387 414 425 aut
445 384 532 424 illis
565 383 668 424 viris
696 383 959 438 clarissimis,
990 383 1149 437 Paulis,
1180 383 1408 439 Maxumis,
1439 384 1552 426 Afri-

214 443 349 496 canis,
389 456 572 496 quorum
610 442 795 497 gloriam
831 442 958 484 huius
990 443 1152 484 virtute
1184 445 1435 485 renovatam
1465 458 1553 485 non
1588 454 1606 480 5

213 501 339 543 modo
373 515 606 555 speramus,
637 515 785 542 verum
811 500 942 542 etiam
966 501 1054 542 iam
1079 502 1291 557 videmus3
1322 504 1398 544 tua
1422 501 1553 556 fraus,

216 563 338 601 tuum
369 560 646 613 maleficium,
685 562 808 600 tuum
840 560 978 601 scelus
1009 560 1116 601 illud
1148 563 1231 614 est,
1268 563 1311 602 te
1342 561 1403 614 id,
1438 561 1553 615 quod

212 618 535 673 promulgasses
585 618 904 660 misericordiae
946 619 1137 672 nomine,
1187 619 1241 660 ad
1285 619 1552 660 crudelitatis

212 680 383 731 tempus
417 676 648 718 distulisse.
702 676 768 718 Ac
798 691 910 718 nunc
943 677 1114 731 quidem
1146 676 1190 720 C.
1222 677 1439 719 Antonius
1470 678 1552 719 hac

213 750 298 776 una
316 749 361 776 re
382 735 601 776 miseriam
621 750 743 776 suam
765 735 1024 789 consolatur,
1051 736 1164 790 quod
1182 736 1394 791 imagines
1413 736 1551 791 patris
1574 749 1608 774 10

213 797 257 835 et
288 794 436 835 fratris
469 794 535 835 sui
566 794 799 848 fratrisque
831 794 965 835 filiam
995 809 1083 835 non
1113 795 1159 835 in
1189 794 1372 849 familia,
1405 795 1478 836 sed
1508 795 1554 836 in

148 885 199 926 12
214 867 383 894 carcere
416 853 686 894 conlocatam
719 852 864 893 audire
896 853 1050 894 maluit
1081 867 1211 907 quam
1240 854 1394 895 videre.

153 945 197 976 29
300 911 361 952 Et
405 911 608 965 quoniam
650 911 853 965 pecunias
898 912 1080 953 aliorum
1123 912 1326 966 despicis,
1371 912 1421 953 de
1465 911 1553 953 tuis

213 969 375 1010 divitiis
414 970 798 1011 intolerantissime
838 970 1056 1025 gloriaris,
1092 970 1210 1024 volo,
1246 971 1312 1012 uti
1354 971 1461 1012 mihi
1492 984 1553 1012 re-

212 1028 442 1082 spondeas,
479 1028 686 1070 fecerisne
717 1028 891 1070 foedera
921 1029 1121 1070 tribunus
1152 1029 1209 1083 pl.
1242 1044 1339 1071 cum
1371 1029 1554 1071 civitati·
1574 1041 1606 1067 15

212 1087 306 1141 bus,
338 1101 434 1128 cum
460 1087 648 1141 regibus,
681 1102 777 1128 cum
804 1088 1045 1141 tetrarchis,
1078 1088 1325 1143 erogarisne
1350 1088 1552 1142 pecunias

213 1159 263 1186 ex
291 1145 455 1186 aerario
484 1145 569 1186 tuis
595 1146 777 1200 legibus,
810 1146 1070 1199 eripuerisne
1095 1147 1232 1200 partis
1258 1147 1333 1188 illo
1360 1149 1553 1201 tempore

213 1203 459 1245 carissimas
508 1204 669 1257 partim
713 1218 738 1244 a
782 1202 980 1257 Caesare,
1029 1205 1189 1259 partim
1233 1219 1258 1246 a
1300 1205 1554 1259 publicanis.

215 1262 332 1310 Quae
366 1276 463 1303 cum
494 1262 557 1302 ita
582 1262 680 1316 sint,
714 1276 871 1315 quaero
899 1277 949 1303 ex
975 1266 1030 1316 te,
1062 1263 1176 1304 sisne
1203 1277 1254 1304 ex
1278 1264 1551 1318 pauperrimo

214 1320 331 1361 dives
363 1319 503 1361 factus
536 1320 611 1361 illo
643 1320 737 1374 ipso
771 1335 893 1374 anno,
927 1335 1009 1374 quo
1041 1321 1110 1362 lex
1141 1321 1232 1362 lata
1263 1325 1330 1363 est
1355 1323 1405 1363 de
1429 1337 1553 1376 pecu·
1573 1335 1608 1361 20

212 1378 297 1419 niis
330 1379 577 1432 repetundis
605 1379 823 1432 acerrima,
849 1382 898 1419 ut
925 1394 1072 1420 omnes
1098 1380 1349 1435 intellegere
1374 1384 1554 1435 possent

214 1451 240 1477 a
270 1439 312 1476 te
342 1450 431 1477 non
462 1437 590 1478 modo
621 1440 771 1478 nostra
802 1440 909 1491 acta,
942 1452 1049 1492 quos
1076 1441 1282 1492 tyrannos
1307 1453 1448 1493 vocaS,
1480 1439 1554 1481 sed

214 1495 346 1536 etiam
385 1495 637 1536 amicissimi
673 1495 738 1536 tui
775 1495 915 1551 legem
954 1510 1046 1537 esse
1086 1500 1396 1552 contemptam3
1441 1498 1553 1552 apud

215 1567 342 1606 quem
385 1556 433 1594 tu
472 1554 604 1594 etiam
640 1568 718 1595 nos
758 1554 977 1595 criminari
1016 1555 1146 1608 soles,
1191 1556 1264 1609 qui
1302 1556 1367 1597 illi
1405 1571 1552 1598 sumus

214 1611 477 1665 amicissimi,
510 1626 607 1653 cum
638 1615 686 1653 tu
719 1612 757 1653 ei
788 1613 1221 1655 contumeliosissime
1253 1615 1415 1656 totiens
1441 1615 1552 1656 male
1572 1628 1605 1653 25

214 1670 348 1723 dicas,
381 1670 580 1723 quotiens
613 1673 655 1711 te
687 1671 752 1711 illi
785 1672 969 1713 adfinem
1001 1686 1093 1713 esse
1127 1673 1244 1714 dicis.

155 1733 200 1764 30
302 1728 446 1782 Atque
467 1729 599 1769 etiam
617 1729 725 1770 illud
745 1730 853 1771 scire
875 1745 925 1771 ex
944 1733 986 1771 te
1008 1731 1146 1785 cupio,
1172 1745 1256 1785 quo
1278 1731 1456 1773 consilio
1478 1735 1553 1774 aut

214 1800 298 1840 qua
312 1789 455 1828 mente
468 1786 632 1841 feceris,
651 1791 701 1828 ut
714 1788 759 1829 in
773 1789 897 1843 epulo
915 1788 1084 1843 Q.Arri,
1103 1789 1330 1831 familiaris
1345 1790 1442 1845 mei,
1456 1805 1552 1832 cum

214 1848 318 1900 toga
348 1845 468 1898 pulla
499 1846 791 1902 accumberes3
829 1862 955 1901 quem
985 1862 1191 1902 umquam
1223 1849 1394 1903 videris,
1427 1863 1553 1903 quem

214 1903 418 1957 audieris3
444 1919 527 1958 quo
556 1905 763 1959 exemplo,
790 1920 874 1959 quo
895 1920 1012 1947 more
1033 1906 1196 1948 feceris.
1245 1906 1373 1948 Dices
1395 1908 1551 1962 suppli·
1571 1919 1607 1945 30

213 1962 404 2003 cationes
431 1965 474 2004 te
500 1963 597 2004 illas
623 1978 710 2004 non
728 1965 947 2018 probasse.
998 1964 1204 2020 Optume;
1229 1966 1371 2007 nullae
1390 1965 1552 2007 fuerint

215 2020 564 2073 supplicationes.
625 2021 811 2064 Videsne
837 2037 905 2064 me
930 2023 1039 2064 nihil
1066 2024 1117 2065 de
1144 2024 1244 2065 anni
1268 2024 1385 2064 illius
1412 2038 1551 2076 causa,

210 2078 321 2118 nihil
348 2079 398 2120 de
424 2093 486 2132 eo,
513 2080 627 2133 quod
652 2080 735 2121 tibi
761 2095 984 2122 commune
1011 2096 1108 2123 cum
1134 2082 1312 2123 summis
1332 2082 1436 2123 viris
1457 2096 1549 2123 esse

211 2135 419 2190 videatur,
446 2138 519 2179 sed
545 2138 594 2179 de
615 2138 701 2178 tuis
722 2140 908 2193 propriis
930 2140 1160 2181 sceleribus
1181 2154 1233 2180 ex
1252 2143 1295 2181 te
1316 2141 1550 2193 quaerere?

212 2192 347 2235 Nulla
378 2196 636 2249 supplicatio
667 2196 810 2237 fuerit.
873 2197 1000 2252 Cedo,
1032 2198 1128 2252 quis
1156 2212 1361 2251 umquam
1388 2199 1550 2240 cenarit
1569 2209 1602 2236 3⁵

147 2286 199 2326 13
214 2254 392 2293 atratus.
447 2254 516 2295 Ita
541 2254 653 2295 enim
678 2255 785 2296 illud
811 2256 984 2309 epulum
1010 2259 1076 2297 est
1101 2256 1290 2310 funebre,
1321 2259 1370 2297 ut
1395 2271 1550 2299 munus

154 2344 198 2375 31
214 2309 272 2350 sit
297 2309 470 2366 funeris,
497 2313 645 2366 epulae
673 2313 843 2366 quidem
868 2314 986 2368 ipsae
1007 2314 1244 2369 dignitatis.
1291 2313 1373 2355 Sed
1393 2316 1549 2357 omitto
