1671 2543
234 84 324 127 184
619 84 672 119 IN
697 86 737 121 L.
763 84 977 119 PISONEM
1003 84 1189 120 ORArio.

235 194 464 248 quisquam
496 193 678 235 audierit
709 195 783 234 aut
814 193 867 233 ad
891 207 982 234 rem
1007 193 1232 247 pertineat,
1265 207 1349 247 qua
1372 194 1422 234 tu
1445 195 1572 247 porta

232 253 461 306 introieris,
487 256 614 293 modo
639 267 690 293 ne
717 251 980 305 triumphali,
1007 266 1113 306 quae
1139 254 1266 306 porta
1284 250 1570 292 Macedonicis

234 326 401 365 semper
424 311 671 352 consulibus
693 312 789 351 ante
804 313 847 351 te
860 310 1019 364 patuit,
1039 313 1087 352 tu
1101 310 1299 351 inventus
1314 324 1370 363 es,
1389 309 1462 363 qui
1476 323 1572 351 con-

164 398 191 439 2
194 398 221 438 4
235 370 367 411 sulari
385 370 565 423 imperio
585 369 804 423 praeditus
825 383 875 410 ex
895 368 1146 410 Macedonia
1164 383 1252 410 non
1270 368 1570 422 triumphares.

175 459 219 489 5ss
324 428 383 469 At
421 428 617 480 audistis,
654 430 798 481 patres
836 428 1085 481 conscripti,
1122 427 1371 482 philosophi
1408 441 1567 468 vocem.
1603 444 1620 470 5

235 486 425 542 Negavit
446 501 489 527 se
510 486 719 540 triumphi
741 486 940 540 cupidum
959 501 1164 539 umquam
1183 486 1328 527 fuisse.
1371 484 1404 527 Ο
1421 485 1572 540 scelus,

236 560 260 587 o
282 546 428 600 pestis,
455 560 479 586 o
500 546 636 586 labes!
683 543 791 586 Cum
811 545 1113 599 exstinguebas
1134 547 1340 598 senatum,
1359 544 1571 585 vendebas

236 605 540 646 auctoritatem
571 604 698 644 huius
731 603 904 656 ordinis,
936 603 1161 645 addicebas
1192 603 1366 644 tribuno
1392 603 1449 656 pl.
1476 617 1572 644 con-

236 664 423 705 sulatum
449 665 582 716 tuum,
608 677 698 703 rem
717 662 935 716 publicam
954 663 1186 716 evertebas,
1211 662 1423 716 prodebas
1444 663 1572 715 caput

236 724 280 764 et
318 722 500 763 salutem
538 736 677 762 meam
714 735 799 762 una
832 721 1023 762 mercede
1055 720 1317 775 provinciae,
1356 720 1392 761 si
1424 720 1572 761 trium-
1593 737 1624 758 ιο

235 780 372 835 phum'
405 795 493 821 non
530 780 749 833 cupiebas,
792 779 911 821 cuius
949 778 1122 820 tandem
1158 782 1200 820 te
1238 778 1300 820 rei
1338 778 1570 832 cupiditate

236 839 391 880 arsisse
437 838 665 879 defendes?
723 836 857 892 Saepe
896 838 1009 879 enim
1046 838 1150 891 vidi,
1195 837 1267 891 qui
1306 839 1349 878 et
1385 837 1493 878 mihi
1529 839 1573 878 et

236 898 388 939 ceteris
446 897 685 951 cupidiores
740 897 984 951 provinciae
1039 897 1300 949 viderentur,
1362 895 1571 949 triumphi

186 953 195 963 '
234 956 406 998 nomine
445 959 589 1011 tegere
629 958 756 1009 atque
794 956 931 997 celare
970 955 1248 1009 cupiditatem
1287 969 1420 995 suam.
1476 953 1571 995 Hoc

235 1015 286 1056 D.
324 1013 494 1056 Silanus
539 1014 687 1056 consul
730 1014 776 1055 in
817 1014 901 1055 hoc
945 1014 1109 1067 ordine,
1152 1014 1235 1055 hoc
1279 1027 1398 1054 meus
1442 1013 1572 1054 etiam
1591 1029 1624 1056 15

235 1074 401 1128 collega
439 1073 619 1114 dicebat.
682 1069 832 1127 Neque
871 1073 985 1114 enim
1024 1072 1250 1126 quisquam
1284 1073 1428 1125 potest
1459 1085 1573 1112 exer-

236 1133 369 1174 citum
402 1146 553 1186 cupere
583 1134 812 1186 aperteque
838 1134 995 1185 petere,
1026 1134 1075 1172 ut
1098 1146 1186 1172 non
1210 1132 1433 1184 praetexat
1460 1130 1572 1184 cupi-

178 1202 221 1233 57
237 1191 415 1232 ditatem
470 1190 690 1243 triumphi.
772 1190 933 1238 Quodsi
989 1192 1031 1231 te
1081 1192 1254 1231 senatus
1303 1189 1571 1243 populusque

235 1249 456 1290 Romanus
495 1251 569 1289 aut
605 1262 692 1289 non
731 1251 1005 1302 appetentem
1037 1250 1111 1289 aut
1143 1248 1272 1289 etiam
1304 1249 1572 1288 recusantem

234 1308 397 1349 bellum
439 1307 674 1360 suscipere,
711 1307 944 1347 exercitum
976 1306 1127 1347 ducere
1160 1306 1389 1360 coegisset,
1426 1307 1572 1346 tamen
1591 1322 1626 1347 ρο

236 1368 328 1407 erat
383 1365 557 1420 angusti
613 1365 745 1405 animi
800 1367 927 1418 atque
984 1364 1157 1405 demissi
1209 1364 1312 1405 iusti
1362 1363 1572 1417 triumphi

234 1424 443 1466 honorem
470 1423 810 1478 dignitatemque
837 1425 1118 1464 contemnere.
1169 1421 1282 1464 Nam
1307 1424 1356 1463 ut
1381 1422 1571 1463 levitatis

236 1485 302 1524 est
333 1483 504 1523 inanem
536 1482 738 1536 aucupari
764 1496 979 1523 rumorem
1005 1484 1048 1522 et
1074 1482 1213 1523 omnis
1238 1482 1413 1522 umbras
1441 1481 1571 1522 etiam

234 1541 368 1582 falsae
407 1540 569 1595 gloriae
608 1541 860 1593 consectari,
904 1541 965 1581 sic
998 1543 1063 1581 est
1096 1540 1236 1592 [levis]
1270 1539 1402 1580 animi
1432 1539 1571 1581 lucem

236 1599 589 1653 splendoremque
608 1598 814 1654 fugientis
833 1599 992 1640 iustam
1013 1599 1207 1654 gloriam,
1229 1598 1302 1652 qui
1322 1600 1388 1639 est
1405 1597 1570 1639 fructus
1590 1615 1625 1641 25

236 1673 359 1699 verae
385 1658 558 1699 virtutis
584 1657 927 1711 honestissimus,
953 1657 1188 1711 repudiare.
1232 1656 1341 1699 Cum
1366 1671 1465 1698 vero
1484 1671 1572 1698 non

236 1717 363 1758 modo
394 1731 482 1757 non
512 1716 759 1770 postulante
792 1719 920 1770 atque
954 1719 1144 1770 cogente,
1177 1716 1250 1756 sed
1280 1715 1416 1757 invito
1443 1717 1571 1769 atque

237 1787 443 1829 oppresso
465 1777 627 1828 senatu,
652 1789 739 1816 non
758 1775 884 1816 modo
904 1775 1022 1816 nullo
1043 1774 1193 1829 populi
1211 1773 1395 1815 Romani
1417 1773 1571 1827 studio,

237 1834 311 1875 sed
340 1834 462 1875 nullo
494 1833 657 1874 ferente
690 1833 941 1888 suffragium
967 1834 1104 1875 libero
1135 1833 1356 1887 provincia
1380 1832 1463 1874 tibi
1486 1832 1572 1873 ista

236 1892 554 1946 manupretium
591 1892 721 1933 fuerit
761 1893 882 1944 [non]
922 1906 1092 1933 eversae
1127 1906 1203 1946 per
1233 1893 1276 1932 te
1308 1893 1350 1932 et
1379 1890 1571 1945 perditae
1590 1906 1626 1932 3⁰

237 1951 436 2003 civitatis,
463 1965 642 2004 cumque
670 1951 860 1992 omnium
883 1954 1057 1992 tuorum
1077 1950 1284 1992 scelerum
1303 1949 1409 1990 haec
1427 1949 1570 2003 pactio

237 2010 464 2061 exstiterit,
490 2012 549 2062 ut,
575 2009 613 2051 si
633 2012 681 2050 tu
700 2012 838 2050 totam
858 2024 948 2050 rem
967 2009 1184 2063 publicam
1202 2007 1378 2049 nefariis
1397 2007 1571 2048 latroni-

236 2068 317 2109 bus
355 2068 622 2121 tradidisses,
659 2067 911 2109 Ma-cedonia
945 2068 1027 2109 tibi
1059 2067 1112 2109 ob
1147 2081 1240 2108 eam
1271 2080 1377 2120 rem,
1415 2065 1570 2119 quibus

237 2129 285 2167 tu
311 2126 438 2167 velles
459 2126 628 2180 finibus,
649 2126 907 2167 traderetur:
933 2141 1030 2168 cum
1050 2125 1328 2167 exhauriebas
1349 2123 1571 2178 aerarium,

238 2199 334 2225 cum
361 2184 544 2226 orbabas
564 2184 739 2225 Italiam
763 2185 995 2238 iuventute,
1021 2198 1118 2226 cum
1143 2197 1258 2224 mare
1277 2182 1572 2223 vastissimum
1589 2197 1625 2224 35

236 2242 376 2283 hieme
409 2243 637 2296 transibas,
669 2243 705 2284 si
738 2243 1006 2297 triumphum
1038 2241 1351 2293 contemnebas,
1384 2254 1490 2294 quae
1516 2243 1572 2294 te,

237 2301 394 2354 praedo
429 2301 739 2356 amentissime,
772 2301 857 2342 nisi
888 2301 1068 2355 praedae
1101 2315 1150 2342 ac
1181 2299 1427 2353 rapinarum
1459 2299 1572 2353 cupi-
