1671 2543
517 384 580 462 Μ.
619 413 807 462 TULLI
844 413 1175 462 clcnssoms

177 547 311 602 PRO
343 546 534 601 REGE
566 546 917 601 DEIOTARO
949 545 1043 600 AD
1078 545 1132 600 C.
1161 545 1523 602 CAESAREM

720 663 989 718 ORATIO.

644 871 1046 935 §ARGUMENTUM

271 984 486 1028 Deiotarus,
526 983 809 1028 Gallograeciae
847 983 925 1018 sive
958 983 1132 1019 Galatiae
1162 984 1387 1028 tetrarches,
1425 983 1526 1029 quod

178 1043 324 1067 summa
354 1032 427 1067 fide
459 1031 509 1066 ad
538 1031 720 1076 populum
745 1031 954 1066 Romanum
986 1042 1066 1066 sese
1098 1030 1372 1076 applicaverat,
1405 1041 1429 1066 a
1460 1030 1525 1066 Cn.

177 1079 355 1125 Pompeio
388 1077 588 1114 Armeniae
624 1077 780 1113 minoris
818 1089 934 1123 regno
972 1078 1132 1113 donatus
1171 1080 1210 1113 et
1246 1089 1270 1113 a
1301 1078 1433 1113 senatu
1462 1088 1528 1113 rex

180 1127 394 1172 appellatus
427 1127 517 1161 erat.
571 1124 644 1160 Sed
675 1136 759 1160 cum
791 1125 890 1160 bello
924 1125 1027 1160 civili
1052 1127 1148 1161 inter
1167 1124 1230 1160 Cn.
1251 1125 1471 1170 Pompeium
1489 1125 1529 1160 et

179 1173 216 1209 C.
245 1174 441 1208 Caesarem
466 1173 594 1208 exorto
620 1171 774 1216 Pompei
798 1174 923 1216 partes
951 1174 1098 1207 secutus
1125 1173 1239 1215 esset,
1267 1171 1403 1207 Caesar
1426 1171 1527 1206 bello

179 1220 431 1255 Alexandrino
471 1219 678 1263 composito
714 1219 754 1253 in
791 1219 919 1254 Asiam
949 1220 1138 1264 profectus
1169 1219 1379 1262 Pharnace,
1416 1217 1528 1253 Ponti

179 1278 283 1311 rege,
324 1268 499 1311 superato
530 1265 750 1300 Deiotarum
781 1277 895 1310 regno
928 1265 1126 1301 Armeniae
1158 1266 1349 1308 multavit,
1380 1266 1528 1310 partem

180 1313 458 1359 possessionum
484 1314 522 1347 et
546 1323 681 1347 nomen
701 1313 846 1356 regium
865 1312 1027 1356 reliquit.
1074 1312 1145 1347 Sed
1166 1312 1281 1347 etiam
1301 1311 1528 1347 domesticae

180 1360 401 1395 inimicitiae
439 1359 590 1394 fuerunt
626 1358 803 1393 Deiotaro
842 1371 925 1393 cum
961 1370 1098 1403 genero
1138 1370 1220 1402 suo,
1264 1358 1528 1402 Saocondario,

182 1409 335 1451 eiusque
360 1405 454 1449 filio,
486 1406 624 1450 nepote
648 1405 834 1449 Deiotari,
868 1406 1036 1449 Castore,
1064 1405 1128 1449 qui
1155 1416 1238 1440 eum
1262 1405 1402 1440 Romae
1429 1405 1529 1451 apud

182 1454 219 1490 C.
253 1453 448 1488 Caesarem
479 1452 701 1486 dictatorem
734 1463 829 1486 anno
862 1464 899 1497 p.
931 1464 965 1488 u.
1000 1465 1029 1487 e.
1063 1457 1129 1488 709
1157 1451 1196 1494 Q.
1224 1452 1340 1487 Fabio
1366 1452 1528 1487 Maximo

183 1500 220 1538 C.
245 1499 430 1535 Trebonio
456 1510 549 1534 coss.
577 1498 740 1534 suffectis
767 1510 870 1534 reum
895 1499 1074 1542 fecerunt,
1101 1499 1200 1543 quod
1225 1499 1300 1544 ipsi
1319 1498 1355 1534 C.
1378 1498 1530 1534 Caesari

184 1548 282 1592 apud
316 1558 371 1589 se,
407 1558 491 1581 cum
517 1548 617 1580 esset
641 1546 680 1580 in
706 1545 797 1580 Asia
822 1546 970 1581 devicto
997 1546 1203 1590 Pharnace,
1236 1545 1450 1581 deversanti
1474 1545 1529 1581 in-

184 1594 299 1629 sidias
343 1594 529 1638 parasset,
576 1603 733 1637 eamque
772 1592 1049 1628 accusationem
1087 1592 1195 1637 quasi
1231 1592 1341 1628 testis
1380 1593 1529 1628 sceleris

183 1641 405 1686 Phidippus,
444 1639 610 1675 medicus
642 1639 825 1682 Deiotari,
859 1640 905 1674 ab
939 1639 1018 1674 eius
1049 1639 1186 1684 legatis
1219 1640 1375 1674 Romam
1404 1639 1529 1674 missis

183 1688 362 1734 perfidiae
395 1698 508 1722 causa
539 1686 721 1721 abductus
755 1686 911 1721 adiuvit.
968 1686 1102 1732 Legati
1133 1685 1251 1731 regis,
1291 1686 1355 1730 qui
1386 1685 1426 1721 in
1456 1686 1530 1721 fide

182 1736 481 1781 permanserant,
514 1745 663 1768 causam
697 1734 744 1767 ad
777 1733 824 1767 M.
859 1732 1073 1768 Ciceronem
1105 1733 1333 1776 detulerunt,
1365 1735 1530 1768 veterem

182 1782 369 1827 hospitem
403 1784 515 1825 atque
542 1780 701 1815 amicum
728 1780 910 1823 Deiotari,
943 1779 1008 1825 qui
1033 1791 1117 1815 eum
1143 1780 1243 1824 apud
1268 1778 1305 1815 C.
1333 1779 1530 1815 Caesarem

184 1829 284 1864 intra
309 1828 534 1864 domesticos
559 1827 722 1872 parietes
747 1827 818 1861 hae
845 1826 1013 1862 oratione
1039 1825 1217 1862 defendit.

150 2047 169 2084 1
276 2063 385 2106 Cum
428 2064 471 2104 in
518 2063 717 2104 omnibus
763 2062 902 2104 causis
943 2061 1234 2117 gravioribus,
1277 2062 1322 2103 C.
1360 2060 1530 2115 Caesar,
1596 2079 1600 2082 ·

188 2123 312 2164 initio
352 2121 519 2163 dicendi
558 2121 819 2162 commoveri
857 2120 1020 2162 soleam
1050 2119 1364 2173 vehementius,
1401 2133 1530 2172 quam

187 2181 355 2222 videtur
386 2180 452 2221 vel
485 2193 588 2221 usus
620 2179 687 2220 vel
720 2183 838 2220 aetas
871 2193 967 2220 mea
996 2178 1229 2233 postulare,
1261 2180 1355 2218 tum
1379 2176 1425 2218 in
1449 2177 1531 2218 hac

189 2253 317 2280 causa
342 2239 404 2279 ita
430 2251 497 2279 me
525 2237 663 2278 multa
687 2238 959 2291 perturbant,
984 2239 1045 2290 ut,
1072 2238 1280 2290 quantum
1305 2249 1399 2276 mea
1424 2235 1530 2277 fides

190 2297 321 2337 studii
347 2296 453 2337 mihi
482 2295 647 2337 adferat
674 2295 726 2336 ad
753 2295 936 2336 salutem
959 2294 1074 2346 regis
1094 2293 1290 2334 Deiotari
1310 2292 1531 2334 defenden-
1549 2309 1566 2336 5
