1671 2543
495 67 595 103 CAP.
621 73 760 103 27-29
787 72 806 111 ξ
832 72 983 104 65-70.
1326 67 1407 108 189

71 176 217 232 generi
250 191 342 219 esse
375 191 454 232 ego
486 176 635 231 iratus,
666 191 719 218 ne
747 177 783 218 si
810 177 980 231 cupiam
1006 175 1189 230 quidem,
1219 188 1409 229 possum.

69 236 152 277 Est
184 235 357 290 quidam
392 235 597 290 Graecus,
630 236 703 289 qui
735 250 831 276 cum
863 236 949 277 isto
981 234 1105 289 vivit,
1137 233 1280 287 homo,
1310 247 1409 275 vere

70 298 120 336 ut
158 295 295 336 dicam
333 293 413 349 (sic
451 295 563 335 enim
602 293 821 349 cognovi),
858 294 1089 347 humanus,
1127 292 1201 334 sed
1232 292 1409 345 tamdiu,

73 354 277 408 quamdiu
315 368 412 395 cum
448 353 648 394 humanis
687 356 753 394 est
785 355 859 394 aut
890 353 982 407 ipse
1015 366 1170 393 secum.
1235 350 1279 392 Is
1312 364 1409 392 cum

34 413 205 453 5istum
254 412 569 453 adulescentem
612 412 698 452 iam
743 414 837 452 tum
879 411 960 453 hac
1004 411 1068 452 dis
1112 410 1223 451 irata
1266 409 1408 451 fronte

72 471 261 525 vidisset,
286 485 374 512 non
398 470 610 512 fastidivit
637 471 726 511 eius
754 470 1002 524 amicitiam,
1029 484 1126 511 cum
1152 471 1266 511 esset
1291 482 1410 522 prae-

73 529 222 571 sertim
262 529 499 584 appetitus3
536 529 653 570 dedit
691 544 735 570 se
773 529 818 570 in
857 528 1209 570 consuetudinem
1245 527 1323 580 sic,
1360 529 1410 567 ut

70 602 247 642 prorsus
290 602 376 629 una
415 588 579 629 viveret
614 602 691 629 nec
729 587 817 629 fere
855 602 1061 642 umquam
1099 587 1152 628 ab
1190 600 1240 627 eo
1278 586 1410 627 disce-

72 647 202 688 deret.
262 646 364 688 Non
401 646 512 700 apud
547 647 761 701 indoctos,
800 647 890 700 sed,
928 649 977 687 ut
1009 659 1089 701 ego
1123 645 1327 699 arbitror,
1364 644 1411 685 in

20 719 54 744 10
72 705 296 747 hominum
335 705 726 747 eruditissimorum
764 708 807 746 et
841 704 1252 746 humanissimorum
1284 705 1410 745 coetu

71 765 236 818 loquor.
292 763 488 806 Audistis
520 764 715 818 profecto
749 764 832 805 dici
863 763 1147 818 philosophos
1172 762 1409 816 Epicureos

74 823 212 864 omnis
256 837 342 877 res,
386 837 493 877 quae
536 823 623 864 sint
660 823 826 864 homini
864 821 1142 877 expetendae,
1186 821 1409 875 voluptate

73 882 236 936 metiri,
267 884 438 923 rectene
471 896 525 922 an
558 896 691 936 secus,
721 882 830 923 nihil
863 881 915 922 ad
946 895 1025 922 nos
1058 883 1144 933 aut,
1177 879 1212 920 si
1242 880 1294 921 ad
1318 893 1410 932 nos,

72 940 179 981 nihil
230 940 281 981 ad
331 939 413 981 hoc
465 942 655 995 tempus3
704 941 778 982 sed
827 942 974 981 tamen
1016 938 1231 980 lubricum
1275 952 1410 993 genus

21 1014 54 1039 15
76 999 283 1040 orationis
317 999 580 1040 adulescenti
610 1014 699 1040 non
730 999 886 1040 aeriter
915 997 1187 1053 intellegenti
1214 999 1257 1038 et
1284 1011 1409 1051 saepe

72 1072 289 1112 praeceps.
339 1057 492 1112 Itaque
522 1057 799 1099 admissarius
825 1058 908 1099 iste
935 1056 1064 1098 simul
1091 1058 1219 1110 atque
1247 1055 1411 1096 audivit
1425 1057 1469 1088 69

73 1117 339 1170 voluptatem
371 1131 396 1157 a
425 1116 684 1170 philosopho
718 1119 841 1158 tanto
875 1130 1001 1170 opere
1033 1114 1210 1168 laudari,
1241 1115 1272 1169 ’ξ’
1302 1113 1411 1155 nihil

74 1176 317 1230 expiscatus
350 1177 433 1229 est,
471 1175 531 1216 sic
567 1189 666 1216 suos
700 1189 848 1217 sensus
880 1173 1148 1228 voluptarios
1182 1173 1320 1214 omnis
1352 1172 1412 1213 in-

75 1234 234 1287 citavit,
263 1234 325 1275 sic
351 1233 403 1274 ad
428 1233 546 1274 illius
571 1233 682 1275 hanc
709 1234 948 1275 orationem
975 1232 1227 1286 adhinnivit,
1252 1234 1302 1272 ut
1325 1246 1413 1272 non

21 1309 55 1334 20
73 1292 332 1348 magistrum
363 1291 552 1346 virtutis,
584 1292 657 1333 sed
689 1295 909 1334 auctorem
939 1290 1132 1332 libidinis
1165 1305 1190 1331 a
1218 1305 1262 1332 se
1289 1290 1412 1331 illum

73 1351 295 1392 inventum
328 1351 623 1392 arbitraretur.
679 1350 866 1393 Graecus
899 1350 1039 1405 primo
1073 1349 1336 1404 distinguere
1369 1351 1413 1389 et

74 1410 272 1464 dividere,
294 1410 370 1450 illa
391 1424 517 1464 quem
537 1410 590 1451 ad
610 1410 783 1452 modum
803 1410 1063 1463 dicerentur,
1088 1408 1170 1449 iste
1193 1407 1413 1461 ‘claudus’,

76 1483 202 1522 quem
233 1469 286 1509 ad
317 1468 492 1510 modum
524 1469 661 1523 aiunt,
701 1468 884 1523 ‘pilam'3
915 1468 1117 1521 retinere,
1154 1467 1267 1521 quod
1300 1480 1414 1507 acce-

75 1529 217 1580 perat,
253 1527 495 1581 testificari,
533 1527 716 1568 tabellas
752 1527 980 1582 obsignare
1012 1526 1138 1579 velle,
1175 1525 1414 1579 Epicurum

22 1602 57 1629 25
77 1586 293 1626 desertum
325 1585 474 1626 dicere.
517 1585 562 1627 Is
589 1588 732 1627 autem
757 1586 874 1639 dicit,
905 1588 954 1626 ut
980 1584 1144 1638 opinor,
1177 1598 1221 1625 se
1246 1583 1414 1624 nullum

78 1644 240 1685 bonum
266 1643 515 1698 intellegere
538 1659 664 1698 posse
685 1644 871 1698 demptis
892 1643 1083 1697 corporis
1103 1642 1414 1696 voluptatibus.

78 1702 189 1751 Quid
221 1702 386 1742 multa?
438 1701 624 1743 Graecus
656 1702 796 1744 facilis
829 1705 872 1743 et
904 1701 1025 1742 valde
1051 1703 1257 1742 venustus
1283 1700 1412 1741 nimis
1429 1704 1473 1736 70

76 1774 251 1816 pugnax
278 1762 428 1801 contra
453 1760 757 1814 imperatorem
775 1760 924 1815 populi
945 1759 1129 1801 Romani
1150 1773 1242 1800 esse
1261 1758 1414 1800 noluit.

76 1819 159 1860 Est
185 1821 330 1860 autem
354 1818 437 1872 hic,
469 1819 519 1859 de
547 1833 629 1873 quo
655 1819 821 1872 loquor,
848 1833 935 1859 non
959 1817 1236 1872 philosophia
1262 1817 1414 1870 solum,
1428 1814 1483 1855 29

23 1895 58 1921 30
79 1877 151 1919 sed
184 1877 313 1918 etiam
351 1877 502 1918 ceteris
535 1877 702 1930 studiis,
736 1891 843 1931 quae
869 1876 957 1917 fere
984 1879 1149 1917 ceteros
1175 1875 1413 1929 Epicureos

76 1936 304 1991 neglegere
347 1936 510 1989 dicunt,
553 1935 811 1990 perpolitus,
854 1938 1007 1989 poema
1043 1948 1172 1989 porro
1210 1934 1316 1975 facit
1352 1934 1416 1974 ita

77 1994 299 2049 festivum,
342 1994 405 2035 ita
443 1995 714 2048 concinnum,
757 1994 820 2034 ita
857 1994 1050 2049 elegans,
1089 1992 1197 2034 nihil
1234 1995 1284 2033 ut
1321 1992 1415 2033 fieri

77 2053 218 2107 possit
250 2053 459 2108 argutius.
507 2052 559 2094 In
589 2067 672 2107 quo
699 2052 984 2106 reprehendat
1010 2067 1106 2093 eum
1131 2051 1245 2105 licet,
1278 2051 1315 2092 si
1342 2051 1415 2105 qui

78 2111 206 2166 volet,
231 2113 358 2154 modo
382 2112 545 2166 leviter,
570 2125 658 2152 non
675 2114 724 2152 ut
744 2111 1000 2165 improbum,
1025 2125 1112 2152 non
1130 2113 1180 2151 ut
1200 2110 1415 2163 audacem,

26 2186 60 2213 35
78 2184 166 2212 non
196 2173 245 2211 ut
272 2171 502 2225 impurum,
534 2170 608 2211 sed
639 2172 688 2210 ut
715 2168 984 2223 Graeculum,
1015 2172 1064 2210 ut
1090 2171 1415 2222 assentatorem,

79 2231 129 2269 ut
154 2231 339 2282 potitam.
389 2228 573 2270 Devenit
599 2230 742 2269 autem
769 2243 843 2269 seu
867 2229 1012 2282 potius
1038 2227 1190 2269 incidit
1215 2227 1260 2268 in
1282 2227 1415 2268 istum

80 2287 228 2328 eodem
260 2288 461 2342 deceptus
495 2286 722 2342 supercilio
756 2285 943 2328 Graecus
976 2289 1104 2341 atque
1137 2286 1299 2327 advena
1330 2300 1415 2340 quo
