1671 2543
199 57 288 99 ‘280
483 56 578 92 PRO
603 56 644 92 T.
669 54 822 90 ANNIO
848 53 1034 90 mLONE
1061 53 1249 89 ORATIO.

200 173 426 208 magnopere
434 173 508 205 eos,
523 162 587 206 qui
602 161 812 204 astiterant,
820 160 1108 196 commoverunt.
1134 158 1296 194 Dimisso
1304 158 1404 193 circa
1415 157 1544 194 horam

203 210 387 245 decimam
411 209 550 244 iudicio
569 208 609 243 T.
629 207 819 243 Munatius
844 218 912 253 pro
932 206 1105 242 contione
1124 205 1304 251 populum
1324 205 1543 240 adhortatus

202 259 276 301 est,
315 259 358 292 ut
391 258 543 302 postero
583 255 644 290 die
679 256 852 299 frequens
885 255 1034 289 adesset
1065 255 1104 288 et
1134 252 1233 288 elabi
1264 252 1440 287 Milonem
1470 263 1545 288 non

203 304 468 386 {Stii‘ffgfiaff
471 303 688 385 (11ἓῖᾝὲἒὲ
719 301 1102 392 Θὲοἶὲἐῖξθὲἒθωέῗέ
1125 300 1356 382 ffissffizit
1371 299 1542 381 2¹3³ssssss

204 409 235 434 a.
263 399 300 434 d.
330 398 378 431 VI
403 398 454 432 Id.
475 396 627 442 Aprilis,
653 397 801 431 clausae
826 395 976 431 fuerunt
997 396 1080 430 tota
1105 394 1198 429 urbe
1225 394 1414 436 tabernae,
1439 404 1544 439 prae-

204 445 303 481 sidia
332 445 371 479 in
401 444 482 479 foro
515 446 554 479 et
584 445 683 479 circa
714 454 839 478 omnes
871 443 943 478 fori
974 443 1097 477 aditus
1123 441 1320 486 Pompeius
1351 441 1544 486 disposuit,

206 493 287 538 ipse
312 503 378 538 pro
405 491 548 527 aerario
573 493 616 526 ut
638 491 759 535 pridie
785 489 954 525 consedit
979 491 1130 533 saeptus
1151 488 1299 524 delecta
1317 499 1430 522 manu
1449 487 1544 522 mili-

204 542 292 575 tum.
350 538 504 574 Sortitio
542 538 676 573 deinde
711 537 876 572 iudicum
913 548 936 572 a
970 536 1090 582 primo
1124 536 1183 570 die
1214 536 1316 570 facta
1348 537 1422 578 est3
1457 536 1545 580 post

204 589 348 622 tantum
380 585 571 620 silentium
602 586 683 620 toto
715 585 795 620 foro
820 584 910 628 fuit,
941 585 1121 628 quantum
1146 593 1226 618 esse
1250 581 1291 616 in
1315 581 1438 626 aliquo
1464 581 1544 616 foro

204 635 340 679 posset.
396 633 491 667 Tum
528 632 631 667 intra
667 633 796 667 horam
836 631 1037 666 secundam
1073 631 1306 665 accusatores
1345 630 1545 673 coeperunt

205 681 327 715 dicere
359 680 503 725 Appius
540 679 660 714 maior
697 681 735 714 et
765 678 812 715 M.
846 679 1028 713 Antonius
1067 679 1105 712 et
1135 677 1175 713 P.
1207 675 1377 711 Valerius
1408 675 1545 721 Nepos.

209 728 274 763 Usi
301 728 388 761 sunt
412 738 457 762 ex
481 727 565 771 lege
591 726 693 761 horis
719 726 884 761 duabus.'

298 773 506 818 Respondit
536 773 594 808 his
626 784 721 808 unus
752 772 801 808 M.
833 772 977 813 Cicero;
1011 773 1065 813 et,
1098 782 1182 806 011111
1214 769 1438 815 quibusdam
1466 769 1548 814 pla-

205 821 345 856 cuisset
374 822 429 855 ita
462 820 613 856 defendi
644 819 801 859 crimen.
831 818 990 854 interfici
1023 818 1192 853 Clodium
1223 828 1290 861 pro
1322 827 1360 852 re
1396 815 1548 862 publica

204 868 319 903 fuisse
358 870 484 914 (quam
515 868 673 902 formam
704 867 752 902 M.
785 867 920 901 Brutus
953 867 1100 901 secutus
1134 866 1191 899 est
1221 864 1261 898 in
1293 874 1338 898 ea
1369 863 1546 906 oratione,

206 926 318 960 quam
342 926 408 960 pro
434 914 574 950 Milone
601 915 810 959 composuit
835 916 873 948 et
897 913 1029 956 edidit,
1058 911 1164 957 quasi
1190 911 1354 956 egisset),
1381 910 1548 946 Ciceroni

204 962 244 998 id
268 974 343 998 11011
367 962 526 1007 placuit,
559 961 683 1006 quasi,
710 961 773 1005 qui
797 961 896 996 bono
921 960 1070 1005 publico
1097 958 1282 999 damnari,
1308 957 1407 992 idem
1432 957 1547 992 etiam

206 1009 326 1045 occidi
344 1009 582 1044 indemnatus
601 1010 739 1054 posset.
783 1008 923 1052 Itaque,
943 1019 1024 1042 cum
1044 1006 1199 1041 insidias
1218 1005 1396 1039 Milonem
1416 1003 1547 1039 Clodio

206 1056 337 1091 fecisse
363 1056 578 1101 posuissent
602 1057 852 1099 accusatores,
878 1055 967 1098 quia
997 1054 1134 1089 falsum
1158 1053 1197 1086 id
1223 1054 1304 1087 erat
1329 1056 1427 1095 (nam
1451 1051 1548 1085 forte

205 1103 273 1138 illa
315 1103 395 1138 rixa
438 1103 638 1138 commissa
678 1102 832 1143 fuerat),
877 1101 1003 1137 Cicero
1048 1099 1295 1145 adprehendit
1341 1100 1380 1133 et
1418 1099 1548 1133 contra

207 1150 378 1186 Clodium
403 1150 536 1184 Miloni
567 1149 701 1185 fecisse
732 1149 888 1184 insidias
921 1148 1142 1194 disputavit,
1175 1156 1292 1190 eoque
1320 1147 1403 1180 tota
1427 1144 1547 1180 oratio

208 1197 287 1232 eius
314 1197 508 1241 spectavit.
555 1196 628 1232 Sed
654 1196 708 1231 ita
728 1196 906 1239 constitit,
933 1198 976 1230 ut
1003 1195 1173 1237 diximus,
1199 1192 1365 1227 neutrius
1391 1191 1548 1226 consilio

207 1246 415 1288 pugnatum
447 1254 527 1278 esse
559 1254 603 1278 eo
636 1243 713 1285 die,
744 1254 871 1278 verum
903 1244 940 1277 et
969 1242 1066 1276 forte
1099 1240 1302 1276 occurrisse
1334 1241 1373 1274 et
1400 1248 1445 1273 ex
1468 1238 1549 1272 rixa

209 1301 397 1325 servorum
422 1291 469 1325 ad
496 1291 647 1325 caedem
669 1291 898 1334 perventum.
944 1288 1083 1323 Notum
1107 1290 1233 1322 tamen
1253 1287 1333 1320 erat
1351 1286 1548 1328 utrumque

209 1339 365 1372 mortem
391 1337 501 1372 alteri
527 1347 638 1382 saepe
662 1337 844 1370 minatum
869 1346 967 1377 esse,
1001 1337 1054 1374 et,
1081 1334 1178 1369 sicut
1203 1335 1414 1377 suspectum
1441 1331 1548 1366 Milo·

209 1395 293 1418 nem
330 1384 448 1418 maior
485 1395 597 1427 quam
630 1382 736 1418 Clodi
774 1382 919 1417 familia
956 1381 1135 1425 faciebat,
1174 1380 1229 1414 ita
1266 1379 1473 1423 expeditior
1510 1380 1550 1413 et

208 1430 378 1475 paratior
433 1430 481 1465 ad
530 1441 694 1474 pugnam
745 1429 1007 1465 Clodianorum
1055 1439 1166 1472 quam
1216 1426 1366 1461 Milonis
1414 1425 1549 1460 fuerat.

210 1478 336 1513 Cicero
363 1488 445 1512 cum
471 1477 654 1522 inciperet
678 1476 810 1520 dicere,
838 1479 1012 1521 exceptus
1038 1479 1087 1510 est
1113 1473 1382 1509 acclamatione
1403 1472 1549 1508 Clodia-

210 1535 350 1562 norum.
376 1524 440 1567 qui
466 1535 506 1558 se
531 1523 720 1558 continere
745 1534 791 1558 ne
816 1525 915 1559 metu
941 1522 1092 1567 quidem
1117 1519 1433 1556 circumstantium
1453 1518 1548 1554 mili-

209 1573 289 1605 tum
319 1572 532 1616 potuerunt.
582 1572 711 1614 Itaque
742 1582 816 1605 non
848 1581 908 1614 ea,
940 1580 1014 1614 qua
1046 1569 1178 1604 solitus
1210 1569 1306 1609 erat,
1340 1565 1576 1602 constantia¹

210 1618 315 1653 dixit.
365 1617 493 1652 Manet
518 1619 643 1652 autem
669 1617 734 1651 illa
759 1628 903 1661 quoque
929 1618 1084 1661 excepta
1108 1615 1187 1650 eius
1214 1614 1344 1649 oratio.
1389 1612 1547 1658 Scripsit

210 1676 296 1700 vero
309 1665 415 1708 hanc,
431 1676 543 1708 quam
557 1664 728 1709 legimus,
744 1663 799 1698 ita
811 1664 987 1709 perfecte,
1002 1665 1044 1698 ut
1055 1663 1134 1697 iure
1146 1662 1265 1707 prima
1278 1660 1407 1696 haberi
1419 1659 1551 1705 possit.

303 1775 542 1814 EIUSDEM
574 1774 616 1820 Q.
649 1773 842 1813 ASCONI
872 1773 1095 1812 PEDIANI
1125 1771 1267 1811 HAEC
1300 1771 1450 1809 SUNT.

303 1852 462 1887 Peracta
491 1851 679 1896 utrimque
711 1861 823 1885 causa
854 1849 994 1895 singuli
1026 1849 1156 1893 quinos
1188 1849 1380 1883 accusator
1405 1847 1444 1881 et
1466 1857 1550 1881 reus

209 1900 416 1942 senatores,
443 1898 604 1933 totidem
630 1897 774 1942 equites
800 1902 832 1933 et
856 1898 1025 1932 tribunos
1052 1895 1214 1930 aerarios
1240 1894 1462 1936 reiecerunt,
1495 1893 1551 1928 ita

210 1948 252 1980 ut
282 1957 376 1980 unus
409 1946 448 1980 et
471 1945 500 1979 L
533 1945 738 1981 sententias
770 1943 936 1979 tulerint.
986 1943 1184 1978 Senatores
1215 1941 1552 1976 condemnaverunt

211 1992 290 2036 XII,
321 1992 560 2027 absolvenmt
579 1991 641 2034 VI,
668 1991 812 2035 equites
833 1991 1173 2026 condemnaverunt
1190 1987 1288 2031 XIII,
1314 1986 1552 2022 absolverunt

211 2040 278 2081 IV,
323 2039 466 2074 tribuni
511 2038 645 2074 aerarii
689 2038 1029 2073 condemnaverunt
1064 2036 1167 2078 XIII,
1211 2034 1452 2070 absolverunt
1486 2031 1548 2066 111.
1579 2066 1582 2068 ,

211 2085 449 2120 Videbantur
471 2097 546 2120 non
570 2085 764 2130 ignorasse
790 2084 931 2120 iudices
956 2084 1072 2118 inscio
1091 2082 1229 2117 Milone
1254 2080 1362 2115 initio
1381 2078 1549 2113 vulnera-

212 2133 290 2166 tum
327 2143 408 2167 esse
448 2132 634 2175 Clodium,
683 2131 749 2166 sed
792 2131 1066 2176 compererant,
1103 2131 1299 2175 postquam
1336 2125 1549 2160 vulneratus

211 2180 326 2222 esset,
358 2179 461 2213 iussu
486 2179 639 2214 Milonis
669 2178 841 2213 occisum.
892 2177 1073 2220 Fuerunt,
1106 2176 1168 2220 qui
1193 2173 1386 2209 crederent
1408 2172 1456 2206 M.
1484 2172 1549 2207 Ca-

210 2225 310 2259 tonis
337 2227 526 2260 sententia
550 2236 635 2260 eum
661 2236 741 2260 esse
767 2224 996 2268 absolutum;
1022 2234 1108 2257 nam
1134 2223 1174 2257 et
1195 2221 1288 2255 bene
1314 2230 1395 2254 cum
1421 2229 1459 2253 re
1484 2230 1550 2263 pu-

210 2271 310 2305 blica
335 2274 459 2307 actum
485 2283 565 2306 esse
584 2273 704 2307 morte
723 2271 762 2306 P.
783 2271 889 2306 Clodi
906 2281 982 2305 non
1001 2267 1299 2304 dissimulaverat
1319 2267 1357 2300 et
1375 2265 1551 2300 studebat
