1671 2543
506 80 606 116 CAP.
635 85 772 116 12-14
798 85 816 124 ξ
843 85 992 116 29-33.
1350 80 1437 122 215

179 188 324 231 ‘Pater
354 188 483 244 vero',
514 188 669 244 inquit,
702 188 848 230 ‘etiam
882 190 1031 231 obesse
1062 188 1152 230 filio
1186 187 1341 229 debet.'
1398 187 1433 230 O
1452 188 1505 230 13

88 263 238 290 vocem
271 248 422 289 duram
454 250 584 302 atque
616 247 839 303 indignam
871 250 947 290 tua
971 247 1202 303 probitate,
1235 246 1436 288 Lateren-

91 308 167 349 sis!
235 306 366 348 Pater
402 309 452 348 ut
490 307 535 348 in
572 306 730 348 iudicio
770 307 943 361 capitis,
985 309 1110 361 pater
1146 308 1196 348 ut
1232 305 1278 347 in
1315 305 1436 346 dimi-

91 366 257 407 catione
294 365 584 420 fortunarum,
621 368 746 420 pater
777 368 825 406 ut
858 366 970 420 apud
1001 365 1103 407 talis
1134 364 1249 406 viros
1284 364 1435 405 obesse

54 441 70 466 5
90 425 179 466 filio
207 424 389 465 debeat?
420 424 492 478 qui
519 424 556 465 si
582 426 696 466 esset
721 424 1012 478 turpissimus,
1038 424 1076 465 si
1102 423 1437 477 sordidissimus,

89 486 236 525 tamen
255 483 349 537 ipso
368 483 542 524 nomine
563 483 705 537 patrio
726 483 888 524 valeret
909 483 1021 537 apud
1036 482 1259 524 clementis
1274 482 1436 523 iudices

89 545 133 584 et
165 541 480 596 misericordes3
511 542 686 596 valeret,
718 541 906 596 inquam,
940 541 1157 583 communi
1189 555 1317 583 sensu
1349 555 1437 582 om-

87 601 208 642 nium
239 604 283 641 et
314 600 563 642 dulcissima
594 601 965 642 commendatione
990 603 1182 642 naturae.
1228 598 1311 641 Sed
1337 613 1435 641 cum
1451 607 1494 638 32

89 660 147 700 sit
179 658 254 701 Cn.
286 658 487 700 Plancius
519 659 557 700 is
589 673 718 713 eques
750 659 984 712 Romanus,
1017 674 1067 700 ea
1097 659 1285 713 primum
1317 660 1437 699 vetu-

39 736 69 760 1ο
89 720 202 759 state
234 718 446 772 equestris
478 718 678 772 nominis,
709 721 759 759 ut
783 721 918 772 pater,
951 693 1000 759 u⁷t
1027 732 1144 771 avus,
1175 720 1225 758 ut
1250 716 1436 758 maiores

89 777 180 818 eius
237 791 385 818 omnes
436 777 602 830 equites
653 776 838 818 Romani
891 776 1069 830 fuerint,
1126 790 1342 817 summum
1390 775 1436 816 in

88 835 360 890 piaefectura
391 835 700 876 florentissima
732 836 914 900 gradum
940 835 1158 876 tenuerint
1185 837 1228 875 et
1255 834 1437 889 dignita-

90 894 148 935 tis
180 896 224 935 et
256 894 434 949 gratiae,
466 894 616 935 deinde
647 897 697 935 ut
729 895 820 948 ipse
852 894 898 948 in
929 894 1173 949 legionibus
1205 893 1252 934 P.
1290 892 1437 935 Crassi

89 952 364 1007 imperatoris
403 953 517 994 inter
555 952 855 994 ornatissimos
892 952 1108 1007 homines,
1149 952 1315 1006 equites
1354 950 1438 992 Ro-

37 1030 69 1055 15
91 1026 258 1065 11161105,
298 1026 465 1052 5111111110
505 1011 729 1066 splendoie
768 1011 917 1065 fuerit,
959 1014 1009 1053 ut
1046 1013 1199 1066 postea
1235 1010 1436 1065 p1ineeps

89 1070 203 1111 inter
241 1084 340 1111 suos
378 1070 662 1124 plurimarum
698 1085 841 1111 rerum
879 1070 1178 1111 sanctissimus
1218 1072 1261 1110 et
1293 1069 1437 1110 iustis-

91 1129 225 1170 simus
268 1129 412 1183 iudex,
462 1129 746 1170 maximarum
790 1129 1048 1170 societatum
1092 1131 1260 1181 auctor,
1309 1126 1438 1182 pluri-

90 1202 257 1228 marum
295 1188 522 1242 magister:
563 1188 598 1228 si
635 1202 723 1229 non
760 1188 888 1229 modo
926 1188 970 1229 in
1009 1202 1058 1229 eo
1090 1187 1200 1228 nihil
1231 1200 1439 1240 umquam

89 1246 415 1300 reprehensum,
473 1246 545 1288 sed
600 1246 776 1287 laudata
831 1249 932 1287 sunt
988 1246 1150 1300 omnia,
1205 1247 1353 1286 tamen
1400 1244 1438 1286 is

36 1323 71 1348 ρο
91 1305 232 1346 oberit
268 1304 577 1346 honestissimo
614 1305 705 1346 filio
743 1308 883 1359 pater,
922 1305 995 1359 qui
1032 1305 1099 1346 vel
1138 1304 1279 1345 minus
1310 1303 1438 1344 hone-

90 1366 207 1404 stum
245 1366 289 1404 et
326 1363 514 1405 alienum
551 1364 663 1405 tueri
694 1364 761 1405 vel
794 1364 1055 1405 auctoritate
1088 1378 1165 1405 sua
1195 1363 1264 1404 vel
1296 1362 1439 1418 gratia

89 1422 260 1476 possit?

180 1479 437 1535 tAsperius',
473 1481 633 1535 inquit,
666 1480 851 1523 ‘locutus
884 1484 951 1522 est
982 1481 1145 1535 aliquid
1177 1478 1438 1534 aliquando?
1452 1484 1497 1515 33

93 1537 233 1579 Immo
267 1538 452 1580 fortasse
490 1539 679 1581 liberius.
743 1540 818 1581 eAt
849 1540 892 1581 id
923 1539 1100 1594 ipsum',
1137 1539 1297 1593 inquit,
1337 1538 1439 1579 ‘non

37 1614 72 1640 25
93 1599 160 1638 est
179 1596 428 1638 ferendum.⁹
471 1597 590 1652 Ergo
617 1598 648 1638 ii
667 1598 832 1639 ferendi
853 1601 966 1652 sunt,
993 1598 1066 1652 qui
1085 1598 1167 1639 hoc
1189 1599 1438 1651 queruntur,

92 1655 339 1696 libertatem
360 1655 517 1709 equitis
537 1656 724 1698 Romani
744 1671 788 1697 se
808 1656 919 1697 ferre
938 1670 1026 1697 non
1044 1656 1202 1710 posse?
1246 1654 1437 1697 Ubinam

91 1714 164 1755 ille
208 1727 320 1768 mos,
369 1713 445 1754 ubi
487 1714 563 1755 illa
607 1715 802 1768 aequitas
846 1715 970 1768 iuris,
1019 1714 1094 1755 ubi
1138 1714 1213 1755 illa
1258 1713 1438 1766 antiqua

92 1773 290 1826 libertas,
329 1786 436 1826 quae
474 1772 599 1813 malis
639 1787 844 1827 oppressa
882 1772 1079 1814 civilibus
1113 1772 1318 1813 extollere
1350 1771 1438 1811 iam

94 1833 223 1885 caput
279 1832 323 1871 et
378 1830 608 1884 aliquando
664 1834 858 1872 recreata
914 1845 957 1872 56
1008 1831 1172 1885 eligere
1223 1829 1438 1871 debebat?

39 1907 74 1932 30
92 1889 303 1943 Equitum
347 1903 427 1944 ego
472 1889 767 1930 Romanorum
810 1890 855 1930 in
897 1889 1094 1930 homines
1140 1888 1438 1930 nobilissimos

94 1947 347 2013 maledicta,
359 1948 724 2001 publicanorum
713 1963 759 1988 111
780 1947 827 1996 Q.
850 1946 1112 2001 Scaevolam,
1138 1947 1279 1988 virum
1305 1947 1439 1988 0111111-

92 2006 173 2048 bus
205 2006 396 2061 ingenio,
433 2006 621 2060 iustitia,
653 2006 905 2061 integritate
937 2009 1250 2061 praestantem,
1288 2019 1438 2059 aspere

93 2068 138 2106 et
191 2064 393 2106 ferociter
448 2067 492 2106 et
540 2065 674 2106 libere
725 2065 839 2106 dicta
889 2065 1248 2106 commemorem?
1330 2063 1437 2106 Con·
1457 2061 1509 2102 14

95 2123 179 2164 51111
215 2123 262 2164 P.
300 2122 485 2165 Nasicae
516 2137 672 2177 praeco
706 2122 892 2165 Granius
930 2123 1069 2164 medio
1108 2123 1154 2164 in
1190 2123 1303 2176 foro,
1341 2137 1438 2164 cum

40 2196 75 2222 35
93 2181 167 2222 ille
217 2181 356 2223 edicto
407 2182 576 2223 iustitio
621 2181 796 2223 domum
845 2182 1050 2223 decedens
1093 2184 1291 2237 rogasset
1336 2180 1440 2222 Gra-

93 2240 232 2294 m'um,
270 2241 372 2294 quid
409 2241 550 2282 tristis
589 2243 721 2294 esset3
759 2255 813 2281 an
851 2240 964 2294 quod
1001 2240 1186 2282 reiectae
1218 2240 1439 2282 auctiones

95 2301 258 2339 essent:
291 2298 446 2341 ‘Immo
478 2297 609 2353 vero',
640 2298 794 2353 inquit,
827 2298 957 2353 ‘quod
987 2298 1256 2354 legationes.2
1318 2298 1439 2340 Idem
