1671 2543
575 100 674 134 CAP.
704 104 733 143 1,
760 103 780 133 2
807 104 825 142 ξ
855 104 953 134 1—5.
1355 100 1440 141 467

108 209 202 252 Iam
239 224 350 251 nunc
387 209 557 264 fingunt
593 222 798 262 responsa
831 207 994 249 Antoni
1033 221 1164 262 eaque
1203 206 1478 248 defendunt.2

110 269 198 310 Alii
230 268 448 323 postulare
479 267 619 321 illum,
656 269 706 308 ut
737 281 883 308 omnes
916 266 1125 308 exercitus
1158 265 1445 306 dimittantur.

112 326 285 369 Scilicet
321 327 488 382 legatos
526 326 579 367 ad
616 340 713 367 eum
751 325 964 380 misimus,
1001 339 1087 366 non
1123 327 1172 366 ut
1202 327 1372 378 pareret
1405 328 1447 365 et

111 386 226 428 dicto
276 386 449 427 audiens
494 387 607 426 esset
642 384 741 425 huic
780 384 936 439 ordini,
980 384 1052 425 sed
1089 386 1139 424 ut
1175 383 1445 424 condiciones

75 455 91 481 ⁵
111 445 254 498 ferret,
291 444 409 499 leges
446 444 689 498 inponeret,
727 458 913 484 reserare
945 457 1023 483 nos
1056 442 1212 483 exteris
1245 442 1446 497 gentibus

111 503 285 544 Italiam
316 503 500 556 iuberet,
533 517 576 543 se
608 502 861 556 praesertim
893 501 1108 554 incolumi,
1140 515 1165 542 a
1197 515 1280 555 quo
1310 501 1446 542 maius

111 562 349 616 periculum
393 576 521 615 quam
565 561 617 602 ab
664 561 761 601 ullis
799 561 1047 601 nationibus
1086 560 1448 601 extimescendum

112 623 189 662 est.
259 620 348 662 Alii
391 620 609 661 remittere
653 634 750 661 eum
792 619 916 661 nobis
961 618 1148 660 Galliam
1193 618 1446 671 citeriorem,
1460 623 1510 667 (3)

112 679 231 720 illam
251 679 448 720 ultimam
468 679 699 733 postulare,
723 679 958 732 praeclare3
978 692 1027 719 ex
1049 692 1133 732 qua
1151 692 1238 718 non
1258 677 1447 732 legiones
1463 686 1483 715 3

63 749 95 774 10
114 738 266 787 solum,
300 738 371 779 sed
399 738 529 779 etiam
554 738 750 778 nationes
777 737 829 778 ad
855 737 1003 778 urbem
1031 739 1208 778 conetur
1233 736 1451 778 adducere.

116 796 201 839 Alii
221 796 328 837 nihil
349 811 445 837 eum
465 796 552 837 iam
570 796 653 837 m'si
675 796 864 837 modeste
880 796 1112 849 postulare.
1155 794 1451 836 Macedoniam

114 870 234 897 suam
266 858 391 897 vocat
423 855 616 910 omnino,
654 855 856 909 quoniam
890 853 1021 895 Gaius
1053 854 1187 895 frater
1219 856 1284 894 est
1317 853 1448 906 [inde]

113 917 354 969 revocatus3
387 914 459 955 sed
492 928 598 968 quae
630 914 851 968 provincia
884 916 960 967 est,
993 928 1042 954 ex
1075 927 1158 967 qua
1189 913 1265 953 illa
1290 912 1360 953 fax
1387 927 1452 953 ex-

115 973 246 1015 citare
295 987 382 1014 non
430 973 569 1027 possit
617 972 888 1014 incendium?
967 971 1119 1025 Itaque
1169 971 1282 1012 idem
1329 971 1451 1025 quasi

63 1042 94 1067 15
113 1031 280 1086 providi
331 1032 443 1073 cives
493 1034 536 1072 et
585 1033 803 1072 senatores
854 1031 1081 1086 diligentes
1131 1030 1335 1071 bellicum
1384 1044 1451 1070 me

114 1090 316 1132 cecinisse
343 1090 508 1144 dicunt3
534 1090 773 1144 suscipiunt
797 1090 915 1144 pacis
942 1089 1241 1143 patrocinium.
1297 1088 1450 1130 Nonne

113 1149 174 1191 sic
224 1148 474 1203 disputant?
542 1148 789 1189 ‘Im-statum
832 1148 1070 1189 Antonium
1112 1162 1199 1188 non
1242 1147 1453 1202 oportuit3

112 1221 298 1261 nequam
325 1210 391 1248 est
416 1207 544 1248 homo
570 1207 643 1248 ille
671 1209 798 1261 atque
825 1207 1058 1261 confidens3
1083 1206 1208 1247 multi
1231 1209 1453 1260 praeterea

114 1264 316 1320 improbi'
343 1265 468 1319 (quos
496 1266 667 1320 quidem
693 1281 717 1306 a
743 1280 787 1306 se
811 1266 997 1320 primum
1016 1279 1239 1306 numerare
1260 1268 1452 1319 possunt,

62 1335 95 1359 20
115 1325 187 1378 qui
202 1324 306 1366 haec
320 1324 556 1379 locuntur);
576 1339 648 1365 eos
664 1325 871 1366 cavendos
886 1338 977 1365 esse
991 1323 1257 1365 denuntiant.
1294 1323 1452 1365 Utrum

113 1383 249 1439 igitur
285 1383 330 1424 in
365 1382 539 1424 nefariis
580 1383 743 1424 civibus
781 1382 1030 1436 ulciscendi,
1068 1397 1164 1424 cum
1200 1383 1361 1437 possis,
1399 1398 1494 1443 9119

115 1442 444 1495 pertimescendi
482 1442 730 1497 diligentior
768 1441 909 1483 cautio
949 1441 1042 1482 est?
1110 1441 1254 1495 Atque
1285 1441 1390 1482 haec
1422 1440 1491 1502 iil

116 1500 333 1553 locuntur⁷
378 1500 450 1554 qui
495 1500 708 1554 quondam
751 1502 926 1555 propter
964 1500 1186 1541 levitatem
1223 1500 1451 1554 populares

116 1558 397 1599 habebantur.
472 1558 540 1599 Ex
590 1573 673 1612 quo
722 1559 916 1614 intellegi
967 1561 1112 1612 potest
1160 1558 1304 1599 animo
1354 1559 1452 1600 illos

64 1626 97 1651 ‘2⁵
117 1616 393 1658 abhorruisse
438 1631 606 1670 semper
649 1618 702 1658 ab
747 1618 910 1671 optimo
956 1616 1145 1658 civitatis
1190 1618 1325 1670 statu,
1367 1632 1453 1658 non

116 1675 338 1717 voluntate
369 1674 501 1716 fuisse
532 1675 771 1729 populares.
835 1675 917 1724 Qui
950 1675 1063 1716 enim
1095 1675 1253 1728 evenit,
1284 1678 1345 1729 ut,
1381 1677 1454 1730 qui

117 1735 162 1776 in
199 1735 325 1774 rebus
360 1733 569 1787 improbis
602 1734 828 1787 populares
860 1733 1037 1786 fuerint,
1075 1733 1187 1774 idem
1218 1733 1263 1773 in
1294 1748 1338 1774 re
1370 1749 1455 1775 una

117 1792 300 1833 maxime
338 1792 554 1846 populari,
593 1791 705 1844 quod
743 1792 889 1832 eadem
927 1791 1129 1832 salutaris
1164 1791 1225 1832 rei
1256 1792 1454 1845 publicae

120 1852 194 1903 sit,
239 1851 458 1905 improbos
501 1865 544 1891 se
584 1864 711 1903 quam
748 1850 967 1903 popularis
1007 1864 1097 1891 esse
1135 1850 1317 1891 malint?
1385 1850 1454 1892 Me

65 1920 100 1944 30
121 1909 293 1963 quidem
337 1923 519 1963 semper,
557 1908 623 1949 uti
661 1908 797 1959 scitis,
837 1908 1126 1949 adversarium
1164 1908 1454 1951 multitudinis

119 1967 355 2008 temeritati
389 1967 495 2008 haec
526 1966 629 2007 fecit
659 1966 1001 2020 praeclarissima
1034 1981 1162 2008 causa
1192 1968 1454 2021 popularem.

118 2025 178 2066 Et
216 2025 386 2079 quidem
426 2025 624 2067 dicuntur
659 2025 726 2065 vel
763 2025 907 2079 potius
939 2040 982 2066 se
1014 2026 1098 2079 ipsi
1130 2026 1276 2066 dicunt
1309 2034 1486 2067 consu-5

118 2085 248 2138 lares;
291 2098 374 2138 quo
418 2084 590 2124 nomine
629 2083 782 2138 dignus
820 2086 885 2124 est
921 2098 1068 2137 nemo,
1110 2085 1195 2124 nisi
1234 2084 1306 2138 qui
1343 2086 1455 2126 tanti

117 2142 294 2184 honoris
337 2156 494 2183 nomen
536 2144 681 2195 potest
725 2142 946 2183 sustinere.
1013 2141 1175 2183 Faveas
1220 2145 1268 2183 tu
1308 2143 1454 2185 hosti?

66 2212 99 2237 35
118 2201 191 2242 ille
215 2201 384 2242 litteras
411 2201 462 2241 ad
488 2203 531 2241 te
551 2200 699 2240 mittat
719 2200 768 2241 de
790 2214 866 2241 sua
887 2215 960 2254 spe
980 2215 1123 2241 rerum
1142 2201 1454 2243 secundarum?

120 2274 191 2300 eas
222 2262 270 2300 tu
301 2259 440 2300 laetus
469 2258 674 2313 proferaS‚
706 2258 871 2312 recites,
903 2259 1200 2300 describendas
1227 2260 1356 2300 etiam
1383 2260 1454 2302 des

118 2318 326 2373 improbis
376 2317 557 2371 civibus,
608 2332 754 2358 eorum
804 2330 960 2372 augeas
1009 2318 1191 2372 animos,
1240 2318 1451 2360 bonorum

1172 2387 1244 2419 30*
