<?xml version="1.0" encoding="UTF-8"?>
<!DOCTYPE html PUBLIC "-//W3C//DTD XHTML 1.0 Transitional//EN"
    "http://www.w3.org/TR/xhtml1/DTD/xhtml1-transitional.dtd">
<html xmlns="http://www.w3.org/1999/xhtml" xml:lang="en" lang="en">
 <head>
  <title>
</title>
<meta http-equiv="Content-Type" content="text/html;charset=utf-8" />
  <meta name='ocr-system' content='tesseract 3.04.00' />
  <meta name='ocr-capabilities' content='ocr_page ocr_carea ocr_par ocr_line ocrx_word'/>
</head>
<body>
  <div class='ocr_page' id='page_1' title='image "./p3scriptaquaemanse02ciceuoft_0374.png"; bbox 0 0 1671 2543; ppageno 0'>
   <div class='ocr_carea' id='block_1_1' title="bbox 233 96 1233 141">
    <p class='ocr_par' dir='ltr' id='par_1_1' title="bbox 233 96 1233 141">
     <span class='ocr_line' id='line_1_1' title="bbox 233 96 1233 141; baseline -0.002 -6"><span class='ocrx_word' id='word_1_1' title='bbox 233 99 323 141; x_wconf 81' lang='grc'>226</span> <span class='ocrx_word' id='word_1_2' title='bbox 589 97 682 132; x_wconf 83' lang='lat' dir='ltr'>PRO</span> <span class='ocrx_word' id='word_1_3' title='bbox 710 96 785 133; x_wconf 81' lang='lat' dir='ltr'>CN.</span> <span class='ocrx_word' id='word_1_4' title='bbox 811 96 1017 133; x_wconf 86' lang='lat' dir='ltr'>PLANCIO</span> <span class='ocrx_word' id='word_1_5' title='bbox 1045 97 1233 133; x_wconf 85' lang='lat' dir='ltr'><strong>ORATIO.</strong></span> 
     </span>
    </p>
   </div>
   <div class='ocr_carea' id='block_1_2' title="bbox 167 204 1643 2370">
    <p class='ocr_par' dir='ltr' id='par_1_2' title="bbox 233 204 1643 553">
     <span class='ocr_line' id='line_1_2' title="bbox 234 204 1585 261; baseline 0 -13"><span class='ocrx_word' id='word_1_6' title='bbox 234 207 377 248; x_wconf 86' lang='lat' dir='ltr'>aditus</span> <span class='ocrx_word' id='word_1_7' title='bbox 407 220 642 261; x_wconf 85' lang='lat' dir='ltr'>numquam</span> <span class='ocrx_word' id='word_1_8' title='bbox 672 205 737 246; x_wconf 89' lang='lat' dir='ltr'>illi</span> <span class='ocrx_word' id='word_1_9' title='bbox 768 204 983 246; x_wconf 80' lang='lat' dir='ltr'>faciliores</span> <span class='ocrx_word' id='word_1_10' title='bbox 1016 205 1172 259; x_wconf 85' lang='lat' dir='ltr'>optavi,</span> <span class='ocrx_word' id='word_1_11' title='bbox 1205 220 1333 260; x_wconf 89' lang='lat' dir='ltr'>quam</span> <span class='ocrx_word' id='word_1_12' title='bbox 1363 206 1472 247; x_wconf 90' lang='lat' dir='ltr'>mihi</span> <span class='ocrx_word' id='word_1_13' title='bbox 1496 206 1585 248; x_wconf 81' lang='lat' dir='ltr'>fue—</span> 
     </span>
     <span class='ocr_line' id='line_1_3' title="bbox 234 263 1643 319; baseline 0 -13"><span class='ocrx_word' id='word_1_14' title='bbox 234 267 347 306; x_wconf 86' lang='lat' dir='ltr'>runt.</span> <span class='ocrx_word' id='word_1_15' title='bbox 410 264 525 314; x_wconf 82' lang='lat' dir='ltr'>Quin</span> <span class='ocrx_word' id='word_1_16' title='bbox 555 265 703 316; x_wconf 88' lang='lat' dir='ltr'>etiam,</span> <span class='ocrx_word' id='word_1_17' title='bbox 739 278 791 305; x_wconf 93' lang='lat' dir='ltr'>ne</span> <span class='ocrx_word' id='word_1_18' title='bbox 823 263 933 305; x_wconf 83' lang='lat' dir='ltr'>forte</span> <span class='ocrx_word' id='word_1_19' title='bbox 964 263 1038 304; x_wconf 88' lang='lat' dir='ltr'>ille</span> <span class='ocrx_word' id='word_1_20' title='bbox 1070 264 1155 305; x_wconf 89' lang='lat' dir='ltr'>sibi</span> <span class='ocrx_word' id='word_1_21' title='bbox 1185 278 1253 305; x_wconf 90' lang='lat' dir='ltr'>me</span> <span class='ocrx_word' id='word_1_22' title='bbox 1283 264 1429 318; x_wconf 90' lang='lat' dir='ltr'>potius</span> <span class='ocrx_word' id='word_1_23' title='bbox 1460 279 1584 319; x_wconf 88' lang='lat' dir='ltr'>pepe·</span> <span class='ocrx_word' id='word_1_24' title='bbox 1640 274 1643 277; x_wconf 73' lang='grc'>’</span> 
     </span>
     <span class='ocr_line' id='line_1_4' title="bbox 233 322 1584 377; baseline 0 -12"><span class='ocrx_word' id='word_1_25' title='bbox 233 324 342 365; x_wconf 80' lang='lat' dir='ltr'>risse</span> <span class='ocrx_word' id='word_1_26' title='bbox 379 323 466 364; x_wconf 90' lang='lat' dir='ltr'>iam</span> <span class='ocrx_word' id='word_1_27' title='bbox 502 324 687 364; x_wconf 85' lang='lat' dir='ltr'>honores</span> <span class='ocrx_word' id='word_1_28' title='bbox 726 336 854 376; x_wconf 90' lang='lat' dir='ltr'>quam</span> <span class='ocrx_word' id='word_1_29' title='bbox 890 322 972 363; x_wconf 88' lang='lat' dir='ltr'>iter</span> <span class='ocrx_word' id='word_1_30' title='bbox 1003 322 1317 364; x_wconf 71' lang='lat' dir='ltr'>demonstrasse</span> <span class='ocrx_word' id='word_1_31' title='bbox 1350 323 1584 377; x_wconf 89' lang='lat' dir='ltr'>adipiscen-</span> 
     </span>
     <span class='ocr_line' id='line_1_5' title="bbox 235 380 1585 437; baseline 0 -14"><span class='ocrx_word' id='word_1_32' title='bbox 235 382 389 424; x_wconf 87' lang='lat' dir='ltr'>dorum</span> <span class='ocrx_word' id='word_1_33' title='bbox 417 384 553 436; x_wconf 88' lang='lat' dir='ltr'>putet,</span> <span class='ocrx_word' id='word_1_34' title='bbox 583 381 688 423; x_wconf 85' lang='lat' dir='ltr'>haec</span> <span class='ocrx_word' id='word_1_35' title='bbox 720 381 784 422; x_wconf 89' lang='lat' dir='ltr'>illi</span> <span class='ocrx_word' id='word_1_36' title='bbox 814 381 930 422; x_wconf 90' lang='lat' dir='ltr'>soleo</span> <span class='ocrx_word' id='word_1_37' title='bbox 956 381 1201 435; x_wconf 79' lang='lat' dir='ltr'>praecipere</span> <span class='ocrx_word' id='word_1_38' title='bbox 1229 380 1506 437; x_wconf 88' lang='lat' dir='ltr'>(quamquam</span> <span class='ocrx_word' id='word_1_39' title='bbox 1531 382 1585 423; x_wconf 86' lang='lat' dir='ltr'>ad</span> 
     </span>
     <span class='ocr_line' id='line_1_6' title="bbox 234 437 1639 495; baseline 0.001 -14"><span class='ocrx_word' id='word_1_40' title='bbox 234 443 463 495; x_wconf 87' lang='lat' dir='ltr'>praecepta</span> <span class='ocrx_word' id='word_1_41' title='bbox 494 442 611 481; x_wconf 89' lang='lat' dir='ltr'>aetas</span> <span class='ocrx_word' id='word_1_42' title='bbox 642 454 729 481; x_wconf 91' lang='lat' dir='ltr'>non</span> <span class='ocrx_word' id='word_1_43' title='bbox 761 442 826 481; x_wconf 90' lang='lat' dir='ltr'>est</span> <span class='ocrx_word' id='word_1_44' title='bbox 857 437 1063 495; x_wconf 85' lang='lat' dir='ltr'>grandis),</span> <span class='ocrx_word' id='word_1_45' title='bbox 1096 454 1201 494; x_wconf 86' lang='lat' dir='ltr'>quae</span> <span class='ocrx_word' id='word_1_46' title='bbox 1227 455 1302 481; x_wconf 83' lang='lat' dir='ltr'>rex</span> <span class='ocrx_word' id='word_1_47' title='bbox 1333 440 1406 482; x_wconf 89' lang='lat' dir='ltr'>ille</span> <span class='ocrx_word' id='word_1_48' title='bbox 1432 455 1457 481; x_wconf 90' lang='lat' dir='ltr'>a</span> <span class='ocrx_word' id='word_1_49' title='bbox 1482 440 1584 482; x_wconf 85' lang='lat' dir='ltr'>Iove</span> <span class='ocrx_word' id='word_1_50' title='bbox 1620 450 1639 476; x_wconf 68' lang='grc' dir='ltr'><strong>ὁ</strong></span> 
     </span>
     <span class='ocr_line' id='line_1_7' title="bbox 236 498 879 553; baseline -0.005 -12"><span class='ocrx_word' id='word_1_51' title='bbox 236 502 356 541; x_wconf 89' lang='lat' dir='ltr'>ortus</span> <span class='ocrx_word' id='word_1_52' title='bbox 389 499 477 540; x_wconf 91' lang='lat' dir='ltr'>suis</span> <span class='ocrx_word' id='word_1_53' title='bbox 508 498 728 553; x_wconf 86' lang='lat' dir='ltr'>praecepit</span> <span class='ocrx_word' id='word_1_54' title='bbox 758 498 879 539; x_wconf 86' lang='lat' dir='ltr'>filiis:</span> 
     </span>
    </p>

    <p class='ocr_par' dir='ltr' id='par_1_3' title="bbox 296 557 1585 613">
     <span class='ocr_line' id='line_1_8' title="bbox 296 557 1585 613; baseline 0 -15"><span class='ocrx_word' id='word_1_55' title='bbox 296 558 626 613; x_wconf 76' lang='lat' dir='ltr'>Vigilandum</span> <span class='ocrx_word' id='word_1_56' title='bbox 656 559 733 598; x_wconf 89' lang='lat' dir='ltr'>est</span> <span class='ocrx_word' id='word_1_57' title='bbox 758 571 972 611; x_wconf 83' lang='lat' dir='ltr'>semper3</span> <span class='ocrx_word' id='word_1_58' title='bbox 997 557 1189 598; x_wconf 77' lang='lat' dir='ltr'>multae</span> <span class='ocrx_word' id='word_1_59' title='bbox 1214 557 1436 599; x_wconf 86' lang='lat' dir='ltr'>insidiae</span> <span class='ocrx_word' id='word_1_60' title='bbox 1463 560 1585 599; x_wconf 75' lang='lat' dir='ltr'>sunt</span> 
     </span>
    </p>

    <p class='ocr_par' dir='ltr' id='par_1_4' title="bbox 234 616 1525 732">
     <span class='ocr_line' id='line_1_9' title="bbox 1364 616 1525 658; baseline -0.006 0"><span class='ocrx_word' id='word_1_61' title='bbox 1364 616 1525 658; x_wconf 92' lang='lat' dir='ltr'>bonis.</span> 
     </span>
     <span class='ocr_line' id='line_1_10' title="bbox 234 674 804 732; baseline -0.002 -16"><span class='ocrx_word' id='word_1_62' title='bbox 234 674 389 732; x_wconf 80' lang='lat' dir='ltr'>Nostis</span> <span class='ocrx_word' id='word_1_63' title='bbox 423 676 581 728; x_wconf 79' lang='lat' dir='ltr'>cetera3</span> <span class='ocrx_word' id='word_1_64' title='bbox 615 674 804 725; x_wconf 84' lang='lat' dir='ltr'>[nonne‘?</span> 
     </span>
    </p>

    <p class='ocr_par' dir='ltr' id='par_1_5' title="bbox 235 731 1640 1009">
     <span class='ocr_line' id='line_1_11' title="bbox 295 731 1640 787; baseline -0.004 -13"><span class='ocrx_word' id='word_1_65' title='bbox 295 734 352 774; x_wconf 89' lang='lat' dir='ltr'>Id</span> <span class='ocrx_word' id='word_1_66' title='bbox 384 734 513 787; x_wconf 89' lang='lat' dir='ltr'>quod</span> <span class='ocrx_word' id='word_1_67' title='bbox 544 733 695 774; x_wconf 89' lang='lat' dir='ltr'>multi</span> <span class='ocrx_word' id='word_1_68' title='bbox 726 731 1014 785; x_wconf 75' lang='lat' dir='ltr'>invideant]</span> <span class='ocrx_word' id='word_1_69' title='bbox 1605 743 1640 770; x_wconf 79' lang='grc' dir='ltr'>ιο</span> 
     </span>
     <span class='ocr_line' id='line_1_12' title="bbox 236 790 1586 847; baseline 0.001 -15"><span class='ocrx_word' id='word_1_70' title='bbox 236 806 344 846; x_wconf 90' lang='lat' dir='ltr'>quae</span> <span class='ocrx_word' id='word_1_71' title='bbox 368 790 550 846; x_wconf 77' lang='lat' dir='ltr'>&#39;scripsit</span> <span class='ocrx_word' id='word_1_72' title='bbox 579 791 722 847; x_wconf 85' lang='lat' dir='ltr'>gravis</span> <span class='ocrx_word' id='word_1_73' title='bbox 749 794 792 832; x_wconf 92' lang='lat' dir='ltr'>et</span> <span class='ocrx_word' id='word_1_74' title='bbox 815 791 1064 846; x_wconf 89' lang='lat' dir='ltr'>ingeniosus</span> <span class='ocrx_word' id='word_1_75' title='bbox 1089 793 1228 846; x_wconf 70' lang='lat' dir='ltr'>poeta,</span> <span class='ocrx_word' id='word_1_76' title='bbox 1263 792 1471 846; x_wconf 88' lang='lat' dir='ltr'>[scripsit]</span> <span class='ocrx_word' id='word_1_77' title='bbox 1497 806 1586 834; x_wconf 91' lang='lat' dir='ltr'>non</span> 
     </span>
     <span class='ocr_line' id='line_1_13' title="bbox 235 850 1586 905; baseline 0.001 -14"><span class='ocrx_word' id='word_1_78' title='bbox 235 854 284 891; x_wconf 91' lang='lat' dir='ltr'>ut</span> <span class='ocrx_word' id='word_1_79' title='bbox 315 850 413 891; x_wconf 90' lang='lat' dir='ltr'>illos</span> <span class='ocrx_word' id='word_1_80' title='bbox 445 850 588 905; x_wconf 89' lang='lat' dir='ltr'>regios</span> <span class='ocrx_word' id='word_1_81' title='bbox 619 864 787 905; x_wconf 85' lang='lat' dir='ltr'>pueros,</span> <span class='ocrx_word' id='word_1_82' title='bbox 820 850 893 904; x_wconf 89' lang='lat' dir='ltr'>qui</span> <span class='ocrx_word' id='word_1_83' title='bbox 923 850 1011 891; x_wconf 90' lang='lat' dir='ltr'>iam</span> <span class='ocrx_word' id='word_1_84' title='bbox 1035 864 1247 905; x_wconf 77' lang='lat' dir='ltr'>nusquam</span> <span class='ocrx_word' id='word_1_85' title='bbox 1273 852 1406 904; x_wconf 89' lang='lat' dir='ltr'>erant,</span> <span class='ocrx_word' id='word_1_86' title='bbox 1438 851 1512 892; x_wconf 90' lang='lat' dir='ltr'>sed</span> <span class='ocrx_word' id='word_1_87' title='bbox 1536 853 1586 892; x_wconf 91' lang='lat' dir='ltr'>ut</span> 
     </span>
     <span class='ocr_line' id='line_1_14' title="bbox 235 909 1586 952; baseline 0 -2"><span class='ocrx_word' id='word_1_88' title='bbox 235 923 315 950; x_wconf 87' lang='lat' dir='ltr'>nos</span> <span class='ocrx_word' id='word_1_89' title='bbox 353 911 395 949; x_wconf 85' lang='lat' dir='ltr'>et</span> <span class='ocrx_word' id='word_1_90' title='bbox 430 911 602 950; x_wconf 86' lang='lat' dir='ltr'>nostros</span> <span class='ocrx_word' id='word_1_91' title='bbox 641 909 800 950; x_wconf 90' lang='lat' dir='ltr'>liberos</span> <span class='ocrx_word' id='word_1_92' title='bbox 839 909 891 949; x_wconf 89' lang='lat' dir='ltr'>ad</span> <span class='ocrx_word' id='word_1_93' title='bbox 928 909 1121 950; x_wconf 85' lang='lat' dir='ltr'>laborem</span> <span class='ocrx_word' id='word_1_94' title='bbox 1153 911 1195 950; x_wconf 89' lang='lat' dir='ltr'>et</span> <span class='ocrx_word' id='word_1_95' title='bbox 1230 909 1282 950; x_wconf 90' lang='lat' dir='ltr'>ad</span> <span class='ocrx_word' id='word_1_96' title='bbox 1318 909 1488 952; x_wconf 89' lang='lat' dir='ltr'>laudem</span> <span class='ocrx_word' id='word_1_97' title='bbox 1519 924 1586 950; x_wconf 84' lang='lat' dir='ltr'>ex-</span> 
     </span>
     <span class='ocr_line' id='line_1_15' title="bbox 238 968 402 1009; baseline -0.006 0"><span class='ocrx_word' id='word_1_98' title='bbox 238 968 402 1009; x_wconf 90' lang='lat' dir='ltr'>citaret.</span> 
     </span>
    </p>

    <p class='ocr_par' dir='ltr' id='par_1_6' title="bbox 177 1025 1637 1257">
     <span class='ocr_line' id='line_1_16' title="bbox 177 1025 1637 1081; baseline -0.001 -14"><span class='ocrx_word' id='word_1_99' title='bbox 177 1036 222 1067; x_wconf 79' lang='grc'>60</span> <span class='ocrx_word' id='word_1_100' title='bbox 327 1025 523 1080; x_wconf 80' lang='lat' dir='ltr'>Quaeris,</span> <span class='ocrx_word' id='word_1_101' title='bbox 569 1026 670 1080; x_wconf 91' lang='lat' dir='ltr'>quid</span> <span class='ocrx_word' id='word_1_102' title='bbox 712 1026 902 1080; x_wconf 88' lang='lat' dir='ltr'>potuerit</span> <span class='ocrx_word' id='word_1_103' title='bbox 941 1026 1124 1080; x_wconf 88' lang='lat' dir='ltr'>amplius</span> <span class='ocrx_word' id='word_1_104' title='bbox 1164 1026 1334 1080; x_wconf 87' lang='lat' dir='ltr'>assequi</span> <span class='ocrx_word' id='word_1_105' title='bbox 1370 1026 1584 1081; x_wconf 77' lang='lat' dir='ltr'>Plancius,</span> <span class='ocrx_word' id='word_1_106' title='bbox 1604 1039 1637 1066; x_wconf 82' lang='lat'>15</span> 
     </span>
     <span class='ocr_line' id='line_1_17' title="bbox 237 1083 1586 1140; baseline 0.001 -14"><span class='ocrx_word' id='word_1_107' title='bbox 237 1084 275 1126; x_wconf 88' lang='lat' dir='ltr'>si</span> <span class='ocrx_word' id='word_1_108' title='bbox 307 1084 380 1127; x_wconf 84' lang='lat' dir='ltr'>On.</span> <span class='ocrx_word' id='word_1_109' title='bbox 415 1083 628 1139; x_wconf 83' lang='lat' dir='ltr'>Scipionis</span> <span class='ocrx_word' id='word_1_110' title='bbox 659 1084 813 1126; x_wconf 83' lang='lat' dir='ltr'>fuisset</span> <span class='ocrx_word' id='word_1_111' title='bbox 844 1085 970 1126; x_wconf 88' lang='lat' dir='ltr'>filius.</span> <span class='ocrx_word' id='word_1_112' title='bbox 1019 1084 1160 1140; x_wconf 88' lang='lat' dir='ltr'>Magis</span> <span class='ocrx_word' id='word_1_113' title='bbox 1194 1085 1343 1126; x_wconf 88' lang='lat' dir='ltr'>aedilis</span> <span class='ocrx_word' id='word_1_114' title='bbox 1374 1085 1468 1127; x_wconf 88' lang='lat' dir='ltr'>fieri</span> <span class='ocrx_word' id='word_1_115' title='bbox 1497 1100 1586 1127; x_wconf 88' lang='lat' dir='ltr'>non</span> 
     </span>
     <span class='ocr_line' id='line_1_18' title="bbox 236 1143 1584 1198; baseline 0 -13"><span class='ocrx_word' id='word_1_116' title='bbox 236 1143 462 1198; x_wconf 90' lang='lat' dir='ltr'>potuisset,</span> <span class='ocrx_word' id='word_1_117' title='bbox 495 1143 568 1184; x_wconf 88' lang='lat' dir='ltr'>sed</span> <span class='ocrx_word' id='word_1_118' title='bbox 598 1143 680 1184; x_wconf 82' lang='lat' dir='ltr'>hoc</span> <span class='ocrx_word' id='word_1_119' title='bbox 711 1146 961 1197; x_wconf 71' lang='lat' dir='ltr'>praestaret,</span> <span class='ocrx_word' id='word_1_120' title='bbox 994 1144 1107 1197; x_wconf 91' lang='lat' dir='ltr'>quod</span> <span class='ocrx_word' id='word_1_121' title='bbox 1139 1143 1178 1185; x_wconf 92' lang='lat' dir='ltr'>ei</span> <span class='ocrx_word' id='word_1_122' title='bbox 1208 1143 1350 1185; x_wconf 85' lang='lat' dir='ltr'>minus</span> <span class='ocrx_word' id='word_1_123' title='bbox 1375 1143 1584 1186; x_wconf 85' lang='lat' dir='ltr'>invidere—</span> 
     </span>
     <span class='ocr_line' id='line_1_19' title="bbox 237 1201 1585 1257; baseline 0.001 -15"><span class='ocrx_word' id='word_1_124' title='bbox 237 1204 318 1243; x_wconf 89' lang='lat' dir='ltr'>tur.</span> <span class='ocrx_word' id='word_1_125' title='bbox 385 1202 559 1242; x_wconf 88' lang='lat' dir='ltr'>Etenim</span> <span class='ocrx_word' id='word_1_126' title='bbox 594 1201 808 1243; x_wconf 87' lang='lat' dir='ltr'>honorum</span> <span class='ocrx_word' id='word_1_127' title='bbox 844 1202 1001 1257; x_wconf 88' lang='lat' dir='ltr'>gradus</span> <span class='ocrx_word' id='word_1_128' title='bbox 1040 1202 1218 1243; x_wconf 89' lang='lat' dir='ltr'>summis</span> <span class='ocrx_word' id='word_1_129' title='bbox 1255 1202 1503 1244; x_wconf 83' lang='lat' dir='ltr'>hominibus</span> <span class='ocrx_word' id='word_1_130' title='bbox 1541 1205 1585 1244; x_wconf 86' lang='lat' dir='ltr'>et</span> 
     </span>
    </p>

    <p class='ocr_par' dir='ltr' id='par_1_7' title="bbox 167 1258 1640 2193">
     <span class='ocr_line' id='line_1_20' title="bbox 167 1258 1583 1315; baseline 0.001 -15"><span class='ocrx_word' id='word_1_131' title='bbox 167 1258 223 1299; x_wconf 80' lang='lat'>25</span> <span class='ocrx_word' id='word_1_132' title='bbox 238 1260 396 1301; x_wconf 87' lang='lat' dir='ltr'>infimis</span> <span class='ocrx_word' id='word_1_133' title='bbox 428 1263 528 1301; x_wconf 91' lang='lat' dir='ltr'>sunt</span> <span class='ocrx_word' id='word_1_134' title='bbox 558 1274 694 1313; x_wconf 83' lang='lat' dir='ltr'>pareS,</span> <span class='ocrx_word' id='word_1_135' title='bbox 726 1260 889 1315; x_wconf 88' lang='lat' dir='ltr'>gloriae</span> <span class='ocrx_word' id='word_1_136' title='bbox 921 1261 1124 1314; x_wconf 83' lang='lat' dir='ltr'>dispares.</span> <span class='ocrx_word' id='word_1_137' title='bbox 1175 1260 1280 1309; x_wconf 82' lang='lat' dir='ltr'>Quis</span> <span class='ocrx_word' id='word_1_138' title='bbox 1310 1263 1508 1302; x_wconf 90' lang='lat' dir='ltr'>nostrum</span> <span class='ocrx_word' id='word_1_139' title='bbox 1539 1275 1583 1302; x_wconf 90' lang='lat' dir='ltr'>se</span> 
     </span>
     <span class='ocr_line' id='line_1_21' title="bbox 238 1317 1640 1373; baseline -0.001 -13"><span class='ocrx_word' id='word_1_140' title='bbox 238 1319 343 1360; x_wconf 87' lang='lat' dir='ltr'>dicit</span> <span class='ocrx_word' id='word_1_141' title='bbox 362 1318 432 1360; x_wconf 83' lang='grc' dir='ltr'>Μ’.</span> <span class='ocrx_word' id='word_1_142' title='bbox 458 1317 599 1372; x_wconf 88' lang='lat' dir='ltr'>Curio,</span> <span class='ocrx_word' id='word_1_143' title='bbox 625 1318 720 1372; x_wconf 92' lang='lat' dir='ltr'>quis</span> <span class='ocrx_word' id='word_1_144' title='bbox 741 1317 785 1361; x_wconf 81' lang='lat' dir='ltr'>O.</span> <span class='ocrx_word' id='word_1_145' title='bbox 808 1318 1019 1373; x_wconf 87' lang='lat' dir='ltr'>Fabricio,</span> <span class='ocrx_word' id='word_1_146' title='bbox 1046 1319 1141 1373; x_wconf 89' lang='lat' dir='ltr'>quis</span> <span class='ocrx_word' id='word_1_147' title='bbox 1162 1318 1206 1360; x_wconf 81' lang='lat' dir='ltr'>O.</span> <span class='ocrx_word' id='word_1_148' title='bbox 1225 1318 1397 1361; x_wconf 86' lang='lat' dir='ltr'>Duellio</span> <span class='ocrx_word' id='word_1_149' title='bbox 1423 1334 1582 1373; x_wconf 90' lang='lat' dir='ltr'>parem,</span> <span class='ocrx_word' id='word_1_150' title='bbox 1604 1334 1640 1360; x_wconf 83' lang='lat'>20</span> 
     </span>
     <span class='ocr_line' id='line_1_22' title="bbox 239 1375 1583 1433; baseline 0.001 -15"><span class='ocrx_word' id='word_1_151' title='bbox 239 1377 335 1431; x_wconf 91' lang='lat' dir='ltr'>quis</span> <span class='ocrx_word' id='word_1_152' title='bbox 366 1376 503 1418; x_wconf 87' lang='lat' dir='ltr'>Atilio</span> <span class='ocrx_word' id='word_1_153' title='bbox 536 1375 745 1431; x_wconf 84' lang='lat' dir='ltr'>Calatino,</span> <span class='ocrx_word' id='word_1_154' title='bbox 783 1377 877 1431; x_wconf 89' lang='lat' dir='ltr'>quis</span> <span class='ocrx_word' id='word_1_155' title='bbox 910 1376 984 1419; x_wconf 85' lang='lat' dir='ltr'>Cn.</span> <span class='ocrx_word' id='word_1_156' title='bbox 1017 1379 1059 1419; x_wconf 89' lang='lat' dir='ltr'>et</span> <span class='ocrx_word' id='word_1_157' title='bbox 1090 1377 1136 1418; x_wconf 91' lang='lat' dir='ltr'>P.</span> <span class='ocrx_word' id='word_1_158' title='bbox 1170 1376 1455 1432; x_wconf 81' lang='lat' dir='ltr'>Scipionibus,</span> <span class='ocrx_word' id='word_1_159' title='bbox 1488 1378 1583 1433; x_wconf 91' lang='lat' dir='ltr'>quis</span> 
     </span>
     <span class='ocr_line' id='line_1_23' title="bbox 238 1434 1583 1489; baseline 0.001 -13"><span class='ocrx_word' id='word_1_160' title='bbox 238 1435 462 1489; x_wconf 86' lang='lat' dir='ltr'>Africano,</span> <span class='ocrx_word' id='word_1_161' title='bbox 499 1434 722 1489; x_wconf 85' lang='lat' dir='ltr'>Marcello,</span> <span class='ocrx_word' id='word_1_162' title='bbox 759 1435 977 1477; x_wconf 80' lang='lat' dir='ltr'>Maximo?</span> <span class='ocrx_word' id='word_1_163' title='bbox 1038 1435 1199 1477; x_wconf 89' lang='lat' dir='ltr'>Tamen</span> <span class='ocrx_word' id='word_1_164' title='bbox 1233 1437 1404 1478; x_wconf 87' lang='lat' dir='ltr'>eosdem</span> <span class='ocrx_word' id='word_1_165' title='bbox 1436 1451 1583 1478; x_wconf 89' lang='lat' dir='ltr'>sumus</span> 
     </span>
     <span class='ocr_line' id='line_1_24' title="bbox 237 1494 1583 1549; baseline 0.001 -15"><span class='ocrx_word' id='word_1_166' title='bbox 237 1494 451 1535; x_wconf 89' lang='lat' dir='ltr'>honorum</span> <span class='ocrx_word' id='word_1_167' title='bbox 483 1494 639 1549; x_wconf 86' lang='lat' dir='ltr'>gradus</span> <span class='ocrx_word' id='word_1_168' title='bbox 673 1508 780 1548; x_wconf 91' lang='lat' dir='ltr'>quos</span> <span class='ocrx_word' id='word_1_169' title='bbox 811 1494 876 1535; x_wconf 93' lang='lat' dir='ltr'>illi</span> <span class='ocrx_word' id='word_1_170' title='bbox 905 1494 1105 1535; x_wconf 86' lang='lat' dir='ltr'>adsecuti.</span> <span class='ocrx_word' id='word_1_171' title='bbox 1154 1494 1328 1536; x_wconf 85' lang='lat' dir='ltr'>Etenim</span> <span class='ocrx_word' id='word_1_172' title='bbox 1353 1495 1399 1536; x_wconf 94' lang='lat' dir='ltr'>in</span> <span class='ocrx_word' id='word_1_173' title='bbox 1422 1495 1583 1537; x_wconf 82' lang='lat' dir='ltr'>virtute</span> 
     </span>
     <span class='ocr_line' id='line_1_25' title="bbox 237 1552 1584 1608; baseline 0.001 -15"><span class='ocrx_word' id='word_1_174' title='bbox 237 1552 367 1593; x_wconf 90' lang='lat' dir='ltr'>multi</span> <span class='ocrx_word' id='word_1_175' title='bbox 409 1554 509 1593; x_wconf 88' lang='lat' dir='ltr'>sunt</span> <span class='ocrx_word' id='word_1_176' title='bbox 548 1552 793 1606; x_wconf 86' lang='lat' dir='ltr'>adscensus,</span> <span class='ocrx_word' id='word_1_177' title='bbox 837 1555 885 1593; x_wconf 89' lang='lat' dir='ltr'>ut</span> <span class='ocrx_word' id='word_1_178' title='bbox 922 1553 958 1593; x_wconf 91' lang='lat' dir='ltr'>is</span> <span class='ocrx_word' id='word_1_179' title='bbox 996 1553 1178 1594; x_wconf 84' lang='lat' dir='ltr'>maxime</span> <span class='ocrx_word' id='word_1_180' title='bbox 1216 1554 1356 1608; x_wconf 90' lang='lat' dir='ltr'>gloria</span> <span class='ocrx_word' id='word_1_181' title='bbox 1392 1554 1584 1608; x_wconf 82' lang='lat' dir='ltr'>excellat,</span> 
     </span>
     <span class='ocr_line' id='line_1_26' title="bbox 239 1610 1636 1666; baseline 0 -14"><span class='ocrx_word' id='word_1_182' title='bbox 239 1610 313 1665; x_wconf 90' lang='lat' dir='ltr'>qui</span> <span class='ocrx_word' id='word_1_183' title='bbox 350 1610 509 1651; x_wconf 85' lang='lat' dir='ltr'>virtute</span> <span class='ocrx_word' id='word_1_184' title='bbox 545 1611 779 1665; x_wconf 88' lang='lat' dir='ltr'>plurimum</span> <span class='ocrx_word' id='word_1_185' title='bbox 815 1613 1021 1665; x_wconf 82' lang='lat' dir='ltr'>praestet3</span> <span class='ocrx_word' id='word_1_186' title='bbox 1058 1612 1271 1653; x_wconf 88' lang='lat' dir='ltr'>honorum</span> <span class='ocrx_word' id='word_1_187' title='bbox 1301 1613 1451 1666; x_wconf 90' lang='lat' dir='ltr'>populi</span> <span class='ocrx_word' id='word_1_188' title='bbox 1482 1613 1581 1654; x_wconf 83' lang='lat' dir='ltr'>finis</span> <span class='ocrx_word' id='word_1_189' title='bbox 1601 1626 1636 1652; x_wconf 82' lang='lat'>25</span> 
     </span>
     <span class='ocr_line' id='line_1_27' title="bbox 239 1669 1583 1726; baseline 0.001 -16"><span class='ocrx_word' id='word_1_190' title='bbox 239 1671 305 1710; x_wconf 89' lang='lat' dir='ltr'>est</span> <span class='ocrx_word' id='word_1_191' title='bbox 337 1669 599 1724; x_wconf 81' lang='lat' dir='ltr'>consulatus3</span> <span class='ocrx_word' id='word_1_192' title='bbox 631 1684 757 1724; x_wconf 90' lang='lat' dir='ltr'>quem</span> <span class='ocrx_word' id='word_1_193' title='bbox 788 1670 1090 1724; x_wconf 88' lang='lat' dir='ltr'>magistratum</span> <span class='ocrx_word' id='word_1_194' title='bbox 1121 1670 1208 1711; x_wconf 87' lang='lat' dir='ltr'>iam</span> <span class='ocrx_word' id='word_1_195' title='bbox 1234 1671 1471 1726; x_wconf 81' lang='lat' dir='ltr'>octingenti</span> <span class='ocrx_word' id='word_1_196' title='bbox 1495 1670 1583 1712; x_wconf 84' lang='lat' dir='ltr'>fere</span> 
     </span>
     <span class='ocr_line' id='line_1_28' title="bbox 240 1727 1584 1784; baseline 0.002 -16"><span class='ocrx_word' id='word_1_197' title='bbox 240 1728 458 1769; x_wconf 82' lang='lat' dir='ltr'>consecuti</span> <span class='ocrx_word' id='word_1_198' title='bbox 484 1730 594 1769; x_wconf 86' lang='lat' dir='ltr'>sunt.</span> <span class='ocrx_word' id='word_1_199' title='bbox 642 1727 821 1782; x_wconf 91' lang='lat' dir='ltr'>Horum,</span> <span class='ocrx_word' id='word_1_200' title='bbox 848 1729 883 1769; x_wconf 92' lang='lat' dir='ltr'>si</span> <span class='ocrx_word' id='word_1_201' title='bbox 910 1729 1138 1784; x_wconf 83' lang='lat' dir='ltr'>diligenter</span> <span class='ocrx_word' id='word_1_202' title='bbox 1164 1744 1354 1784; x_wconf 87' lang='lat' dir='ltr'>quaeres,</span> <span class='ocrx_word' id='word_1_203' title='bbox 1379 1730 1451 1770; x_wconf 86' lang='lat' dir='ltr'>vix</span> <span class='ocrx_word' id='word_1_204' title='bbox 1476 1730 1584 1771; x_wconf 90' lang='lat' dir='ltr'>deci-</span> 
     </span>
     <span class='ocr_line' id='line_1_29' title="bbox 238 1787 1584 1842; baseline 0.002 -15"><span class='ocrx_word' id='word_1_205' title='bbox 238 1800 355 1827; x_wconf 89' lang='lat' dir='ltr'>mam</span> <span class='ocrx_word' id='word_1_206' title='bbox 391 1789 559 1840; x_wconf 88' lang='lat' dir='ltr'>partem</span> <span class='ocrx_word' id='word_1_207' title='bbox 589 1787 774 1841; x_wconf 88' lang='lat' dir='ltr'>reperies</span> <span class='ocrx_word' id='word_1_208' title='bbox 807 1787 946 1841; x_wconf 88' lang='lat' dir='ltr'>gloria</span> <span class='ocrx_word' id='word_1_209' title='bbox 977 1788 1161 1842; x_wconf 81' lang='lat' dir='ltr'>dignam.</span> <span class='ocrx_word' id='word_1_210' title='bbox 1225 1787 1307 1829; x_wconf 89' lang='lat' dir='ltr'>Sed</span> <span class='ocrx_word' id='word_1_211' title='bbox 1336 1803 1462 1830; x_wconf 90' lang='lat' dir='ltr'>nemo</span> <span class='ocrx_word' id='word_1_212' title='bbox 1494 1803 1584 1830; x_wconf 89' lang='lat' dir='ltr'>um-</span> 
     </span>
     <span class='ocr_line' id='line_1_30' title="bbox 240 1844 1584 1901; baseline 0.002 -16"><span class='ocrx_word' id='word_1_213' title='bbox 240 1859 368 1899; x_wconf 87' lang='lat' dir='ltr'>quam</span> <span class='ocrx_word' id='word_1_214' title='bbox 397 1845 458 1886; x_wconf 91' lang='lat' dir='ltr'>sic</span> <span class='ocrx_word' id='word_1_215' title='bbox 490 1845 579 1900; x_wconf 87' lang='lat' dir='ltr'>egit</span> <span class='ocrx_word' id='word_1_216' title='bbox 609 1848 658 1886; x_wconf 91' lang='lat' dir='ltr'>ut</span> <span class='ocrx_word' id='word_1_217' title='bbox 689 1848 754 1886; x_wconf 89' lang='lat' dir='ltr'>tu:</span> <span class='ocrx_word' id='word_1_218' title='bbox 788 1844 889 1888; x_wconf 73' lang='lat' dir='ltr'>‘Cur</span> <span class='ocrx_word' id='word_1_219' title='bbox 914 1846 996 1887; x_wconf 89' lang='lat' dir='ltr'>iste</span> <span class='ocrx_word' id='word_1_220' title='bbox 1022 1847 1073 1887; x_wconf 87' lang='lat' dir='ltr'>fit</span> <span class='ocrx_word' id='word_1_221' title='bbox 1099 1847 1283 1888; x_wconf 83' lang='lat' dir='ltr'>consul?</span> <span class='ocrx_word' id='word_1_222' title='bbox 1315 1847 1416 1901; x_wconf 86' lang='lat' dir='ltr'>quid</span> <span class='ocrx_word' id='word_1_223' title='bbox 1439 1847 1584 1901; x_wconf 91' lang='lat' dir='ltr'>potuit</span> 
     </span>
     <span class='ocr_line' id='line_1_31' title="bbox 240 1903 1636 1960; baseline -0.001 -15"><span class='ocrx_word' id='word_1_224' title='bbox 240 1903 442 1958; x_wconf 87' lang='lat' dir='ltr'>amplius,</span> <span class='ocrx_word' id='word_1_225' title='bbox 479 1903 516 1945; x_wconf 90' lang='lat' dir='ltr'>si</span> <span class='ocrx_word' id='word_1_226' title='bbox 546 1903 593 1945; x_wconf 92' lang='lat' dir='ltr'>L.</span> <span class='ocrx_word' id='word_1_227' title='bbox 631 1903 791 1946; x_wconf 88' lang='lat' dir='ltr'>Brutus</span> <span class='ocrx_word' id='word_1_228' title='bbox 829 1908 957 1959; x_wconf 90' lang='lat' dir='ltr'>esset,</span> <span class='ocrx_word' id='word_1_229' title='bbox 996 1905 1068 1960; x_wconf 91' lang='lat' dir='ltr'>qui</span> <span class='ocrx_word' id='word_1_230' title='bbox 1106 1905 1324 1947; x_wconf 86' lang='lat' dir='ltr'>civitatem</span> <span class='ocrx_word' id='word_1_231' title='bbox 1361 1906 1583 1947; x_wconf 89' lang='lat' dir='ltr'>dominatu</span> <span class='ocrx_word' id='word_1_232' title='bbox 1601 1918 1636 1944; x_wconf 86' lang='lat'>30</span> 
     </span>
     <span class='ocr_line' id='line_1_32' title="bbox 239 1961 1581 2018; baseline 0.002 -16"><span class='ocrx_word' id='word_1_233' title='bbox 239 1962 360 2017; x_wconf 89' lang='lat' dir='ltr'>regio</span> <span class='ocrx_word' id='word_1_234' title='bbox 386 1961 629 2004; x_wconf 78' lang='lat' dir='ltr'>liberavit?’</span> <span class='ocrx_word' id='word_1_235' title='bbox 679 1962 853 2004; x_wconf 89' lang='lat' dir='ltr'>Honore</span> <span class='ocrx_word' id='word_1_236' title='bbox 877 1963 986 2005; x_wconf 89' lang='lat' dir='ltr'>nihil</span> <span class='ocrx_word' id='word_1_237' title='bbox 1013 1964 1208 2018; x_wconf 87' lang='lat' dir='ltr'>amplius,</span> <span class='ocrx_word' id='word_1_238' title='bbox 1239 1964 1361 2005; x_wconf 89' lang='lat' dir='ltr'>laude</span> <span class='ocrx_word' id='word_1_239' title='bbox 1388 1965 1581 2005; x_wconf 90' lang='lat' dir='ltr'>multum.</span> 
     </span>
     <span class='ocr_line' id='line_1_33' title="bbox 241 2019 1582 2077; baseline 0.001 -16"><span class='ocrx_word' id='word_1_240' title='bbox 241 2019 312 2062; x_wconf 92' lang='lat' dir='ltr'>Sic</span> <span class='ocrx_word' id='word_1_241' title='bbox 349 2020 483 2075; x_wconf 85' lang='lat' dir='ltr'>igitur</span> <span class='ocrx_word' id='word_1_242' title='bbox 520 2020 719 2063; x_wconf 89' lang='lat' dir='ltr'>Plancius</span> <span class='ocrx_word' id='word_1_243' title='bbox 755 2022 891 2063; x_wconf 89' lang='lat' dir='ltr'>nihilo</span> <span class='ocrx_word' id='word_1_244' title='bbox 930 2022 1070 2064; x_wconf 90' lang='lat' dir='ltr'>minus</span> <span class='ocrx_word' id='word_1_245' title='bbox 1110 2025 1309 2077; x_wconf 88' lang='lat' dir='ltr'>quaestor</span> <span class='ocrx_word' id='word_1_246' title='bbox 1346 2025 1410 2063; x_wconf 90' lang='lat' dir='ltr'>est</span> <span class='ocrx_word' id='word_1_247' title='bbox 1443 2022 1582 2063; x_wconf 85' lang='lat' dir='ltr'>factus</span> 
     </span>
     <span class='ocr_line' id='line_1_34' title="bbox 241 2080 1580 2135; baseline 0 -14"><span class='ocrx_word' id='word_1_248' title='bbox 241 2082 284 2121; x_wconf 88' lang='lat' dir='ltr'>et</span> <span class='ocrx_word' id='word_1_249' title='bbox 320 2080 519 2121; x_wconf 86' lang='lat' dir='ltr'>tribunus</span> <span class='ocrx_word' id='word_1_250' title='bbox 549 2080 605 2134; x_wconf 90' lang='lat' dir='ltr'>pl.</span> <span class='ocrx_word' id='word_1_251' title='bbox 640 2082 684 2121; x_wconf 91' lang='lat' dir='ltr'>et</span> <span class='ocrx_word' id='word_1_252' title='bbox 715 2080 881 2135; x_wconf 90' lang='lat' dir='ltr'>aedilis,</span> <span class='ocrx_word' id='word_1_253' title='bbox 919 2095 1046 2135; x_wconf 83' lang='lat' dir='ltr'>quam</span> <span class='ocrx_word' id='word_1_254' title='bbox 1077 2081 1114 2122; x_wconf 89' lang='lat' dir='ltr'>si</span> <span class='ocrx_word' id='word_1_255' title='bbox 1145 2083 1258 2122; x_wconf 90' lang='lat' dir='ltr'>esset</span> <span class='ocrx_word' id='word_1_256' title='bbox 1288 2095 1453 2122; x_wconf 89' lang='lat' dir='ltr'>summo</span> <span class='ocrx_word' id='word_1_257' title='bbox 1485 2081 1580 2122; x_wconf 92' lang='lat' dir='ltr'>loco</span> 
     </span>
     <span class='ocr_line' id='line_1_35' title="bbox 240 2138 1579 2193; baseline 0.001 -15"><span class='ocrx_word' id='word_1_258' title='bbox 240 2140 379 2191; x_wconf 91' lang='lat' dir='ltr'>natus,</span> <span class='ocrx_word' id='word_1_259' title='bbox 411 2138 483 2178; x_wconf 89' lang='lat' dir='ltr'>sed</span> <span class='ocrx_word' id='word_1_260' title='bbox 513 2138 618 2180; x_wconf 89' lang='lat' dir='ltr'>haec</span> <span class='ocrx_word' id='word_1_261' title='bbox 648 2139 742 2193; x_wconf 87' lang='lat' dir='ltr'>pari</span> <span class='ocrx_word' id='word_1_262' title='bbox 772 2139 867 2180; x_wconf 91' lang='lat' dir='ltr'>loco</span> <span class='ocrx_word' id='word_1_263' title='bbox 900 2140 983 2180; x_wconf 91' lang='lat' dir='ltr'>orti</span> <span class='ocrx_word' id='word_1_264' title='bbox 1015 2142 1115 2181; x_wconf 90' lang='lat' dir='ltr'>sunt</span> <span class='ocrx_word' id='word_1_265' title='bbox 1145 2139 1475 2180; x_wconf 85' lang='lat' dir='ltr'>innumerabiles</span> <span class='ocrx_word' id='word_1_266' title='bbox 1507 2139 1579 2180; x_wconf 90' lang='lat' dir='ltr'>alii</span> 
     </span>
    </p>

    <p class='ocr_par' dir='ltr' id='par_1_8' title="bbox 184 2196 1635 2370">
     <span class='ocr_line' id='line_1_36' title="bbox 184 2196 1635 2252; baseline -0.001 -16"><span class='ocrx_word' id='word_1_267' title='bbox 184 2208 226 2237; x_wconf 75' lang='lat'>61</span> <span class='ocrx_word' id='word_1_268' title='bbox 244 2196 471 2237; x_wconf 86' lang='lat' dir='ltr'>consecuti.</span> <span class='ocrx_word' id='word_1_269' title='bbox 531 2196 703 2238; x_wconf 83' lang='lat' dir='ltr'>Profers</span> <span class='ocrx_word' id='word_1_270' title='bbox 741 2197 982 2252; x_wconf 85' lang='lat' dir='ltr'>triumphos</span> <span class='ocrx_word' id='word_1_271' title='bbox 1013 2198 1059 2239; x_wconf 87' lang='lat' dir='ltr'>T.</span> <span class='ocrx_word' id='word_1_272' title='bbox 1097 2197 1198 2239; x_wconf 88' lang='lat' dir='ltr'>Didi</span> <span class='ocrx_word' id='word_1_273' title='bbox 1235 2200 1278 2239; x_wconf 91' lang='lat' dir='ltr'>et</span> <span class='ocrx_word' id='word_1_274' title='bbox 1309 2196 1353 2239; x_wconf 84' lang='lat' dir='ltr'>C.</span> <span class='ocrx_word' id='word_1_275' title='bbox 1390 2196 1502 2239; x_wconf 91' lang='lat' dir='ltr'>Mari</span> <span class='ocrx_word' id='word_1_276' title='bbox 1539 2201 1582 2239; x_wconf 91' lang='lat' dir='ltr'>et</span> <span class='ocrx_word' id='word_1_277' title='bbox 1601 2209 1635 2235; x_wconf 83' lang='lat'>35</span> 
     </span>
     <span class='ocr_line' id='line_1_37' title="bbox 244 2254 1581 2311; baseline 0.003 -17"><span class='ocrx_word' id='word_1_278' title='bbox 244 2254 424 2307; x_wconf 87' lang='lat' dir='ltr'>quaeris,</span> <span class='ocrx_word' id='word_1_279' title='bbox 457 2254 556 2308; x_wconf 90' lang='lat' dir='ltr'>quid</span> <span class='ocrx_word' id='word_1_280' title='bbox 587 2255 726 2297; x_wconf 90' lang='lat' dir='ltr'>simile</span> <span class='ocrx_word' id='word_1_281' title='bbox 756 2255 802 2297; x_wconf 91' lang='lat' dir='ltr'>in</span> <span class='ocrx_word' id='word_1_282' title='bbox 832 2255 1019 2298; x_wconf 90' lang='lat' dir='ltr'>Plancio.</span> <span class='ocrx_word' id='word_1_283' title='bbox 1071 2255 1202 2305; x_wconf 81' lang='lat' dir='ltr'>Quasi</span> <span class='ocrx_word' id='word_1_284' title='bbox 1232 2270 1330 2297; x_wconf 84' lang='lat' dir='ltr'>vero</span> <span class='ocrx_word' id='word_1_285' title='bbox 1356 2256 1442 2310; x_wconf 88' lang='lat' dir='ltr'>isti,</span> <span class='ocrx_word' id='word_1_286' title='bbox 1474 2271 1581 2311; x_wconf 92' lang='lat' dir='ltr'>quos</span> 
     </span>
     <span class='ocr_line' id='line_1_38' title="bbox 245 2314 1582 2370; baseline 0.003 -18"><span class='ocrx_word' id='word_1_287' title='bbox 245 2326 568 2368; x_wconf 87' lang='lat' dir='ltr'>commemoras,</span> <span class='ocrx_word' id='word_1_288' title='bbox 615 2316 842 2368; x_wconf 89' lang='lat' dir='ltr'>propterea</span> <span class='ocrx_word' id='word_1_289' title='bbox 891 2315 1169 2370; x_wconf 87' lang='lat' dir='ltr'>magistratus</span> <span class='ocrx_word' id='word_1_290' title='bbox 1214 2314 1419 2368; x_wconf 87' lang='lat' dir='ltr'>ceperint,</span> <span class='ocrx_word' id='word_1_291' title='bbox 1469 2316 1582 2368; x_wconf 87' lang='lat' dir='ltr'>quod</span> 
     </span>
    </p>
   </div>
  </div>
 </body>
</html>
