1671 2543
296 93 380 146 X·V1
713 92 990 128 ADNOTATIO
1017 67 1212 130 CRITICA.

293 202 327 233 et
344 199 419 243 ipse
437 199 543 243 qessit
562 200 625 245 qni
643 203 675 234 et
694 200 769 244 ipse
787 199 898 233 hostis
915 198 1000 241 fait,
1019 198 1097 220 ***
1110 199 1195 234 tulit
1207 198 1327 234 Halm.
1342 199 1374 242 Ι,
1394 214 1405 235 .·
1419 201 1481 244 qai
1499 201 1628 237 bellam

293 246 400 283 sociis
423 246 568 290 intulit,
600 246 706 291 yessit
730 245 890 288 Machly,
911 244 1050 288 ,Kays.,
1081 245 1163 280 Rex
1186 246 1302 290 igitur
1326 246 1540 291 Armenius,
1564 250 1628 293 qui

293 296 328 327 et
345 293 420 336 ipse
438 293 548 327 hostis
566 293 640 336 fait
658 292 778 326 Halm.
793 292 836 335 ΙΙ,
855 293 887 326 is
905 292 1032 336 iyitar,
1050 293 1113 337 qai
1133 293 1261 327 bellum
1278 293 1417 336 intulit,
1436 295 1500 338 qai
1518 295 1626 330 laces-

294 340 379 373 sivit
397 339 522 382 Koch„
549 339 627 382 Eb.,
653 339 729 374 Hie
747 340 873 383 iyitar,
898 339 961 382 qui
979 349 1059 373 cum
1082 340 1188 374 sociis
1211 340 1345 374 nostris
1369 341 1498 375 bellum
1520 343 1628 386 yessit

293 384 456 420 Richter.
482 397 518 429 p.
538 390 606 421 274
627 397 697 429 sq.,
729 386 868 427 Videte,
900 387 995 419 inter
1017 386 1080 420 lios
1105 390 1279 430 quantum
1303 387 1462 422 intersit:
1494 389 1557 432 qui
1582 409 1625 414 —

294 431 396 467 Paul.
420 444 455 476 p.
475 437 554 467 325.
575 454 619 458 —
644 432 683 467 P.
704 436 757 466 27.
775 437 794 466 6
815 431 887 466 Em
904 431 943 475 P,
969 431 1033 466 En
1056 431 1153 474 rell.;
1180 445 1210 467 v.
1233 432 1410 467 Ribbeck.
1434 433 1624 479 ‘Beitrage

293 491 322 513 z.
343 478 459 513 Lehre
484 491 517 514 v.
538 479 572 513 d.
592 478 657 513 lat.
679 478 793 512 Part.)
818 490 853 522 p.
876 482 931 521 31,
958 477 1040 513 infr.
1066 490 1101 523 p.
1123 483 1202 514 249.
1217 483 1272 522 23,
1298 484 1377 515 349.
1393 484 1449 523 36,
1474 484 1554 515 424.
1569 486 1624 525 26,

293 529 372 559 442.
383 531 438 568 36,
459 530 601 560 449.15.
615 547 657 551 -
671 525 709 559 P.
723 529 832 560 27.14
845 529 883 560 et
900 526 942 560 in
957 525 1192 570 teriip.Halm.
1204 525 1238 559 Π
1250 527 1340 568 tac.;
1359 526 1406 560 ad
1423 538 1458 570 p.
1471 531 1625 562 418.-

295 572 335 606 Ρ.
356 576 411 606 27.
429 577 471 607 15
492 573 594 607 exsul
613 573 699 606 ante
717 573 837 607 haeret
855 571 923 606 ins.
943 571 1098 615 Dobree,
1119 572 1197 612 Eb.,
1216 573 1338 608 haeret
1354 574 1542 618 impavida
1558 575 1625 619 spl.

294 618 423 664 Pluyg.
450 631 485 664 p.
508 624 585 654 333.
609 641 649 644 -—
677 619 715 653 P.
737 623 791 653 27.
806 622 850 653 29
877 619 914 652 et
939 618 1001 653 all.
1021 621 1158 663 poenit.
1177 619 1297 654 Klotz.
1318 619 1364 653 de
1390 631 1467 663 suo,
1492 620 1532 654 in
1555 620 1626 656 hoc

292 666 364 701 vol.
384 677 566 709 nusquam
584 665 704 699 Halm.
727 666 791 699 aut
810 664 918 709 Bait„
945 665 1049 700 codd.
1071 676 1181 710 saepe
1202 667 1316 711 penit.
1337 667 1379 700 ut,
1396 678 1432 711 p.
1453 671 1508 702 84.
1523 671 1569 702 34
1587 669 1627 702 et,

296 717 372 746 120.
392 717 432 747 15
452 713 480 746 P
501 714 553 756 (et
572 713 646 756 W),
668 724 774 757 paen.
797 711 838 755 G,
864 716 942 746 260.
957 716 1000 747 32
1023 713 1060 746 et
1080 717 1156 747 268.
1173 717 1215 747 31
1242 713 1326 757 mei,
1353 717 1431 748 235.
1447 718 1490 749 27
1509 713 1540 747 Τ
1567 716 1625 758 (ex

293 758 322 792 E
343 759 437 794 Bait.
456 759 565 794 affert,
581 771 686 804 poen.
707 760 749 792 ut
771 761 928 803 120.15),
955 764 1033 794 371.
1047 764 1089 794 31
1109 759 1226 794 Vabi
1248 762 1310 804 (gb
1329 762 1463 805 paen),
1489 764 1624 795 422.33

293 806 414 840 Vabt
440 808 478 850 (g
504 808 644 851 paeri),
678 810 755 840 547.
771 810 815 840 33
842 807 879 839 et
905 809 1016 840 5481
1046 816 1187 850 omnes,
1215 811 1353 841 565.1O
1379 807 1460 850 aiv,
1486 808 1623 852 poenit.

292 856 383 886 42.1
412 852 443 886 Gr
469 852 511 896 (P
536 854 589 895 et,
615 854 657 886 ut
681 852 845 894 videtur,
871 852 918 886 W
938 855 1078 898 paeri),
1105 857 1240 888 233.12
1267 853 1403 898 TE(‘.>)‚
1429 857 1567 888 311.29
1595 855 1624 888 Τ

294 902 415 943 (paen.
442 899 537 933 Bait.
564 910 607 933 ex
632 899 680 942 E,
713 898 753 933 in
777 910 849 942 quo
879 899 914 946 ‘p
934 899 1072 943 ubique
1096 910 1163 943 pro
1190 899 1431 944 diphthongis
1456 911 1498 935 ae
1523 901 1562 934 eb
1586 911 1625 935 oe

295 946 374 980 sine
399 945 476 980 ullo
504 945 717 980 discrimine
741 945 905 990 positum
930 947 1015 989 esb’,
1041 957 1222 990 nusquam
1246 958 1287 981 ae
1307 948 1372 980 aut,
1392 958 1442 990 oe,
1467 946 1623 981 Freuncl.

293 992 370 1028 Mil.
393 1004 427 1037 p.
450 995 520 1037 25),
548 998 685 1027 34016
706 994 743 1026 et
768 997 811 1027 36
840 991 906 1026 GE
933 992 979 1035 (A
998 995 1115 1037 pen.);
1142 993 1191 1027 ad
1212 991 1352 1027 cluent.
1378 1004 1413 1037 p.
1436 997 1512 1028 131.
1529 997 1559 1029 1.
1579 1014 1623 1019 -—

293 1039 331 1073 P.
352 1044 407 1074 27.
423 1044 465 1074 32
491 1040 629 1074 iurarit
653 1039 771 1083 codd,
796 1038 917 1072 Halm.
937 1039 980 1082 Π,
1008 1039 1086 1082 Eb.,
1111 1040 1288 1075 iuraverit
1307 1039 1431 1082 schol„
1455 1039 1577 1074 Halm.
1596 1039 1623 1082 I,

294 1085 403 1129 Kays.
454 1086 554 1120 Dea.
587 1085 692 1121 codd.
724 1085 910 1129 longiores
948 1085 1085 1120 formas
1122 1086 1262 1120 habent]
1297 1085 1356 1120 his
1390 1085 1549 1130 amplius
1579 1090 1624 1121 40

291 1132 399 1167 locis:
426 1137 457 1168 5.
474 1137 517 1167 29
543 1133 760 1168 decreverint
785 1133 953 1176 (decrevit
974 1132 1047 1173 W),
1075 1136 1130 1167 69.
1147 1137 1188 1167 17
1213 1144 1393 1178 roywero,
1423 1137 1499 1168 163.
1515 1137 1535 1167 3
1560 1144 1623 1167 no-

292 1190 465 1223 veramus,
482 1183 559 1214 181.
575 1184 617 1213 26
632 1183 827 1223 optaverat,
850 1182 926 1213 192.
941 1181 962 1212 8
976 1179 1247 1222 collocaverant,
1268 1183 1345 1213 212.
1361 1184 1406 1214 34
1423 1183 1625 1215 servaverat

292 1228 433 1269 (omnes
471 1226 620 1270 praeter
655 1225 752 1269 TE),
797 1229 874 1260 232.
891 1229 934 1260 36
972 1236 1202 1270 coynoveram
1240 1226 1353 1266 (solus
1390 1225 1420 1259 Τ
1457 1226 1622 1271 coenon),

293 1276 431 1307 237.1O
457 1274 612 1307 siae-rint
637 1273 716 1317 (aut
741 1270 820 1306 sim.
848 1282 973 1306 omnes
998 1283 1051 1316 pr.
1073 1271 1164 1316 ΤΕ),
1190 1276 1268 1307 238.
1284 1276 1326 1307 35
1354 1274 1622 1315 commovissem,

292 1323 370 1353 287.
386 1323 430 1353 35
455 1320 643 1362 necaverit,
669 1322 747 1353 298.
764 1323 783 1353 6
809 1319 1028 1354 dubitaverit
1050 1319 1089 1353 et
1112 1320 1329 1364 cogitaverit,
1355 1323 1491 1354 313.22
1517 1330 1624 1354 vexa-

291 1370 405 1409 verat,
433 1370 512 1401 323.
533 1370 578 1400 24
603 1366 824 1407 audivimus,
851 1369 929 1399 324.
951 1370 971 1399 3
996 1366 1245 1406 vindicavisti.
1271 1369 1408 1400 350.14
1433 1366 1623 1408 celavisset,

293 1417 370 1446 350.
394 1417 436 1447 26
475 1414 591 1455 ivisti,
628 1417 707 1447 354.
729 1416 770 1446 19
802 1413 1079 1456 repudiaveritis
1117 1413 1367 1457 (repudiaritis
1396 1411 1460 1457 A),
1497 1416 1575 1447 371.
1602 1416 1622 1446 2

291 1461 603 1504 significaverunt,
642 1463 719 1494 387.
742 1463 785 1493 27
819 1459 1036 1494 liberavisset
1068 1459 1264 1503 (liberasset
1294 1462 1348 1502 a),
1386 1463 1465 1494 397.
1488 1463 1530 1493 13
1566 1459 1623 1493 in-

291 1507 560 1551 ymyi'tavisset,
594 1510 673 1540 402.
694 1510 715 1539 4
746 1510 971 1551 cognoverat,
1004 1510 1083 1540 403.
1108 1509 1148 1540 18
1174 1506 1408 1548 nuntiavisti,
1440 1508 1518 1540 408.
1539 1509 1559 1539 2
1586 1506 1626 1539 eb

293 1557 371 1588 519.
392 1558 410 1587 7
436 1553 669 1595 iudicaverit,
695 1556 772 1587 418.
795 1556 837 1586 26
864 1553 902 1586 et
927 1556 970 1586 28
996 1553 1242 1594 iudicavisset,
1268 1556 1346 1586 427.
1368 1556 1413 1586 24
1433 1563 1485 1596 sq.
1509 1553 1622 1596 stipa-

291 1601 397 1644 verit,
431 1604 510 1634 447.
531 1604 592 1643 26,
626 1603 704 1633 469.
726 1602 770 1632 24
803 1600 840 1632 et
870 1603 913 1633 31
936 1610 988 1642 sq.
1020 1599 1262 1641 iudicavistis,
1300 1602 1378 1633 447.
1399 1601 1443 1632 35
1470 1609 1521 1641 sq.
1553 1599 1623 1633 col-

293 1647 510 1681 laudavistis
535 1647 572 1680 et
597 1646 896 1690 comprobavistis,
923 1650 1001 1680 469.
1023 1650 1043 1679 3
1069 1646 1300 1690 explicavero,
1331 1648 1411 1680 490.
1433 1649 1475 1679 17
1495 1646 1622 1689 priva-

292 1694 403 1735 vistis,
431 1696 509 1727 508.
527 1697 569 1727 14
595 1694 798 1735 audivisset,
826 1697 902 1726 512.
919 1697 963 1727 30
988 1692 1280 1736 triumphaverat,
1307 1694 1385 1725 513.
1401 1695 1420 1726 6
1438 1702 1622 1736 neyavero,

294 1743 371 1774 515.
388 1744 409 1774 4
428 1741 766 1782 communicavisses,
787 1742 865 1774 516.
883 1743 901 1773 7
922 1740 1230 1784 eolliyavissemns,
1250 1742 1327 1772 533.
1343 1741 1387 1772 37
1406 1738 1622 1780 indicavero,

293 1790 371 1820 548.
387 1790 431 1820 30
457 1787 692 1831 proba-vistis,
729 1790 864 1820 556.21
891 1787 1011 1828 ivisse,
1045 1789 1122 1820 567.
1138 1790 1181 1820 29
1208 1785 1477 1828 desideraverit,
1507 1787 1586 1818 568.
1603 1787 1621 1817 1

293 1834 595 1876 conservaverint,
638 1831 825 1867 breviores
868 1831 926 1866 his
968 1831 1120 1876 viginti:
1165 1834 1219 1867 88.
1234 1836 1279 1867 35
1322 1831 1622 1874 accommodastis,

296 1884 372 1914 182.
388 1884 433 1914 34
476 1880 559 1914 Asc.
596 1880 833 1922 collocarunt,
878 1883 956 1914 307.
972 1883 1016 1913 24
1053 1879 1263 1923 implerusnt,
1306 1881 1384 1912 350.
1402 1882 1443 1912 19
1483 1877 1624 1922 negasti

294 1926 453 1970 (FAW),
474 1931 552 1962 354.
569 1931 611 1961 37
626 1930 789 1968 vocasset,
811 1930 888 1961 380.
902 1930 922 1960 5
936 1927 1127 1968 collocasti,
1143 1929 1221 1960 386.
1234 1929 1277 1960 36
1292 1924 1461 1966 liberasti,
1475 1927 1554 1958 421.
1569 1927 1622 1966 17,

294 1977 373 2007 469.
388 1977 443 2016 20,
471 1978 549 2008 536.
565 1978 585 2008 8
611 1974 818 2015 iudicastis,
845 1977 924 2008 427.
940 1977 982 2007 13
1009 1973 1228 2017 corripilarit,
1255 1974 1297 2005 21
1324 1971 1478 2013 curarit,
1505 1974 1547 2004 27
1569 1980 1622 2012 sq.

293 2020 482 2063 iuqulcirit,
509 2025 588 2055 433.
605 2025 624 2054 2
641 2031 691 2063 sq.
719 2021 982 2064 comprobastis,
1009 2023 1088 2054 481.
1104 2023 1144 2053 21
1173 2017 1453 2061 triumpharant,
1479 2020 1558 2051 490.
1578 2020 1622 2050 23

294 2066 497 2109 iudicasset,
518 2071 596 2101 493.
611 2070 653 2101 16
669 2067 833 2109 locarint,
854 2070 931 2101 510.
947 2071 989 2100 14
1002 2067 1191 2108 iudicasse,
1205 2068 1282 2099 525.
1297 2066 1340 2097 28
1355 2063 1622 2108 concupierunt,

296 2115 408 2146 5367
441 2114 640 2156 ecccitasti's,
673 2117 785 2147 5561
818 2124 1033 2158 coynossem,
1073 2112 1119 2146 ad
1155 2123 1190 2156 p.
1219 2114 1348 2152 11.13,
1380 2114 1487 2152 31.3,
1520 2111 1623 2151 68.1,

295 2161 350 2191 81.
366 2162 420 2201 29,
454 2164 508 2194 88.
524 2164 578 2203 35,
613 2163 690 2194 124.
706 2163 737 2202 7,
774 2162 852 2193 200.
867 2163 923 2203 25,
955 2163 1033 2194 312.
1049 2164 1104 2202 23,
1136 2162 1213 2193 358.
1229 2161 1260 2200 2,
1294 2160 1371 2193 362,
1385 2160 1442 2201 27,
1473 2159 1553 2190 370.
1567 2159 1622 2196 23,

295 2208 409 2239 418.1
438 2206 475 2238 eb
499 2209 560 2248 28,
592 2210 672 2241 470.
689 2210 747 2249 13,
781 2209 937 2250 52518,
971 2205 1018 2239 ad
1045 2205 1170 2249 Pomp.
1196 2215 1231 2248 p.
1253 2206 1307 2238 79.
1322 2207 1378 2238 36.
1404 2223 1450 2228 —
1473 2202 1512 2237 P.
1532 2204 1587 2236 28.
1603 2204 1623 2235 5

294 2253 369 2294 ipse
399 2252 475 2286 eius
506 2253 544 2285 et
574 2252 676 2288 Paul.
701 2264 737 2297 p.
764 2255 831 2286 308
864 2253 903 2286 et
932 2252 1065 2286 Eberh.
1091 2272 1138 2278 —
1161 2250 1199 2286 P.
1220 2253 1310 2284 288
1336 2250 1422 2285 talis
1451 2259 1518 2293 pro
1549 2248 1626 2282 eius

294 2297 428 2339 Hahn„
449 2298 525 2342 Eb.,
544 2299 643 2343 quod
659 2299 698 2333 in
711 2299 739 2332 P
752 2298 901 2333 litterae
915 2300 948 2334 ei
960 2311 1007 2334 m.
1022 2304 1042 2334 2
1058 2297 1217 2343 scriptae
1232 2297 1328 2332 sunt.
1341 2317 1383 2322 —
1397 2297 1437 2331 P.
1452 2298 1506 2330 28.
1518 2298 1560 2329 10
1571 2304 1624 2338 sq.
