1671 2543
238 101 427 136 XXXVIII
655 99 933 135 ADNOTATIO
960 100 1158 136 CRITICA.

238 218 274 251 p.
297 209 450 250 198.15,
483 217 555 249 quo
587 206 706 240 multa
738 205 827 239 addi
856 207 1021 250 possunt.
1048 227 1092 232 —
1117 206 1156 242 P.
1183 210 1298 241 9813
1324 208 1388 252 qui
1417 206 1502 241 add.
1529 207 1574 241 de

238 252 366 288 Halmi
384 252 477 288 coni.
491 253 613 297 Kays,
634 253 749 287 Klotz.
771 273 815 278 --
834 252 886 287 Ib.
900 254 1107 298 -expeturid
1127 253 1207 297 PH,
1228 255 1410 298 expetenti.
1432 253 1514 288 edd.
1529 274 1574 279 —-

239 300 278 335 P.
306 304 420 335 98.16
448 305 587 345 putate
612 300 765 334 Franck.
792 311 826 343 p.
854 303 939 341 2223
971 299 1016 335 cf.
1043 300 1091 334 ad
1115 299 1241 344 Pomp.
1268 312 1302 344 p.
1330 304 1384 335 94.
1400 303 1455 343 25,
1489 299 1573 336 infr.

241 350 383 390 115.15,
412 350 553 390 121.13,
582 351 659 381 170.
675 351 705 381 4.
722 367 765 372 —
785 346 823 381 P.
840 350 946 381 9817
966 348 1047 382 illos
1063 347 1256 382 Fabricios
1273 348 1384 390 fuisse
1403 348 1575 391 arbitror,

243 394 352 437 Cam„
375 394 457 429 Gur.
475 404 493 428 e
513 393 586 438 pal.
602 394 631 427 T
651 393 767 428 Klotz,
784 414 827 418 -—
847 393 885 428 P.
901 396 955 428 98.
971 397 1014 428 26
1033 398 1119 429 mut.
1138 394 1200 429 Gr.
1215 398 1317 438 temp.
1333 393 1403 428 del.
1418 393 1574 430 Franck.

238 452 273 486 p.
290 444 369 476 222.
384 461 427 466 —
447 440 485 475 P.
508 444 617 475 9832
639 442 773 475 deo-eci.
794 439 916 484 Kays„
936 441 1004 476 dir.
1019 440 1130 484 vulg„
1152 440 1217 474 sed
1235 452 1270 485 p.
1287 444 1393 475 97.17
1409 442 1447 475 et
1466 444 1573 477 9911

240 490 312 523 der.
335 499 354 522 e
373 487 401 521 P
421 487 536 521 etiam
555 487 676 522 Halm.
698 489 736 521 et
754 486 889 528 Klotz,
916 487 964 520 ad
987 499 1023 532 p.
1043 491 1166 522 4310.
1187 508 1231 512 —
1251 487 1289 522 P.
1311 491 1365 522 99.
1380 491 1403 521 4
1422 488 1573 533 pulerit.

239 534 376 578 Klotz.,
407 545 482 568 non
507 536 719 568 constanter
744 533 782 567 in
813 533 883 568 hoc
907 533 995 577 voL,
1028 538 1106 568 564.
1123 538 1143 568 8
1169 533 1283 568 etiam
1308 534 1435 578 Kays.,
1467 534 1573 570 codd.

238 592 423 625 nusquam
447 580 521 615 nisi
544 580 638 615 Phil.
664 593 698 625 p.
719 584 798 615 405.
814 585 857 615 30
878 583 938 624 at,
964 584 1043 616 414.
1059 585 1102 615 35
1124 591 1194 625 ἃς,
1222 581 1270 614 ad
1294 581 1414 616 Flacc.
1439 592 1475 625 p.
1493 584 1572 617 412.

240 631 296 664 34.
317 649 361 653 —
380 628 419 663 P.
441 632 495 663 99.
512 631 531 661 9
558 628 673 673 aliqui
699 629 806 662 ludus
831 627 870 671 T,
896 627 1017 662 Halm.
1038 648 1082 653 —
1102 627 1140 662 P.
1157 631 1265 663 99.11
1286 639 1418 663 severa
1441 628 1574 664 Baehr.

239 687 274 720 p.
295 678 351 719 49,
377 687 461 711 vera
487 675 591 709 codd.
618 676 656 709 et
680 674 780 716 edd,
807 674 854 708 ad
879 686 913 719 p.
936 678 1079 717 52413,
1105 675 1207 709 Verr.
1233 686 1267 719 p.
1285 678 1427 718 123.10,
1453 674 1573 710 Flaoc.

239 726 319 757 410.
334 725 365 756 4.
387 743 430 747 —
456 722 494 756 P.
516 725 625 756 9914
650 726 697 755 ut
716 733 819 765 parc.
840 721 930 756 Bak.
951 733 984 765 p.
1007 725 1073 755 299
1099 721 1182 756 fort.
1202 723 1313 756 recte.
1335 742 1378 747 —
1398 721 1436 756 P.
1459 725 1513 756 99.
1530 726 1574 756 16

238 780 391 804 ‘nomen
421 773 525 813 atquc
555 770 691 811 famam
715 768 806 803 Bak.
831 780 866 812 p.
887 771 966 811 299,
998 770 1088 803 dom.
1115 773 1221 814 atque
1247 769 1469 812 familiam
1494 768 1574 804 cod.

239 815 398 859 Memm,
420 815 585 850 Schuetz
601 815 684 849 fort.
699 825 794 858 vere,
810 836 852 840 -
867 816 996 859 fartum
1009 814 1088 850 EG.
1104 835 1147 840 —-
1166 815 1204 850 P.
1221 819 1275 850 99.
1287 819 1328 849 19
1345 826 1423 859 sqq.
1438 817 1575 851 dederit

240 883 284 888 —
311 864 527 907 cupiditates
552 861 621 896 del.
648 862 801 896 Franck.
826 873 861 906 p.
883 865 966 905 222,
999 861 1113 896 etiam
1144 873 1223 897 cum
1242 864 1412 907 paruerit
1434 863 1573 907 uolupt.

239 909 360 944 Karst.
382 921 415 953 p.
433 913 486 952 13,
513 910 654 953 aetati,
678 910 866 944 satiaverit
883 909 1066 943 naturalis
1084 910 1186 943 hasce
1205 910 1303 944 adul.
1322 908 1453 944 Baehr.
1466 921 1502 953 p.
1516 912 1573 945 49.

241 977 283 981 —
303 956 341 990 P.
358 960 434 990 100.
451 960 470 989 2
497 957 644 990 audebo
664 955 754 990 Bak.
774 967 809 1000 p.
826 960 910 997 30ος
938 954 986 989 ad
1010 967 1045 1000 p.
1062 959 1116 990 67.
1132 960 1187 990 30.
1209 976 1253 981 —
1272 955 1310 990 P.
1328 960 1404 990 100.
1421 959 1441 990 6
1465 957 1573 1002 quiae

239 1002 363 1048 potius
390 1014 501 1046 quam
525 1004 681 1048 yurffl‘tis
705 1002 860 1037 Franck.
885 1014 920 1046 p.
944 1006 1023 1046 213,
1048 1004 1207 1048 gutturis
1233 1013 1252 1036 e
1278 1002 1356 1037 cod.
1383 1001 1458 1037 Col.
1484 1003 1573 1038 vett.

240 1050 339 1091 edd.;
372 1049 416 1084 cf.
443 1049 557 1083 Lucil.
591 1049 690 1093 apud
721 1049 815 1084 Non.
848 1053 996 1084 207.19.
1024 1069 1068 1074 —
1099 1049 1138 1084 Ρ.
1161 1053 1274 1084 100.8
1305 1050 1451 1093 irifirm.
1482 1049 1573 1085 Bak.

239 1108 274 1141 p.
295 1101 362 1131 300
383 1108 448 1140 sq.,
475 1108 581 1141 quam
599 1099 689 1139 firm.
711 1095 749 1130 P.
771 1116 814 1121 -—
834 1096 872 1131 P.
890 1100 967 1130 100.
983 1099 1002 1130 9
1029 1100 1062 1131 et
1086 1097 1184 1131 celer.
1206 1095 1275 1131 del.
1298 1107 1395 1140 susp.
1417 1095 1574 1131 Schoell.

239 1156 273 1188 p.
290 1147 356 1178 559
376 1155 411 1177 n.
427 1147 458 1177 2.
471 1163 514 1167 —
528 1142 566 1177 P.
581 1147 710 1177 100.13
727 1143 961 1187 loquorvulo
975 1144 1066 1178 vett.
1081 1142 1163 1177 edd.
1177 1142 1279 1177 haud
1298 1142 1373 1177 scio
1391 1153 1440 1176 an
1457 1144 1574 1185 reet93

241 1190 285 1224 cf.
307 1189 355 1224 ad
380 1201 415 1234 p.
437 1193 513 1224 179.
530 1193 584 1224 30.
606 1210 649 1214 —
675 1189 728 1223 Ib.
747 1200 858 1234 yemis
884 1189 954 1223 del.
974 1189 1128 1224 Franek.
1154 1201 1188 1233 p.
1210 1193 1288 1224 223.
1310 1210 1354 1215 -
1379 1189 1417 1224 Ρ.
1440 1193 1518 1225 100.
1531 1193 1574 1224 19

239 1249 289 1272 ac
312 1238 412 1282 viyil.
440 1246 506 1270 sua
532 1238 662 1280 sponte
687 1235 805 1271 Klotz.
827 1246 1014 1280 supervac.
1036 1236 1099 1279 (ad
1119 1235 1186 1271 Off.
1207 1247 1242 1280 p.
1259 1239 1316 1271 48.
1331 1239 1351 1270 2
1378 1236 1433 1271 ed.
1456 1239 1574 1281 1882),

240 1293 467 1327 quamquam
493 1287 524 1317 et
550 1284 588 1316 et
612 1294 654 1317 ac
679 1284 746 1316 aut
770 1287 875 1328 atque
901 1282 1118 1326 saepissime
1142 1284 1411 1337 permutantur,
1436 1282 1476 1316 in
1499 1293 1575 1317 una.

240 1332 332 1365 orat.
366 1330 458 1364 Sest.
496 1329 703 1364 terdeciens
740 1328 780 1363 in
816 1329 895 1364 cod.
927 1329 985 1373 W,
1023 1341 1057 1374 p.
1085 1333 1139 1364 16.
1156 1334 1174 1364 7
1206 1341 1255 1365 ac
1286 1331 1397 1374 peric.
1431 1329 1463 1364 G
1499 1329 1574 1374 au„

239 1376 412 1411 Wesenb.
438 1388 472 1420 p.
494 1380 549 1419 62,
576 1379 664 1411 74.1
692 1380 724 1410 et
749 1388 791 1411 ac
812 1376 864 1420 (Ρ,
892 1376 957 1411 sed
982 1380 1014 1411 et
1038 1388 1091 1421 pr.
1111 1388 1158 1411 m.
1183 1376 1361 1411 deletum'
1369 1405 1376 1420 ,
1404 1380 1518 1411 75.18
1543 1381 1577 1412 et

239 1428 331 1459 noct.
351 1423 409 1466 W,
437 1427 549 1457 8731
572 1423 644 1468 (H),
672 1426 725 1457 94.
741 1427 796 1466 37,
824 1426 878 1458 95.
895 1428 926 1466 5,
952 1422 1001 1458 ib.
1023 1427 1066 1457 12
1093 1423 1181 1468 (W),
1208 1427 1262 1458 98.
1279 1427 1299 1457 6
1319 1425 1357 1457 et
1377 1426 1408 1467 9,
1436 1427 1514 1458 109.
1530 1427 1574 1458 25

242 1479 298 1509 (ac
323 1471 409 1505 clar.
435 1469 500 1514 H),
537 1473 673 1504 122.19
701 1471 738 1503 et-
765 1473 893 1504 123.11
922 1470 1015 1514 (W),
1051 1473 1127 1505 123.
1143 1473 1203 1513 29,
1238 1473 1391 1513 13128,
1424 1473 1502 1505 139.
1518 1474 1574 1514 32,

242 1521 319 1552 142.
335 1520 378 1551 25
400 1518 447 1561 (et
468 1528 563 1551 mam.
577 1516 651 1561 W),
679 1521 755 1551 174.
772 1521 826 1559 30,
854 1520 931 1551 178.
948 1521 966 1551 7
989 1518 1026 1551 et
1046 1521 1100 1560 18,
1128 1520 1205 1551 182.
1220 1520 1275 1560 29,
1303 1521 1380 1552 187.
1396 1520 1438 1552 27
1460 1518 1499 1551 et
1518 1520 1574 1560 28,

242 1567 318 1598 189.
335 1567 389 1606 21,
415 1567 551 1598 197.13
572 1565 610 1598 et
629 1567 684 1606 28,
710 1567 786 1598 199.
803 1567 857 1607 27,
884 1567 998 1598 2033
1019 1563 1106 1607 (W),
1133 1567 1247 1598 2074
1267 1565 1408 1608 (omnes
1426 1565 1576 1608 praeter

239 1611 337 1655 TE),
370 1614 448 1644 225.
465 1614 507 1644 27
541 1612 673 1654 (paene
703 1621 829 1644 omnes
860 1612 1009 1654 praeter
1032 1610 1098 1644 TE
1130 1621 1174 1645 ac
1200 1612 1391 1655 persubt.),
1424 1613 1574 1654 28417,

241 1661 396 1700 291.21,
429 1660 559 1700 2998,
593 1661 724 1700 3081,
758 1661 896 1692 31619
923 1658 960 1691 et
986 1660 1047 1700 20,
1081 1661 1234 1700 31610,
1266 1661 1416 1701 32117,
1448 1661 1526 1692 323.
1542 1660 1574 1700 9,

241 1708 319 1739 328.
332 1708 387 1748 23,
407 1707 486 1738 332.
499 1707 554 1747 29,
575 1708 694 1747 3341,
716 1708 858 1747 33636,
879 1707 957 1738 340.
970 1707 1015 1738 34
1034 1703 1106 1748 (A),
1132 1708 1210 1738 350.
1224 1708 1268 1738 25
1289 1706 1327 1738 eb
1345 1708 1401 1748 37,
1427 1708 1505 1739 356.
1518 1707 1574 1746 28,

241 1755 372 1794 366.5,
404 1754 556 1794 36912,
589 1754 704 1785 3888
730 1752 777 1795 (et
802 1761 872 1795 ag,
905 1762 947 1785 ac
971 1750 1050 1794 bt),
1083 1754 1227 1794 39210,
1259 1754 1338 1785 425.
1354 1754 1416 1795 21,
1447 1754 1526 1785 476.
1542 1754 1573 1794 9,

240 1801 384 1841 49114,
411 1802 488 1832 506.
502 1802 557 1841 37,
584 1801 736 1838 55127ς
763 1797 811 1831 ad
832 1809 867 1842 p.
886 1801 982 1840 398,
1010 1801 1131 1841 7222,
1159 1801 1255 1841 969,
1282 1801 1424 1841 10917,
1451 1801 1528 1832 155.
1541 1801 1573 1840 3,

242 1849 360 1887 1711,
382 1848 525 1887 31320,
547 1848 690 1887 36326,
710 1843 835 1889 Pomp.
850 1856 884 1889 p.
898 1848 1016 1879 8336.
1032 1864 1076 1870 -
1090 1844 1128 1879 P.
1143 1848 1218 1879 100.
1228 1848 1273 1879 20
1289 1845 1416 1889 Atqui
1433 1843 1573 1887 Lamb„

240 1892 359 1936 Atque
383 1891 500 1935 vulg.3
527 1891 575 1924 ad
599 1902 634 1935 p.
656 1895 710 1925 13.
726 1895 780 1926 30.
803 1912 846 1916 —
866 1891 904 1926 P.
926 1895 1004 1925 100.
1017 1894 1061 1925 23
1087 1892 1228 1926 desidia
1253 1890 1289 1925 O.
1309 1890 1351 1925 A.
1371 1889 1572 1926 Lehmann.

240 1938 363 1972 Herm.
391 1942 480 1972 1879
513 1949 546 1982 p.
575 1942 643 1971 216
677 1937 721 1972 cf.
747 1949 782 1982 p.
805 1941 914 1973 1123
940 1937 1043 1982 prob.
1070 1958 1114 1963 —
1140 1937 1178 1972 P.
1201 1941 1278 1972 100.
1293 1940 1337 1971 26
1367 1948 1441 1972 riori
1470 1939 1574 1973 modo

242 1984 275 2027 S,
301 1984 392 2019 Bak.
412 1997 446 2028 p.
463 1989 529 2019 301
552 1996 617 2028 sq.,
644 1996 782 2029 quoquo
807 1986 910 2020 modo
928 1984 1089 2028 PEGH,
1117 1995 1254 2030 quoquo
1279 1985 1382 2019 modo
1406 1984 1576 2028 facimus,

240 2042 314 2065 ‘non
337 2033 440 2066 modo
459 2031 582 2066 Madv.
602 2042 637 2075 p.
653 2034 732 2074 396,
758 2042 849 2066 recc.
871 2031 971 2073 edd.;
999 2030 1182 2066 Schoelh‘o
1205 2042 1240 2075 p.
1261 2034 1329 2064 560
1354 2031 1510 2073 facimus
1534 2032 1576 2065 ire.

241 2078 392 2112 dicendo
422 2089 455 2112 v.
482 2082 526 2112 25
558 2077 705 2112 videtur
730 2077 984 2121 ‘bedenklich,
1015 2077 1100 2112 weil
1132 2077 1251 2111 dieser
1280 2077 1476 2112 Ausdruck
1505 2077 1574 2112 Be-

241 2123 449 2167 gleitendes
474 2124 573 2158 beim
598 2124 735 2168 Reden,
760 2123 866 2158 nicht
890 2124 950 2159 die
975 2123 1198 2169 eigentliehe
1222 2123 1575 2168 Rednerthatigkeit

240 2169 464 2204 bezeichnen
488 2171 641 2205 wfirde’.
675 2171 718 2206 V.
739 2170 918 2214 Merguet.
944 2171 1014 2206 lex.
1034 2171 1068 2205 Π
1092 2182 1127 2215 p.
1149 2173 1191 2204 91
1212 2170 1247 2213 b,
1274 2169 1415 2205 Cluent.
1437 2173 1573 2205 69.195

240 2218 282 2251 in
304 2218 503 2252 iudicando
528 2219 596 2252 etc.
617 2219 698 2261 etc,
725 2216 791 2251 Off.
814 2229 849 2260 p.
870 2221 901 2252 4.
917 2222 937 2252 3
964 2218 1019 2253 ed.
1042 2220 1142 2252 1882.
1161 2237 1206 2242 —-
1230 2216 1269 2251 P.
1293 2221 1369 2252 101.
1385 2221 1405 2252 2
1429 2218 1472 2252 iri
1495 2218 1572 2252 iud.

240 2275 311 2298 voc.
339 2263 409 2298 del.
435 2263 604 2299 Leutsch.
630 2263 724 2298 Phil.
744 2263 846 2298 XXV
868 2275 903 2308 p.
920 2268 974 2307 66,
1001 2285 1045 2290 -
1069 2274 1210 2299 vocaris
1234 2263 1365 2299 Baehr.
1390 2275 1426 2308 p.
1451 2267 1507 2298 49.
1528 2284 1572 2289 —

241 2309 279 2344 P.
303 2314 436 2344 101.16
463 2313 632 2346 concessis
656 2322 781 2346 verum
808 2321 882 2344 non
899 2310 1057 2355 videtur,
1082 2321 1246 2345 concessu
1267 2310 1351 2344 Ern.
1371 2321 1446 2344 non
1463 2310 1574 2347 bene:
