1671 2543
569 106 670 141 CAP.
696 111 788 141 2—4
813 110 832 149 ξ
856 110 958 141 4—8.
1363 108 1446 148 497

115 215 237 270 xerit,
268 215 482 256 neminem
513 214 768 256 adsensum?
801 214 913 268 quod
945 214 1074 255 etiam
1105 214 1231 256 hodie
1257 214 1449 256 futurum

116 274 314 316 arbitror.

204 331 415 388 Legiones
442 331 616 373 abducis
643 346 668 372 a
692 331 841 372 Bruto.
887 331 1030 380 Quas?
1055 346 1207 386 nempe
1234 345 1316 385 eas,
1344 330 1517 387 quas(3)

116 391 188 432 ille
226 405 252 432 a
283 389 327 433 O.
359 390 521 432 Antoni
560 390 717 431 scelere
755 390 912 431 avertit
949 393 992 431 et
1027 390 1078 431 ad
1110 405 1201 431 rem
1230 390 1449 445 publicam

80 462 96 487 ⁵
117 464 194 491 sua
231 450 488 491 auctoritate
523 449 723 490 traduxit.
785 448 950 490 Rursus
982 449 1117 504 igitur
1148 448 1212 490 vis
1239 448 1448 490 nudatum

114 507 238 549 illum
264 510 392 562 atque
420 507 560 549 solum
585 522 610 548 a
636 522 679 548 re
706 507 878 561 publica
898 507 1134 562 relegatum
1154 507 1299 548 videri.
1356 506 1447 548 Vos
1464 510 1482 540 7

115 568 277 620 autem,
313 568 459 620 patres
498 566 747 620 conscripti,
786 566 820 606 si
858 565 914 606 M.
952 565 1137 606 Brutum
1174 565 1446 607 deserueritis

115 627 158 666 et
182 624 470 680 prodideritis,
497 639 622 679 quem
650 624 821 665 tandem
848 624 982 666 civem
1002 639 1205 678 umquam
1226 624 1448 679 ornabitis,

115 683 184 726 cui
214 682 445 725 favebitis?
477 683 560 724 nisi
593 682 704 724 forte
737 697 821 734 eos,
853 683 925 737 qui
951 683 1144 724 diadema
1168 683 1448 737 inposuerint,

63 754 97 780 ιο
115 742 445 796 conservandos,
477 756 560 795 eos,
597 742 668 796 qui
700 741 821 797 regni
851 756 1006 783 nomen
1039 741 1304 794 sustulerint,
1336 741 1448 782 dese-

115 800 268 842 rendos
294 800 471 854 putatis.
509 800 572 842 Ac
599 800 648 841 de
674 800 754 841 hac
778 799 948 854 quidem
968 800 1110 841 divina
1129 802 1256 854 atque
1271 800 1447 845 ,immor-

115 859 194 900 tali
242 859 366 900 laude
409 858 535 900 Bruti
585 859 738 913 silebo,
789 873 894 913 quae
944 858 1192 913 gratissima
1240 858 1448 900 memoria

116 917 308 960 omnium
351 916 508 959 civium
551 917 716 958 inclusa
754 917 943 958 nondum
979 917 1152 971 publica
1189 917 1446 958 auctoritate

115 979 278 1018 testata
314 979 389 1018 est.
458 976 694 1017 Tantamne
730 976 1002 1030 patientiam,
1044 975 1085 1016 di
1123 976 1242 1029 boni,
1280 978 1448 1016 tantam

63 1047 97 1073 15
116 1034 471 1089 moderationem,
515 1037 682 1075 tantam
724 1034 769 1075 in
811 1034 966 1075 iniuria
1006 1034 1366 1088 tranquillitatem
1404 1036 1448 1075 et

116 1093 388 1135 modestiam!
423 1093 496 1147 qui
527 1107 623 1134 cum
653 1095 826 1147 praetor
857 1093 976 1134 urbis
1008 1095 1132 1146 esset,
1163 1093 1268 1134 urbe
1298 1092 1448 1147 caruit,

116 1152 182 1193 ius
219 1166 306 1193 non
343 1151 468 1206 dixit,
505 1166 601 1193 cum
639 1165 762 1192 omne
800 1151 866 1192 ius
904 1151 966 1192 rei
1001 1151 1197 1205 publicae
1229 1165 1447 1205 recupera-

116 1211 266 1265 visset,
304 1224 483 1264 cumque
515 1224 723 1251 concursu
756 1210 969 1251 cotidiano
1001 1209 1212 1251 bonorum
1245 1210 1447 1264 omnium,

117 1269 190 1324 qui
240 1268 504 1310 admirabilis
547 1268 600 1309 ad
643 1283 738 1309 eum
781 1268 874 1309 fieri
917 1268 1100 1322 solebat,
1149 1268 1447 1322 praesidioque

64 1340 97 1365 ευ
116 1327 268 1369 Italiae
312 1330 488 1369 cunctae
533 1329 706 1381 saeptus
749 1329 896 1380 posset
939 1341 1049 1381 esse,
1093 1341 1245 1380 apsens
1289 1326 1446 1368 iudicio

117 1387 326 1428 bonorum
364 1385 561 1427 defensus
600 1400 691 1427 esse
726 1386 878 1426 maluit
909 1399 1036 1439 quam
1067 1399 1268 1439 praesens
1301 1400 1448 1440 manu;

117 1445 189 1498 qui
226 1459 279 1485 ne
310 1443 582 1498 Apollinares
620 1444 791 1498 quidem
827 1444 949 1485 ludos
985 1458 1063 1498 pro
1102 1459 1179 1485 sua
1214 1443 1446 1498 populique

116 1502 301 1544 Romani
338 1502 548 1557 dignitate
585 1506 814 1556 apparatos
846 1517 1045 1556 praesens
1078 1501 1197 1556 fecit,
1233 1517 1286 1543 ne
1319 1517 1446 1557 quam

117 1561 231 1602 viam
255 1560 517 1614 patefaceret
543 1561 969 1602 sceleratissimorum
991 1561 1214 1601 hominum
1234 1561 1445 1602 audaciae.

65 1632 99 1658 25
119 1619 388 1672 Quamquam
425 1619 498 1672 qui
535 1633 737 1672 umquam
775 1622 848 1659 aut
885 1619 973 1659 ludi
1011 1622 1085 1659 aut
1122 1619 1210 1659 dies
1245 1619 1445 1660 laetiores

116 1678 302 1731 fuerunt,
327 1691 455 1731 quam
482 1691 577 1717 cum
602 1677 646 1717 in
672 1677 852 1731 singulis
871 1678 1063 1718 versibus
1090 1677 1272 1730 populus
1292 1676 1447 1718 Roma—

117 1751 197 1784 nus
224 1735 408 1776 maximo
436 1735 620 1776 clamore
645 1738 689 1776 et
713 1735 866 1788 plausu
891 1735 1014 1776 Bruti
1035 1735 1286 1776 memoriam
1304 1750 1447 1789 prose-

119 1794 357 1849 quebatur?
385 1792 549 1847 Corpus
570 1793 717 1834 aberat
736 1793 991 1847 liberatoris,
1011 1793 1226 1834 libertatis
1241 1794 1447 1834 memoria

120 1853 284 1906 aderat,
314 1852 358 1893 in
390 1866 473 1906 qua
503 1851 627 1893 Bruti
657 1851 799 1906 imago
827 1852 940 1892 cerni
966 1851 1200 1892 videbatur.
1252 1852 1310 1893 At
1334 1852 1446 1893 hunc

67 1924 100 1949 30
119 1911 172 1952 iis
204 1911 308 1965 ipsis
341 1910 538 1951 ludorum
570 1910 716 1950 diebus
748 1909 942 1950 videbam
972 1909 1018 1950 in
1047 1910 1188 1951 insula
1219 1910 1447 1951 clarissimi

120 1969 416 2022 adulescentis,
448 1968 628 2022 Luculli,
659 1968 886 2022 propinqui
919 1968 995 2021 sui,
1026 1968 1133 2009 nihil
1158 1968 1242 2009 nisi
1268 1969 1317 2009 de
1343 1983 1446 2022 pace

120 2030 164 2069 et
195 2027 420 2069 concordia
451 2027 607 2068 civium
640 2026 913 2081 cogitantem.
961 2026 1157 2068 Eundem
1185 2027 1270 2068 vidi
1296 2030 1447 2081 postea

68 2124 71 2127 .
119 2086 267 2127 Veliae
305 2085 522 2127 cedentem
560 2084 704 2138 Italia,
741 2099 793 2125 ne
831 2099 914 2138 qua
952 2088 1144 2126 oreretur
1174 2085 1276 2126 belli
1308 2085 1445 2127 civilis

120 2158 249 2186 causa
290 2146 465 2198 propter
509 2157 564 2184 se.
632 2142 666 2184 O
712 2143 1001 2197 spectaculum
1044 2143 1150 2184 illud
1190 2158 1277 2184 non
1320 2143 1445 2185 modo

69 2215 101 2240 35
119 2203 384 2256 hominibus,
433 2202 506 2243 sed
548 2202 672 2243 undis
715 2201 819 2255 ipsis
863 2204 906 2242 et
948 2202 1148 2243 litoribus
1190 2201 1447 2256 luctuosum,

121 2261 266 2303 cedere
310 2275 332 2302 e
374 2260 516 2315 patria
559 2263 819 2301 servatorem
863 2260 969 2313 eius,
1012 2274 1182 2301 manere
1224 2260 1270 2301 in
1304 2260 1447 2314 patria

120 2319 374 2373 perditores!
426 2317 547 2360 Cassi
576 2318 723 2359 classis
749 2318 894 2371 paucis
920 2321 1019 2371 post
1044 2318 1194 2359 diebus
1220 2332 1446 2373 conseque-

191 2393 263 2419 010.
284 2394 324 2421 11.
344 2395 370 2420 8.
1189 2390 1233 2420 32

1459 1598 1485 1637 4

1461 1658 1480 1687 8
