1671 2543
523 89 623 124 CAP.
651 93 743 124 7—9
770 94 788 132 g
816 94 963 125 15—21.
1349 93 1428 135 381

84 196 258 251 proprie
290 211 433 238 meum
465 199 549 251 est,
586 197 793 251 laudasti,
827 198 941 251 quod
973 201 1116 240 totum
1148 202 1214 242 est
1246 203 1434 256 senatus,

85 255 411 321 reprehendisti
437 231 551 297 Nani
568 255 898 310 comprehensio
915 257 1106 299 sontium
1120 272 1226 313 mea,
1247 259 1434 300 animad-

84 313 226 355 versio
253 316 428 356 senatus
453 313 549 356 fuit.
587 313 730 356 Homo
758 314 944 357 disertus
970 330 1058 358 non
1082 316 1300 372 intellegit
1323 332 1432 372 eum,

87 386 214 427 quem
246 375 398 415 contra
430 372 545 427 dicit,
576 373 743 414 laudari
775 388 799 415 a
833 387 888 428 se,
922 388 1006 428 eos,
1039 375 1151 429 apud
1182 390 1288 430 quos
1315 376 1433 431 dicit,

51 441 67 467 5
87 431 334 485 vituperari.
405 430 499 472 Iam
535 407 644 473 illud
688 432 807 474 cuius
853 435 919 474 est
961 447 1048 474 non
1092 434 1186 476 dico
1230 435 1431 476 audaciae
1450 438 1489 469 19

86 488 224 544 (cupit
249 490 364 532 enim
391 505 435 532 se
463 488 698 546 audacem),
730 491 815 545 sed,
848 491 961 545 quod
988 491 1165 534 minime
1190 493 1296 548 vult,
1328 494 1432 535 stul-

86 548 229 603 titiae,
267 562 351 603 qua
387 548 522 591 vincit
560 550 719 604 omnis,
756 549 856 591 clivi
895 549 1129 605 Capitolini
1167 527 1432 594 mentionem

85 606 245 662 facere,
285 621 383 649 cum
418 608 532 649 inter
570 608 777 650 subsellia
812 611 964 650 nostra
1002 612 1226 651 versentur
1263 611 1430 666 armati,

86 679 184 707 cum
221 641 268 708 111
303 665 385 708 1180
421 666 528 708 08118
560 665 835 721 Concordiae,
867 667 909 708 di
941 668 1230 710 immortales!
1269 669 1315 711 in
1347 684 1431 724 qua

35 736 68 761 10
87 738 155 766 me
193 724 367 767 consule
405 725 616 766 salutares
655 726 894 767 sententiae
933 726 1073 768 dictae
1112 730 1230 782 sunt,
1275 728 1429 782 quibus

86 783 139 824 ad
169 782 280 825 hanc
313 783 425 825 diem
456 784 653 838 viximus,
686 799 782 826 cum
808 784 964 839 gladiis
990 785 1187 827 homines
1214 787 1430 828 conlocati

87 841 233 883 stent?
294 842 463 884 Accusa
501 845 716 897 senatum,
755 857 908 885 accusa
945 847 1188 898 equestrem
1225 844 1430 900 ordinem,

86 900 160 954 qui
205 903 299 942 tum
340 915 436 942 cum
481 904 633 942 senatu
678 902 905 956 copulatus
948 901 1049 956 fuit,
1094 917 1247 944 accusa
1290 903 1429 945 omnis

87 959 276 1013 ordines,
321 959 459 1001 omnis
499 960 630 1012 cives,
675 960 777 1001 dum
815 960 1046 1002 confiteare
1083 961 1197 1003 hunc
1237 961 1430 1003 ordinem

33 1028 67 1055 15
85 1017 168 1059 hoc
199 1018 294 1072 ipso
326 1021 520 1072 tempore
554 1019 607 1059 ab
640 1018 824 1073 Ityraeis
857 1019 1169 1061 circumsederi.
1230 1019 1349 1062 Haec
1381 1023 1427 1061 tu

84 1090 172 1117 11011
202 1079 381 1131 propter
413 1077 634 1118 audaciam
666 1077 772 1118 diois
805 1079 896 1118 tam
926 1078 1200 1131 inpudenter,
1233 1079 1324 1128 sed,
1357 1079 1427 1133 qui

86 1137 254 1177 tantam
279 1149 422 1177 rerum
448 1136 780 1191 repugnantiam
804 1150 892 1177 non
916 1136 1074 1190 videas,
1098 1136 1208 1177 nihil
1232 1136 1427 1191 profecto

86 1194 214 1248 sapis.
265 1193 375 1243 Quid
409 1196 475 1235 est
501 1194 614 1236 enim
641 1194 881 1236 dementius
909 1209 1048 1249 quam,
1082 1208 1178 1236 cum
1204 1195 1265 1236 rei
1291 1195 1429 1250 publi-

86 1266 159 1294 cae
190 1252 433 1307 perniciosa
465 1267 584 1294 arma
615 1253 706 1307 ipse
740 1253 920 1307 ceperis,
961 1253 1130 1295 obicere
1163 1254 1287 1295 alteri
1320 1254 1428 1295 salu—

33 1325 67 1350 20
86 1310 227 1352 taria?
288 1311 350 1352 At
388 1311 520 1353 etiam
558 1311 742 1366 quodam
779 1312 875 1353 loco
912 1311 1077 1353 facetus
1113 1325 1205 1353 esse
1237 1312 1426 1354 voluisti.
1442 1315 1485 1346 20

88 1369 227 1418 Quam
263 1369 307 1410 id
344 1372 405 1420 te,
444 1370 487 1411 di
518 1370 639 1423 boni,
676 1385 764 1412 non
796 1371 991 1412 decebat!
1054 1369 1106 1411 In
1138 1385 1222 1424 quo
1255 1373 1322 1413 est
1353 1374 1430 1412 tua

87 1428 213 1483 culpa
249 1442 335 1470 11011
371 1428 502 1470 nulla.
563 1428 742 1482 Aliquid
781 1429 894 1471 enim
933 1428 1035 1470 salis
1075 1443 1099 1470 a
1134 1429 1266 1470 mima
1296 1444 1427 1471 uxore

87 1486 258 1527 trahere
310 1487 504 1540 potuisti.
578 1486 795 1529 ‘Cedant
845 1502 985 1529 arma
1029 1486 1209 1542 togae?
1287 1487 1428 1537 Quid?

87 1547 181 1585 tum
218 1558 358 1585 nonne
397 1546 646 1586 cesserunt?
713 1545 775 1587 At
810 1549 964 1600 postea
1001 1545 1088 1586 tuis
1128 1545 1259 1586 armis
1299 1546 1429 1587 cessit

34 1617 67 1644 25
88 1606 203 1658 toga.
254 1600 516 1650 Quaeramus
542 1602 689 1657 igitur,
713 1606 861 1645 utrum
887 1603 1039 1644 melius
1065 1603 1209 1653 fuerit,
1235 1603 1429 1645 libertati

87 1660 238 1716 populi
276 1660 462 1701 Romani
501 1661 807 1702 sceleratorum
840 1675 960 1702 arma
992 1675 1046 1701 an
1076 1660 1326 1702 libertatem
1356 1676 1429 1702 no-

89 1722 226 1761 stram
264 1718 394 1759 armis
433 1718 520 1759 tuis
560 1719 718 1760 cedere.
779 1718 871 1760 Nec
902 1732 1003 1760 vero
1036 1718 1119 1758 tibi
1151 1718 1201 1759 de
1232 1719 1428 1760 versibus

87 1778 214 1832 plura
250 1776 536 1831 respondebo3
579 1779 749 1818 tantum
787 1777 926 1818 dicam
963 1776 1170 1829 breviter,
1210 1778 1253 1816 te
1289 1790 1428 1829 neque

88 1836 187 1877 illos
224 1850 362 1889 neque
400 1834 510 1875 ullas
550 1834 723 1876 omnino
761 1835 932 1876 litteras
969 1847 1115 1888 nosse,
1152 1848 1220 1874 me
1257 1848 1335 1875 nec
1367 1834 1429 1875 rei

36 1910 71 1935 30
88 1894 286 1949 publicae
317 1908 394 1934 nec
427 1893 576 1934 amicis
608 1907 814 1946 umquam
846 1891 1032 1933 defuisse
1064 1894 1108 1932 et
1139 1894 1286 1933 tamen
1312 1892 1429 1933 omni

90 1966 244 2009 genere
288 1951 653 1992 monimentorum
696 1965 889 1992 meorum
931 1949 1180 2004 perfecisse,
1223 1953 1273 1991 ut
1311 1965 1430 1991 meae

88 2011 264 2066 vigiliae
297 2024 501 2063 meaeque
533 2009 704 2050 litterae
737 2012 780 2050 et
811 2008 1024 2050 iuventuti
1055 2008 1261 2049 utilitatis
1291 2011 1334 2049 et
1358 2023 1431 2050 no—

90 2069 198 2110 mini
223 2068 418 2110 Romano
450 2067 589 2108 laudis
623 2067 784 2121 aliquid
817 2067 1044 2108 adferrent.
1096 2064 1180 2107 Sed
1210 2066 1314 2108 haec
1344 2081 1432 2108 non

89 2127 218 2169 huius
251 2126 478 2181 temporis3
510 2126 675 2166 11181018
705 2125 937 2167 videamus.
1446 2155 1471 2195 9

39 2196 72 2222 35
179 2184 225 2226 P.
258 2184 457 2227 Clodium
495 2198 589 2225 meo
628 2183 807 2225 consilio
839 2182 1116 2225 interfectum
1148 2196 1241 2224 esse
1272 2182 1487 2245 dixisti.21

94 2243 307 2292 Quidnam
337 2243 533 2285 homines
558 2245 773 2297 putarent,
806 2242 843 2283 si
868 2245 962 2283 tum
988 2241 1153 2283 occisus
1179 2243 1304 2295 esset,
1335 2255 1433 2283 eum

93 2304 140 2342 tu
173 2301 296 2343 illum
326 2302 370 2343 in
402 2302 496 2343 foro
530 2303 751 2355 spectante
782 2301 942 2355 populo
969 2299 1341 2355 Romano-gladio
1373 2300 1434 2341 in-
