1671 2543
519 120 622 156 CAP.
651 125 739 156 1—2
766 125 786 163 ἓ
814 124 914 156 1-5,
1363 123 1390 163 3

45 243 154 271 voce
182 229 288 270 mihi
313 229 359 270 in
385 228 560 284 agendis
581 229 734 284 gratiis
755 229 1212 283 commemorandoque
1233 244 1391 282 eorum,

47 287 121 341 qui
167 287 216 329 de
260 302 328 329 me
366 287 528 342 optime
565 287 709 328 meriti
747 290 866 342 sunt,
902 287 1107 329 beneficio
1145 302 1237 329 esse
1273 291 1392 329 uten-

49 346 151 387 dum
182 346 408 400 putabam,
450 360 499 387 ea
529 361 641 387 nunc
672 346 738 387 uti
771 360 902 401 cogor
932 346 978 387 in
1009 360 1157 387 eorum
1188 346 1390 401 periculis

47 404 328 458 depellendis,
359 404 412 445 iis
444 404 721 459 potissimum
752 419 834 446 vox
864 405 970 446 haec
1002 405 1172 458 serviat,
1206 419 1389 459 quorum

10 474 28 499 ⁵
48 477 179 517 opera
198 466 241 504 et
267 463 373 504 mihi
400 465 443 504 et
462 463 584 504 vobis
611 466 654 504 et
679 464 838 517 populo
860 463 1055 505 Romano
1080 464 1286 505 restituta
1312 466 1385 505 est.

134 521 195 563 Et
244 535 505 575 quamquam
555 536 580 563 a
624 521 672 571 Q.
716 522 968 575 Hortensio,
1012 522 1251 564 clarissimo
1295 522 1387 563 viro

48 583 178 635 atque
224 580 596 635 eloquentissimo,
646 595 774 622 causa
824 584 890 622 est
933 580 979 621 P.
1025 579 1139 622 Sesti
1188 584 1389 635 perorata

44 639 239 693 nihilque
277 639 331 680 ab
371 653 420 680 eo
457 640 813 693 praetermissum
845 642 927 693 est,
966 640 1079 694 quod
1117 642 1191 681 aut
1227 654 1306 694 pro
1344 654 1389 680 re

46 697 220 752 publica
251 698 596 751 conquerendum
627 697 711 739 fuit
743 700 818 739 aut
848 712 926 752 pro
958 712 1031 739 reo
1072 698 1390 752 disputandum,

0 767 28 793 10
47 760 194 798 tamen
231 755 455 811 adgrediar
496 757 548 798 ad
586 757 827 810 dicendum,
870 771 922 797 ne
966 771 1062 798 mea
1096 757 1386 812 propugnatio

47 815 85 856 ei
120 814 397 869 potissimum
435 814 620 856 defuisse
659 815 872 869 videatur,
915 829 992 869 per
1030 829 1156 869 quem
1195 819 1261 856 est
1297 830 1390 869 per-

44 873 224 928 fectum,
265 887 318 915 ne
364 873 517 914 ceteris
556 874 721 915 civibus
765 874 943 915 deesset.
1014 873 1158 928 Atque
1203 887 1282 929 ego
1327 874 1388 915 sic

47 934 206 985 statuo,
236 931 410 986 iudices,
442 946 467 972 a
491 946 559 973 me
590 932 635 973 in
662 932 744 973 hac
770 946 898 979 causa
930 935 1058 986 atque
1083 932 1165 973 hoc
1197 935 1387 973 extremo

47 990 212 1031 dicendi
255 990 350 1031 loco
392 990 568 1044 pietatis
607 991 754 1045 potius
799 1005 928 1044 quam
972 990 1248 1045 defensionis,
1292 1005 1389 1045 que-

3 1061 27 1087 .5
46 1048 176 1090 rellae
210 1063 338 1102 quam
371 1049 659 1103 eloquentiae,
697 1049 858 1090 doloris
891 1063 1020 1103 quam
1057 1049 1219 1104 ingenii
1250 1049 1388 1103 partis

46 1121 138 1149 esse
171 1109 404 1161 susceptas.
465 1107 617 1162 Itaque
656 1108 693 1149 si
725 1110 800 1149 aut
831 1108 970 1148 acrius
1012 1121 1140 1162 egero
1174 1110 1249 1148 aut
1285 1107 1387 1148 libe-

45 1166 154 1219 rius,
199 1180 327 1220 quam
359 1165 432 1219 qui
470 1168 569 1207 ante
608 1180 674 1207 me
708 1166 923 1220 dixerunt,
966 1169 1067 1220 peto
1100 1180 1125 1206 a
1155 1166 1297 1219 vobis,
1340 1169 1390 1207 ut

45 1227 219 1265 tantum
264 1224 450 1265 orationi
499 1239 618 1266 meae
663 1224 925 1279 concedatis,
977 1227 1187 1278 quantum
1230 1227 1274 1265 et
1316 1224 1388 1278 pio

47 1282 186 1324 dolori
212 1285 255 1323 et
280 1282 419 1324 iustae
445 1283 689 1325 iracundiae
717 1283 1030 1324 eoncedendum
1055 1283 1231 1336 putetis.
1275 1282 1390 1323 Nam

5 1355 183 1395 ‹oneque
211 1341 353 1383 officio
380 1341 650 1383 coniunctior
678 1342 800 1383 dolor
824 1342 938 1382 ullus
966 1356 1058 1382 esse
1082 1344 1230 1395 potest
1262 1355 1391 1395 quam

45 1400 117 1441 hie
148 1414 268 1441 meus
301 1403 524 1454 susceptus
557 1415 607 1441 ex
641 1400 828 1442 hominis
862 1401 912 1441 de
944 1415 1011 1441 me
1045 1400 1207 1453 optime
1246 1400 1391 1440 meriti

45 1458 249 1513 periculo,
273 1472 410 1512 neque
430 1459 651 1500 iracundia
669 1459 808 1513 magis
828 1459 917 1499 ulla
942 1458 1154 1499 laudanda
1174 1461 1241 1499 est
1261 1473 1391 1512 quam

0 1524 1 1528 ’
47 1531 143 1558 mea
164 1517 432 1558 inflammata
455 1532 603 1559 eorum
627 1517 801 1571 scelere,
830 1517 903 1571 qui
927 1532 1022 1558 eum
1047 1517 1245 1558 omnibus
1272 1531 1390 1557 meae

49 1575 202 1616 salutis
229 1575 523 1617 defensoribus
554 1576 717 1617 bellum
743 1590 834 1617 esse
862 1575 944 1617 sibi
971 1576 1204 1631 gerendum
1235 1575 1392 1616 iudica-

12 1647 28 1674 5
47 1636 213 1674 verunt.
276 1632 359 1675 Sed
396 1635 599 1688 quoniam
643 1635 824 1689 singulis
863 1634 1114 1675 criminibus
1153 1634 1285 1675 ceteri
1328 1648 1389 1674 re-

49 1691 332 1746 sponderunt,
375 1693 513 1734 dicam
551 1707 631 1748 ego
676 1693 726 1734 de
764 1693 881 1734 omni
925 1695 1044 1733 statu
1081 1691 1127 1733 P.
1167 1691 1299 1745 Sesti,
1340 1692 1391 1733 de

49 1764 202 1806 genere
239 1750 372 1804 vitae,
416 1751 465 1792 de
502 1754 674 1803 natura,
719 1751 768 1792 de
806 1751 1016 1803 moribus,
1060 1751 1110 1791 de
1148 1750 1392 1791 incredibili

49 1823 194 1850 amore
226 1809 271 1849 in
301 1809 457 1861 bonos,
489 1809 538 1850 de
572 1810 714 1850 studio
748 1809 1061 1850 conservandae
1094 1808 1247 1849 salutis
1281 1822 1392 1849 com-

50 1867 190 1908 munis
225 1870 353 1921 atque
387 1867 465 1908 otii
498 1868 849 1921 eontendamque,
886 1867 921 1907 si
953 1866 1079 1907 modo
1112 1866 1156 1906 id
1188 1866 1392 1919 consequi

16 1928 220 1979 opotero,
255 1928 305 1966 ut
336 1925 381 1967 in
410 1925 491 1967 hac
529 1926 706 1967 confusa
743 1929 871 1979 atque
909 1925 1108 1965 universa
1147 1924 1391 1965 defensione

48 1984 158 2024 nihil
190 1998 215 2024 a
239 1999 318 2036 me,
352 1984 465 2038 quod
492 1984 544 2025 ad
574 1987 763 2025 vestram
790 1983 1095 2037 quaestionem,
1126 1982 1247 2027 nihil
1280 1983 1393 2036 quod

51 2042 105 2083 ad
121 2056 253 2096 r,eum
271 2042 392 2096 nihil,
413 2042 525 2096 quod
546 2042 599 2083 ad
615 2057 705 2083 rem
724 2041 941 2096 publicam
960 2041 1187 2095 pertineat,
1206 2043 1393 2094 praeter-

51 2100 232 2142 missum
275 2115 367 2142 esse
411 2101 616 2142 videatui.
689 2100 749 2141 Et
794 2100 996 2165 quoniam
1039 2100 1085 2140 in
1124 2099 1392 2154 gravissimis

53 2159 320 2213 temporibus
348 2160 537 2201 civitatis
568 2162 696 2213 atque
728 2159 774 2200 in
798 2159 932 2199 ruinis
966 2172 1136 2199 eversae
1164 2160 1293 2211 atque
1325 2158 1392 2198 ad-

22 2217 194 2259 sflictae
225 2218 287 2258 rei
317 2218 514 2271 publicae
546 2218 591 2258 P.
625 2216 738 2259 Sesti
769 2217 1014 2258 tribunatus
1048 2219 1113 2257 est
1145 2231 1170 2256 a
1199 2215 1394 2257 Fortuna

53 2275 149 2329 ipsa
180 2275 433 2330 collocatus,
470 2291 557 2318 non
589 2275 812 2331 adgrediar
849 2276 902 2316 ad
932 2275 1009 2316 illa
1040 2274 1226 2315 maxima
1264 2277 1392 2328 atque

53 2334 339 2389 amplissima,
395 2335 648 2389 priusquam
698 2334 898 2387 docuero,
952 2333 1106 2387 quibus
1157 2333 1294 2374 initiis
1344 2346 1393 2373 ae

1128 2401 1176 2436 1*

1415 554 1435 584 3
