1671 2543
579 66 679 101 CAP.
707 70 797 101 5—7
824 70 842 108 ξ
871 69 1020 102 10—15.
1390 65 1473 107 167

134 176 206 230 pl„
250 176 286 219 si
329 191 406 218 sua
442 175 614 218 consilia
652 189 749 216 cum
786 175 862 216 illo
902 174 1212 228 coniunxisset,
1256 188 1282 214 a
1319 176 1473 215 senatu

137 237 304 289 quidem
336 236 602 289 desperasse3
632 233 761 275 huius
794 237 836 274 te
868 233 1093 288 cupiditati
1121 232 1312 287 obsequi,
1345 232 1474 273 sicuti

136 309 212 349 ego
250 294 448 336 fecissem
486 294 532 335 in
571 292 738 348 collega
769 307 883 347 meo,
919 292 1029 334 nihil
1061 306 1171 347 esse,
1211 291 1324 346 quod
1355 306 1474 345 prae-

137 353 289 395 sidium
322 353 547 394 consulum
577 351 858 406 inplorarem3
891 351 974 393 sibi
1007 365 1218 405 quemque
1252 350 1474 392 consulere

99 422 116 447 5
137 414 343 466 oportere.
393 411 537 466 Atque
562 410 668 452 haec
694 410 834 451 dicere
860 410 931 451 vix
954 410 1107 465 audeo,
1133 424 1301 464 vereor,
1326 423 1379 451 ne
1400 409 1475 463 qui

136 470 212 524 sit,
251 471 320 525 qui
356 470 482 511 istius
520 470 735 524 insignem
773 469 1013 523 nequitiam
1044 468 1201 510 frontis
1234 467 1475 510 involutam

135 529 443 584 integumentis
468 529 658 570 nondum
685 531 849 583 cernat,
875 528 1014 569 dicam
1038 531 1194 569 tamen.
1238 527 1338 581 Ipse
1360 530 1475 568 certe

136 591 338 643 agnoscet
359 591 402 629 et
422 602 519 629 cum
540 587 684 641 aliquo
706 587 851 628 dolore
866 587 1133 642 flagitiorum
1148 601 1323 628 suorum
1337 600 1475 627 recor—

135 646 318 688 dabitur.
365 646 670 700 Meministine,
704 661 893 701 caenum,
926 661 1022 687 cum
1056 646 1107 687 ad
1140 648 1182 686 te
1210 645 1361 700 quinta
1384 644 1475 686 fere
1493 646 1535 678 13

83 716 117 742 ιο
135 705 244 747 hora
277 720 371 747 cum
398 705 442 748 C.
469 705 626 746 Pisone
658 706 882 758 venissem,
913 705 1058 746 nescio
1087 719 1170 758 quo
1197 719 1218 746 e
1244 704 1474 759 gurgustio

135 767 177 805 te
209 764 378 818 prodire
411 764 606 806 involuto
640 764 793 818 capite,
825 764 1048 817 soleatum,
1081 767 1135 817 et,
1168 778 1264 805 cum
1288 763 1375 805 isto
1402 777 1475 804 ore

133 823 296 864 foetido
335 823 628 864 taeterrimam
663 823 789 864 nobis
821 823 1026 877 popinam
1058 822 1314 876 inhalasses,
1355 836 1476 864 excu-

135 882 301 923 satione
340 885 381 923 te
416 882 481 923 uti
512 881 789 935 valetudinis,
828 882 940 935 quod
972 882 1134 923 diceres
1166 881 1400 922 vinulentis
1432 884 1476 923 te

135 940 392 994 quibusdam
430 940 782 982 medicaminibus
822 941 958 981 solere
998 940 1167 982 curari?
1220 939 1359 989 Quam
1395 954 1477 982 nos

81 1010 115 1037 15
132 1014 309 1041 causam
347 1014 444 1041 cum
484 999 794 1054 accepissemus
834 998 954 1054 (quid
992 1000 1106 1040 enim
1137 998 1276 1040 facere
1307 1001 1476 1053 potera-

135 1057 297 1113 mus‘?),
337 1058 555 1112 paulisper
593 1058 794 1099 stetimus
832 1059 878 1099 in
914 1058 989 1099 illo
1029 1072 1263 1113 ganearum
1301 1061 1476 1099 tuarum

133 1117 283 1158 nidore
321 1120 449 1171 atque
487 1117 625 1170 fumo3
667 1117 777 1158 unde
817 1119 865 1158 tu
901 1131 981 1158 nos
1020 1132 1117 1158 cum
1153 1117 1476 1170 improbissime

134 1175 443 1230 respondendo,
474 1178 567 1216 tum
602 1175 851 1229 turpissime
883 1176 1091 1217 ructando
1125 1176 1302 1216 eiecisti.
1356 1174 1477 1216 Idem
1494 1179 1539 1209 14

134 1234 209 1275 illo
253 1234 341 1275 fere
385 1234 515 1276 biduo
558 1234 803 1288 productus
835 1234 880 1275 in
919 1234 1166 1275 contionem
1204 1235 1257 1275 ab
1297 1249 1364 1288 eo,
1409 1235 1478 1276 cui

81 1306 116 1331 20
135 1293 432 1347 inlaqueatum
468 1293 706 1348 praebebas
740 1293 1011 1334 consulatum
1043 1295 1185 1346 tuum,
1226 1307 1323 1334 cum
1361 1307 1478 1334 esses

134 1352 447 1407 interrogatus,
487 1352 589 1406 quid
621 1352 802 1393 sentires
836 1352 885 1393 de
919 1352 1147 1393 consulatu
1179 1366 1293 1406 meo,
1332 1352 1477 1407 gravis

135 1414 303 1465 auctor,
353 1410 577 1453 Calatinus
628 1411 752 1452 credo
803 1411 960 1464 aliquis
1008 1413 1083 1452 aut
1126 1410 1357 1452 Africanus
1403 1413 1479 1451 aut

134 1468 349 1510 Maximus
389 1472 432 1510 et
460 1484 548 1510 non
580 1468 844 1511 Caesoninus
880 1468 1268 1524 Semiplacentinus
1302 1469 1479 1511 Calven-

135 1528 242 1581 tius,
279 1528 510 1582 respondes
550 1528 686 1569 altero
720 1528 773 1569 ad
803 1528 993 1570 frontem
1025 1528 1216 1583 sublato,
1255 1528 1391 1569 altero
1425 1527 1479 1570 ad

81 1598 115 1625 25
136 1588 330 1627 mentum
379 1587 579 1640 depresso
630 1587 859 1640 supercilio
911 1587 1210 1628 crudelitatem
1259 1587 1342 1628 tibi
1390 1601 1480 1628 non

134 1644 316 1699 placere.
370 1644 455 1686 Hic
492 1648 535 1686 te
573 1645 645 1686 ille
682 1645 812 1686 homo
846 1645 1125 1700 dignissimus
1157 1645 1245 1686 tuis
1277 1645 1518 1688 laudibus7

136 1703 408 1744 collaudavit.
465 1702 744 1745 Crudelitatis
777 1707 843 1757 tu,
877 1703 1066 1758 furcifer,
1098 1707 1295 1745 senatum
1327 1704 1478 1745 consul

136 1762 181 1802 in
222 1761 422 1802 contione
460 1762 746 1803 condemnas?
789 1777 876 1803 non
914 1762 1028 1803 enim
1066 1777 1151 1815 me,
1196 1763 1270 1817 qui
1309 1763 1478 1803 senatui

136 1820 279 1874 parui3
321 1834 422 1861 nam
466 1820 619 1861 relatio
662 1820 738 1861 illa
783 1820 985 1861 salutaris
1031 1822 1073 1861 et
1114 1820 1297 1875 diligens
1335 1820 1479 1862 fuerat

82 1895 117 1920 30
137 1878 343 1932 consulis,
388 1878 699 1919 animadversio
745 1879 916 1932 quidem
961 1880 1003 1920 et
1046 1879 1252 1920 iudicium
1291 1882 1478 1921 senatus.

138 1936 256 1986 Quae
283 1951 380 1978 cum
405 1937 694 1991 reprehendis,
728 1937 930 1990 ostendis,
963 1937 1102 1991 qualis
1129 1940 1190 1992 tu,
1215 1937 1252 1978 si
1279 1938 1340 1978 ita
1364 1937 1477 1980 forte

138 1996 376 2049 accidisset,
395 1995 527 2036 fueris
548 1995 624 2036 illo
644 1997 839 2049 tempore
860 1996 1008 2036 consul
1028 1995 1211 2037 futurus.
1255 1995 1478 2050 Stipendio

137 2054 379 2096 mehercule
412 2057 455 2095 et
486 2054 702 2095 frumento
730 2053 963 2095 Catilinam
992 2068 1083 2095 esse
1109 2057 1307 2108 putasses
1333 2055 1479 2096 iuvan-

138 2114 249 2154 dum.
304 2113 417 2162 Quid
443 2113 556 2154 enim
581 2112 779 2153 interfuit
804 2112 918 2153 inter
945 2112 1178 2154 Catilinam
1204 2115 1247 2154 et
1273 2128 1382 2168 eum,
1408 2114 1477 2155 cui
1494 2122 1537 2153 15

84 2187 118 2213 35
136 2174 184 2212 tu
217 2175 392 2213 senatus
425 2171 742 2224 auctoritatem,
773 2171 959 2212 salutem
989 2171 1191 2226 civitatis,
1224 2174 1363 2213 totam
1387 2187 1480 2214 rem

137 2230 355 2285 publicam
393 2230 640 2284 provinciae
671 2230 862 2283 praemio
895 2230 1156 2271 vendidisti?
1214 2230 1332 2279 Quae
1364 2231 1479 2272 enim

136 2287 184 2329 L.
208 2287 441 2330 Catilinam
469 2290 696 2330 conantem
723 2288 872 2329 consul
897 2288 1112 2344 prohibui,
1139 2303 1188 2330 ea
1213 2288 1259 2330 P.
1280 2288 1480 2332 Clodium
