1671 2543
396 609 457 657 M.
497 609 684 656 TULLI
723 608 1053 656 CICERONIS

273 730 420 785 PRO
464 731 522 784 P.
569 728 831 785 SESTIO
876 729 1176 784 ORATIO.

198 936 575 976 ARGUMENTUM
608 937 836 976 VETERIS
868 937 939 975 EN
942 936 1254 976 ARRATORIS.

150 1026 189 1061 P.
211 1025 351 1060 Sestius
373 1025 617 1060 amicissimus
642 1025 1028 1069 familiarissimusque
1049 1024 1234 1060 Ciceronis
1260 1025 1333 1060 fuit
1356 1026 1396 1060 in

56 1072 215 1117 collegio
249 1072 482 1107 tribunorum
507 1072 575 1117 pL,
608 1072 671 1117 qui
702 1072 851 1107 fuerunt
880 1072 919 1106 P.
952 1072 1107 1106 Lentulo
1134 1072 1327 1117 Spinthere
1354 1072 1393 1115 Q.

57 1120 209 1155 Metello
235 1119 380 1163 Nepote
407 1130 498 1154 cose.
526 1119 638 1165 [anno
664 1131 698 1163 p.
725 1131 760 1154 u.
787 1130 817 1154 0.
844 1119 938 1165 697}
990 1118 1186 1154 Obstinate
1211 1119 1328 1164 igitur
1358 1121 1396 1154 et

57 1168 88 1202 is
107 1177 186 1201 sese
207 1166 402 1201 dediderat
421 1168 459 1200 in
478 1177 697 1200 consensum
715 1165 834 1211 partis
855 1166 943 1209 eius,
964 1166 1027 1209 qni
1047 1166 1271 1210 dignitatem
1291 1177 1395 1200 suam

57 1215 105 1249 M.
126 1213 249 1248 Tullio
268 1213 463 1248 restituere
482 1214 705 1257 gestiebant.
744 1212 816 1247 Sed
836 1213 934 1247 enim
953 1212 990 1247 P.
1014 1211 1143 1248 Clodio
1162 1215 1393 1258 repugnante

56 1262 95 1295 et
125 1261 375 1305 conspiratam
406 1259 582 1294 seditiose
612 1259 891 1294 multitudinem
922 1262 1187 1304 congregante,
1226 1271 1272 1295 ne
1312 1260 1394 1304 quis

56 1308 118 1342 isti
135 1308 183 1342 ad
201 1307 448 1342 revocandum
465 1305 677 1341 Ciceronem
697 1307 847 1341 daretur
867 1306 1029 1350 effectus,
1051 1307 1098 1340 ad
1118 1307 1395 1342 dimicationem

56 1365 171 1399 usque
202 1364 416 1399 processum
442 1355 513 1398 est,
546 1355 588 1387 ut
611 1353 649 1387 P.
677 1353 817 1388 Sestius
848 1353 1065 1398 gravissime
1092 1355 1129 1388 et
1153 1364 1271 1398 paene
1303 1354 1395 1388 leta-

56 1401 142 1436 liter
171 1401 386 1436 vulneratus
423 1400 633 1435 necessario
670 1402 864 1445 cogeretur
901 1401 1015 1435 etiam
1052 1401 1131 1445 ipse
1169 1402 1395 1436 armatorum

55 1459 207 1483 manum
236 1447 517 1492 gladiatoriam,
549 1447 648 1491 quod
672 1447 762 1482 Milo
794 1447 868 1482 iam
900 1447 1059 1491 fecerat,
1088 1447 1265 1482 adhibere
1289 1458 1394 1493 prae-

58 1495 145 1530 sidii
170 1494 313 1529 scilicet
338 1495 478 1539 gratia3
505 1494 557 1529 sic
583 1496 680 1529 enim
704 1495 828 1539 potuit
854 1494 966 1537 effici,
996 1496 1038 1528 ut
1062 1494 1258 1539 actionem,
1283 1505 1395 1539 quam

57 1553 123 1586 pro
149 1541 270 1576 Tullio
297 1541 530 1585 instituerat,
563 1541 757 1576 obtineret.
808 1541 1010 1585 Postquam
1035 1542 1161 1575 tamen
1186 1541 1312 1576 Cicero
1347 1542 1395 1576 ab

57 1588 169 1623 exilio
195 1588 319 1631 rediit,
346 1598 517 1623 accusare
544 1588 589 1622 de
614 1589 651 1623 vi
671 1588 709 1623 P.
731 1588 878 1623 Clodius
899 1588 1059 1622 Sestium
1084 1589 1207 1632 coepit
1230 1589 1394 1623 immisso

56 1635 160 1670 velut
183 1635 348 1679 principe
374 1634 572 1670 delationis
592 1634 639 1670 M.
654 1634 886 1669 Albinovano
913 1636 951 1669 et
975 1635 1229 1670 testimonium
1249 1635 1394 1671 dicente
1410 1635 1421 1642 '

58 1683 97 1717 P.
118 1681 288 1724 Vatinio,
314 1683 357 1715 ut
380 1682 450 1716 hoc
474 1682 672 1726 praecipue
698 1682 843 1716 crimini
868 1682 984 1724 daret,
1011 1682 1110 1726 quod
1136 1693 1393 1727 supergressus

59 1728 206 1763 civilem
236 1728 386 1762 modum
422 1728 655 1772 rogationem
686 1740 789 1763 suam
825 1740 900 1764 non
932 1730 1120 1772 aequitate
1157 1730 1394 1773 persuaserit,

61 1775 126 1810 sed
152 1774 263 1809 armis
290 1774 503 1809 obtinuerit.
553 1774 618 1809 Cui
652 1776 858 1820 opponetur
888 1775 997 1809 huius
1033 1775 1136 1810 modi
1167 1786 1188 1809 a
1220 1775 1394 1810 Cicerone

60 1822 224 1857 defensio
249 1832 316 1866 per
340 1821 561 1865 qualitatem
587 1822 723 1866 speciei
749 1822 906 1866 duplicis
934 1849 941 1856 .
963 1849 970 1856 .
991 1849 998 1856 .
1019 1849 1027 1856 .
1077 1821 1173 1856 Nam
1197 1821 1394 1856 relativum

59 1869 130 1904 hoc
167 1869 253 1912 erit,
291 1868 388 1902 iuste
425 1869 463 1902 et
498 1868 629 1902 merito
660 1868 834 1903 habuisse
872 1870 1097 1902 armatorum
1132 1868 1320 1912 praesidia
1354 1868 1393 1902 P.

62 1915 233 1958 Sestium,
253 1917 295 1949 ut
314 1914 512 1949 Clodianos
532 1914 692 1959 impetus
713 1915 759 1949 ab
778 1915 846 1949 illa
866 1914 1115 1957 dimicatione,
1142 1926 1254 1958 quam
1272 1915 1393 1949 facere

60 1964 245 2007 coeperat,
271 1963 514 1996 submoveret.
563 1961 661 1995 Illud
679 1972 764 1996 vero
791 1962 839 1995 ad
861 1961 1201 2006 compensationem
1224 1961 1393 2004 refertur,

60 2020 127 2054 pro
158 2009 256 2043 bona
287 2019 399 2043 causa
429 2010 467 2043 et
496 2007 550 2042 rei
587 2008 759 2052 publicae
790 2008 1016 2051 necessaria,
1055 2007 1201 2042 etiamsi
1232 2010 1394 2043 armatos

59 2055 245 2098 habuerit,
270 2055 492 2100 impunitum
512 2065 591 2089 esse
612 2054 756 2098 debere,
783 2066 865 2089 cum
890 2055 984 2089 bene
1003 2053 1176 2089 meritum
1202 2054 1247 2089 de
1273 2055 1393 2089 salute

59 2102 204 2148 patriae
230 2102 348 2137 civem
372 2101 519 2137 restitui
544 2101 658 2135 vellet
683 2100 845 2136 omnium
870 2101 1019 2136 favente
1051 2111 1241 2137 consensu.
1290 2103 1394 2136 Hanc

59 2149 176 2194 igitur
206 2149 361 2184 eandem
392 2159 541 2184 causam
576 2148 727 2192 plurimi
759 2148 1018 2192 defenderunt,
1056 2148 1094 2181 in
1132 2149 1213 2191 quis
1250 2148 1323 2182 fuit
1354 2148 1393 2191 Q.

61 2196 297 2240 Hortensius,
330 2196 378 2230 M.
405 2195 573 2238 Crassus,
605 2194 640 2229 C.
668 2194 831 2229 Licinius
857 2195 1009 2237 Calvus,
1041 2194 1209 2239 partibus
1234 2194 1330 2230 inter
1356 2206 1394 2229 se

62 2242 282 2287 distributis,
309 2254 400 2287 quas
429 2243 468 2277 in
494 2223 636 2287 agendo
665 2243 865 2276 tuerentur
915 2243 1044 2285 Itaque
1068 2241 1211 2276 Tullius
1237 2253 1282 2276 ea
1313 2252 1394 2287 per-

61 2290 192 2333 oravit,
218 2300 312 2333 quae
339 2289 410 2324 sibi
434 2290 582 2324 fuerant
607 2288 836 2333 explicanda,
861 2299 939 2331 nec,
966 2292 1007 2323 ut
1031 2287 1197 2341 plerique
1223 2289 1395 2323 arbitrati

63 2338 163 2379 sunt,
199 2339 302 2371 extra
327 2346 475 2371 causam
500 2337 656 2380 vagatus
683 2337 755 2379 est3
788 2335 955 2380 quamvis
983 2336 1081 2370 enim
1112 2334 1270 2371 sciamus
1297 2365 1304 2372 .
1326 2361 1334 2369 .
1356 2361 1363 2369 .
1385 2358 1394 2368 ι

132 2396 298 2422 010113
1163 2398 1180 2428 1
