1671 2543
212 66 300 106 472
374 66 425 101 IN
451 66 499 103 M.
526 66 782 102 ANTONJUM
809 67 983 103 ORATIO
1009 67 1278 104 PHILIPPICA
1302 69 1380 105 VII.

211 188 298 215 non
322 174 358 215 is
385 174 478 228 erit,
510 175 561 216 ad
588 189 714 228 quem
741 175 856 216 omni
881 178 1003 217 motu
1030 190 1262 218 concursus
1288 177 1367 218 fiat
1392 177 1550 219 civium

211 233 505 286 perditorum?
567 232 628 274 Ut
658 247 783 275 nemo
817 234 874 275 sit
905 234 1014 276 alius
1040 235 1124 276 nisi
1151 235 1193 289 ii,
1226 235 1298 289 qui
1324 250 1409 277 una
1435 239 1549 289 sunt,

212 294 256 332 et
291 291 339 345 ii,
378 292 450 346 qui
486 292 556 333 hic
595 291 632 332 ei
662 306 775 334 nunc
808 295 952 347 aperte
984 292 1148 347 favent,
1185 308 1391 348 parumne
1423 297 1550 336 erunt

211 350 348 404 multi,
379 350 632 404 praesertim
664 365 759 392 cum
785 352 996 393 bonorum
1022 351 1236 406 praesidia
1260 352 1547 406 discesserint,

212 408 275 449 illi
313 409 453 463 parati
492 409 578 450 sint
616 410 669 450 ad
704 412 856 451 nutum
894 409 1057 451 futuri?
1124 410 1220 466 Ego
1259 426 1358 453 vero
1391 414 1548 465 metuo,
1585 429 1601 455 5

213 467 249 508 si
291 468 373 509 hoc
411 471 603 522 tempore
648 469 825 510 consilio
864 469 974 523 lapsi
1012 469 1188 523 erimus,
1235 484 1288 511 ne
1326 469 1390 511 illi
1429 470 1547 512 brevi

157 533 196 563 19
213 529 404 580 tempore
441 526 570 567 nimis
609 527 735 568 multi
765 527 890 569 nobis
923 542 1014 569 esse
1048 528 1283 570 videantur.
1344 528 1435 571 Nec
1467 542 1547 584 ego

210 600 358 638 pacem
394 585 513 638 nolo,
551 585 623 626 sed
661 585 779 640 pacis
817 586 987 628 nomine
1019 587 1180 628 bellum
1211 587 1453 629 involutum
1485 601 1547 629 re-

211 643 406 684 formido.
453 643 605 698 Quare,
625 644 662 685 si
681 659 784 698 pace
804 644 889 686 frui
909 645 1118 700 volumus,
1138 646 1299 687 bellum
1314 646 1546 702 gerendum

211 705 293 755 est,
338 702 373 744 si
417 702 580 743 bellum
624 703 884 757 omittimus,
927 718 1029 757 pace
1074 719 1307 758 numquam
1345 705 1546 747 fruemur.
1569 722 1601 747 ιο

172 762 192 800 ’ἱ
210 760 291 801 Est
311 763 456 802 autem
475 761 608 802 vestri
629 762 810 816 consilii,
829 765 974 816 patres
996 763 1241 817 conscripti,
1261 763 1306 804 in
1325 766 1547 818 posterum

210 834 339 873 quam
376 820 626 875 longissime
666 821 899 875 providere.
962 821 1126 863 Idcirco
1165 822 1211 862 in
1241 822 1320 863 hac
1353 822 1549 864 custodia

210 880 253 918 et
278 881 500 932 tamquam
527 879 699 933 specula
719 879 931 921 conlocati
951 894 1110 935 sumus,
1134 881 1198 921 uti
1225 895 1403 922 vacuum
1429 884 1547 922 metu

209 937 416 991 populum
459 937 702 979 Romanum
751 941 901 980 nostra
948 939 1099 994 vigilia
1148 942 1191 980 et
1240 940 1547 994 prospicientia

209 995 489 1037 redderemus.
551 996 691 1051 Turpe
730 1000 796 1038 est
834 1012 1000 1039 summo
1034 998 1212 1039 consilio
1245 998 1361 1039 orbis
1393 1002 1544 1051 terrae,
1566 1015 1599 1042 15

207 1055 462 1107 praesertim
505 1055 551 1096 in
587 1070 631 1096 re
670 1059 760 1096 tam
797 1056 1039 1110 perspicua,
1085 1056 1311 1098 consilium
1348 1057 1542 1112 intellegi

150 1121 193 1151 20
209 1113 403 1155 defuisse.
465 1116 548 1155 Eos
581 1114 776 1156 consules
808 1115 1027 1168 habemus,
1059 1129 1153 1156 eam
1185 1115 1333 1170 populi
1361 1115 1546 1157 Romani

209 1171 495 1224 alacritatem,
536 1187 633 1214 eum
671 1187 925 1229 consensum
964 1172 1134 1227 Italiae,
1179 1188 1251 1215 eos
1289 1174 1434 1228 duces,
1473 1188 1544 1216 eos

209 1231 432 1282 exercitus,
463 1234 513 1272 ut
543 1231 707 1272 nullam
740 1232 1031 1273 calamitatem
1064 1247 1130 1273 res
1156 1232 1329 1286 publica
1355 1233 1544 1287 accipere

206 1289 346 1342 possit
402 1290 491 1330 sine
548 1289 673 1343 culpa
732 1293 916 1331 senatus.
995 1290 1207 1344 Equidem
1263 1305 1349 1332 non
1399 1291 1542 1345 deer03
1563 1308 1597 1333 20

208 1347 402 1401 monebo,
433 1347 687 1401 praedicam,
720 1348 992 1402 denuntiabo,
1025 1349 1218 1390 testabor
1250 1363 1417 1403 semper
1441 1349 1543 1391 deos

206 1405 504 1459 hominesque,
549 1406 650 1460 quid
694 1407 894 1460 sentiam,
936 1421 1013 1448 nec
1051 1407 1190 1448 solum
1227 1407 1355 1448 fidem
1392 1421 1544 1458 meam,

207 1464 319 1518 quod
352 1463 534 1505 fortasse
567 1464 761 1505 videatur
793 1465 898 1506 satis
931 1480 1034 1515 esse,
1070 1466 1142 1506 sed
1174 1466 1217 1506 in
1243 1466 1434 1520 principe
1461 1466 1544 1508 civi

206 1536 290 1563 non
322 1526 387 1564 est
420 1523 543 1577 satis,
582 1537 744 1577 curam,
784 1524 1007 1565 consilium
1040 1524 1393 1579 vigilantiamque
1425 1539 1543 1580 prae-

207 1582 341 1622 stabo.
1561 1601 1594 1626 25

148 1625 189 1714 *3
294 1639 393 1680 Dixi
443 1640 492 1681 de
542 1641 751 1695 periculo,
801 1641 960 1682 docebo
1011 1656 1062 1682 ne
1114 1642 1407 1697 coagmentari
1453 1642 1542 1696 quj-

174 1685 299 1739 ldem
332 1713 456 1753 posse
488 1713 654 1753 pacem,
686 1700 735 1740 de
763 1700 901 1741 tribus
929 1700 1052 1753 enim,
1085 1714 1192 1754 quae
1218 1700 1434 1754 proposui,
1459 1700 1540 1743 hoc

135 1753 441 1822 (8)cxtremum
485 1760 560 1798 est.
637 1757 753 1806 Quae
797 1761 942 1813 potest
984 1774 1067 1812 pax
1111 1773 1201 1799 esse
1247 1758 1301 1799 M.
1346 1759 1539 1801 Antonio

204 1816 388 1870 primum
421 1831 516 1857 cum
549 1817 728 1858 senatu?
762 1831 844 1871 quo
878 1832 949 1858 ore
982 1831 1057 1858 vos
1090 1817 1160 1857 ille
1186 1818 1357 1871 poterit,
1384 1818 1538 1871 quibus

205 1875 393 1916 vicissim
425 1889 500 1915 vos
534 1875 655 1916 illum
688 1876 821 1917 oculis
848 1875 1034 1916 intueri?
1067 1876 1161 1929 quis
1187 1878 1378 1917 vestrum
1403 1876 1538 1930 illum,
1558 1893 1593 1918 30

205 1948 331 1987 quem
368 1933 439 1973 ille
471 1936 661 1974 vestrum
697 1949 783 1975 non
822 1934 988 1975 oderit?
1049 1934 1155 1989 Age,
1186 1948 1261 1975 vos
1294 1935 1365 1975 ille
1397 1935 1538 1976 solum

204 1995 247 2032 et
290 2006 365 2033 vos
403 1992 541 2044 illum3
587 1992 716 2046 quid?
769 1993 817 2046 ii,
855 1993 925 2046 qui
967 1991 1178 2033 Mutinam
1218 1993 1539 2047 circumsedent,

204 2050 275 2104 qui
307 2051 352 2091 in
385 2049 526 2091 Gallia
557 2050 737 2092 dilectus
769 2051 942 2104 habent,
975 2051 1045 2105 qui
1079 2051 1122 2091 in
1152 2054 1316 2092 vestras
1342 2051 1536 2093 fortunas

203 2109 444 2161 imminent,
483 2109 608 2150 amici
649 2124 851 2163 umquam
890 2110 1011 2151 vobis
1050 2113 1175 2150 eru'nt
1207 2113 1281 2151 aut
1312 2124 1387 2151 vos
1419 2109 1536 2150 illis?

205 2168 271 2208 An
304 2168 469 2221 equites
496 2167 714 2209 Romanos
741 2168 1052 2222 amplectetur?
1109 2167 1288 2210 Occulta
1313 2168 1426 2209 enim
1450 2167 1534 2208 fuit
1554 2184 1588 2209 35

203 2240 349 2266 norum
392 2226 590 2267 voluntas
636 2226 921 2280 iudiciumque
965 2227 1015 2267 de
1061 2226 1260 2268 Antonio.
1335 2225 1416 2274 Qui
1457 2224 1536 2266 fre-

205 2285 472 2334 quentissimi
500 2285 542 2325 in
570 2285 773 2339 gradibus
801 2284 1062 2326 Concordiae
1090 2287 1314 2338 steterunt,
1353 2283 1425 2337 qui
1457 2297 1535 2325 nos
