1671 2543
588 113 688 148 CAP.
716 119 806 148 4—6
833 117 852 156 ξ
878 118 1003 148 8—13.
1383 113 1466 154 499

129 221 243 263 hunc
269 221 502 263 retinentes
529 221 799 262 extrusimus.
836 220 896 262 At
923 221 1024 275 quid
1049 221 1088 262 ei
1108 235 1203 262 cum
1223 219 1467 275 Apollonia,

132 279 232 335 quid
277 294 373 321 cum
409 278 667 334 Dyrrachio,
712 279 814 334 quid
858 294 953 321 cum
993 278 1185 334 Illyrico,
1231 279 1332 334 quid
1370 294 1466 321 cum

130 338 176 379 P.
208 337 357 380 Vatini
392 338 664 392 imperatoris
698 338 913 380 exercitu?
978 337 1257 391 Succedebat,
1292 340 1342 379 ut
1373 337 1464 391 ipse

130 397 310 450 dicebat,
341 396 585 438 Hortensio.
636 395 754 439 Certi
779 397 885 438 fines
911 396 1196 452 Macedoniae,
1228 399 1345 439 certa
1371 410 1466 438 con-

94 466 111 491 5
130 455 252 509 dicio,
279 459 432 509 certus,
459 455 495 497 si
515 455 640 497 modo
661 459 753 497 erat
772 456 896 509 ullus,
922 456 1151 510 exercitus3
1175 470 1271 497 cum
1288 455 1463 510 Illyrico

129 529 229 556 vero
258 517 301 555 et
328 529 423 556 cum
449 513 598 556 Vatini
623 514 864 570 legionibus
892 515 992 569 quid
1019 517 1110 556 erat
1134 514 1355 556 Antonio?
1404 513 1464 554 At
1482 518 1521 549 12

128 587 180 614 ne
206 572 343 614 Bruto
370 572 558 627 quidem3
585 572 628 614 id
655 573 767 615 enim
792 572 977 615 fortasse
1005 573 1218 628 quispiam
1243 573 1464 627 improbus

130 632 294 673 dixerit.
357 630 514 673 Omnes
546 631 755 687 legiones,
793 646 939 673 omnes
973 632 1136 687 copiae,
1169 646 1275 686 quae
1307 631 1464 686 ubique

129 693 247 744 sunt,
284 690 346 732 rei
375 690 572 745 publicae
606 693 723 745 sunt3
759 705 837 733 nec
869 691 981 732 enim
1013 705 1086 733 eae
1116 690 1325 746 legiones,
1358 704 1464 744 quae

77 761 110 784 1⁰
128 748 185 790 M.
228 748 467 791 Antonium
509 749 791 804 reliquerunt,
836 748 1000 791 Antoni
1042 749 1187 804 potius
1232 763 1360 803 quam
1403 749 1463 790 rei

125 807 323 862 publicae
360 807 492 850 fuisse
524 808 728 850 dicentur.
791 807 926 850 Omne
959 808 1071 849 enim
1104 810 1147 849 et
1179 808 1389 849 exercitus
1422 810 1463 848 et

126 866 296 921 imperii
327 866 393 908 ius
426 866 590 908 amittit
619 867 668 920 is,
701 867 773 921 qui
805 881 853 909 eo
886 867 1065 921 imperio
1093 869 1136 908 et
1162 867 1349 908 exercitu
1374 880 1464 907 rem

126 924 344 980 publicam
370 928 602 981 oppugnat.
650 925 811 974 Quodsi
836 925 931 980 ipsa
955 940 1022 967 res
1048 925 1221 980 publica
1245 920 1504 978 iudicaret,6

128 986 204 1026 aut
241 983 277 1025 si
312 998 436 1025 omne
467 983 533 1025 ius
565 984 747 1026 decretis
779 984 869 1025 eius
902 987 1181 1038 statueretur,
1218 982 1463 1025 Antonione

76 1052 108 1077 1⁵
128 1057 183 1084 an
212 1041 350 1084 Bruto
381 1042 573 1098 legiones
604 1043 752 1097 populi
783 1042 968 1084 Romani
999 1042 1288 1084 adiudicaret?
1340 1041 1465 1083 Alter

129 1101 351 1143 advolarat
383 1101 526 1143 subito
561 1101 612 1142 ad
644 1101 926 1156 direptionem
957 1104 1209 1156 pestemque
1239 1101 1464 1155 sociorum,

127 1162 188 1214 ut,
217 1173 482 1214 quacumque
508 1159 602 1213 iret,
629 1160 771 1201 omnia
796 1162 998 1214 vastaret,
1024 1160 1240 1214 diriperet,
1266 1159 1465 1213 auferret,

129 1218 316 1260 exercitu
347 1218 495 1272 populi
520 1217 705 1260 Romani
737 1221 887 1261 contra
911 1218 1053 1272 ipsum
1078 1218 1285 1273 populum
1310 1217 1465 1260 Roma-

127 1291 231 1318 num
255 1279 468 1331 uteretur3
500 1277 609 1318 alter
637 1291 731 1318 eam
755 1277 894 1332 legem
920 1277 1003 1318 sibi
1030 1279 1252 1331 statuerat,
1278 1279 1338 1331 ut,
1365 1291 1466 1331 quo-

76 1345 110 1370 20
129 1349 309 1390 cumque
340 1335 539 1388 venisset,
568 1335 642 1376 lux
672 1336 838 1377 venisse
871 1336 1079 1390 quaedam
1110 1337 1153 1377 et
1185 1349 1283 1390 spes
1313 1335 1464 1377 salutis

128 1393 355 1436 videretur.
403 1393 597 1448 Denique
624 1394 731 1435 alter
757 1394 809 1435 ad
835 1394 1107 1436 evertendam
1132 1408 1223 1435 rem
1247 1394 1465 1448 publicam

128 1452 341 1507 praesidia
369 1453 612 1507 quaerebat,
644 1453 752 1495 alter
778 1453 831 1494 ad
857 1453 1199 1494 conservandam.
1248 1452 1339 1494 Nec
1364 1467 1463 1494 vero

128 1525 206 1552 nos
237 1511 319 1552 hoc
350 1511 488 1566 magis
516 1511 765 1553 videbamus
792 1526 920 1566 quam
944 1511 1029 1566 ipsi
1055 1511 1226 1565 milites,
1259 1525 1284 1552 a
1309 1512 1462 1566 quibus

129 1571 252 1610 tanta
275 1569 321 1610 in
339 1568 562 1611 iudicando
582 1570 808 1623 prudentia
826 1584 913 1612 non
933 1572 1024 1611 erat
1043 1569 1311 1624 postulanda.
1356 1569 1463 1612 Cum
1482 1573 1521 1603 13

77 1638 110 1663 25
130 1627 217 1669 VII
250 1626 498 1669 cohortibus
530 1641 621 1669 esse
649 1627 903 1682 Apolloniae
935 1628 1086 1669 scribit
1110 1627 1359 1681 Antonium,
1392 1629 1464 1683 qui

130 1687 216 1728 iam
254 1688 328 1727 aut
366 1687 516 1739 captus
551 1688 617 1727 est
650 1685 781 1740 (quod
813 1686 854 1726 di
887 1685 1048 1740 duintl)
1082 1688 1156 1726 aut
1189 1688 1302 1727 certe
1333 1686 1463 1728 homo

129 1744 391 1787 verecundus
437 1743 482 1784 in
523 1743 817 1785 Macedoniam
859 1759 947 1785 non
990 1743 1170 1797 accedit,
1218 1758 1271 1785 ne
1315 1747 1465 1785 contra

131 1805 304 1845 senatus
343 1802 585 1844 consultum
615 1801 765 1843 fecisse
797 1802 1001 1843 videatur.
1062 1801 1256 1843 Dilectus
1288 1802 1463 1844 habitus

130 1862 176 1903 in
205 1860 455 1903 Macedonia
486 1863 552 1901 est
582 1874 748 1901 summo
782 1859 829 1909 Q.
860 1859 1067 1902 Hortensi
1099 1860 1240 1902 studio
1273 1863 1316 1902 et
1346 1861 1464 1902 indu-

77 1930 113 1956 80
132 1920 255 1973 stria,
305 1919 424 1961 cuius
474 1919 662 1959 animum
711 1918 930 1973 egregium
979 1918 1238 1974 dignumque
1281 1919 1375 1973 ipso
1421 1923 1465 1961 et

132 1978 365 2019 maioribus
404 1977 493 2018 eius
531 1991 581 2018 ex
617 1976 742 2017 Bruti
778 1977 934 2018 litteris
971 1977 1211 2031 perspicere
1245 1977 1462 2032 potuistis.

131 2036 279 2092 Legio,
305 2049 433 2090 quam
458 2034 505 2076 L.
530 2034 630 2076 Piso
657 2035 848 2088 ducebat,
873 2035 1042 2091 legatus
1065 2035 1240 2089 Antoni,
1267 2034 1462 2078 Ciceroni

74 2107 77 2110 ’
132 2109 176 2137 se
207 2094 297 2136 filio
328 2108 423 2135 meo
455 2093 642 2134 tradidit.
690 2093 936 2147 Equitatus,
968 2093 1040 2147 qui
1070 2093 1116 2134 in
1143 2092 1311 2147 Syriam
1343 2094 1463 2136 duce·

130 2154 260 2195 batur
277 2152 496 2206 bipertito,
521 2152 629 2193 alter
649 2165 744 2192 eum
765 2155 1044 2206 quaestorem,
1067 2166 1092 2192 a
1112 2165 1195 2205 quo
1216 2152 1462 2208 ducebatur,

6 2228 8 2231 ’
79 2220 113 2247 ³⁵
132 2211 307 2266 reliquit
336 2211 381 2252 in
406 2210 626 2251 Thessalia
654 2224 828 2263 seseque
855 2210 907 2251 ad
931 2209 1114 2251 Brutum
1140 2211 1333 2265 contulit,
1360 2211 1461 2253 alte-

132 2284 227 2311 rum
268 2269 314 2311 in
350 2268 599 2310 Macedonia
637 2266 710 2310 Cn.
746 2267 962 2309 Domitius
1005 2268 1250 2310 adulescens
1294 2283 1461 2311 summa

132 2328 303 2381 virtute,
331 2327 556 2383 gravitate,
582 2327 824 2368 constantia
849 2341 874 2368 a
897 2326 1041 2382 legato
1069 2325 1244 2381 Syriaco
1271 2327 1459 2370 abduxit.

1178 2395 1248 2429 32*
