1671 2543
215 93 302 136 530
379 92 430 128 IN
458 92 505 127 M.
533 78 790 128 ANTONIUM
816 90 992 126 ORATIO
1018 89 1284 126 PHILIPPICA
1310 89 1390 126 XII.

215 216 301 244 non
331 201 547 244 obstarem
574 200 635 242 rei
661 199 870 254 publicae,
900 213 953 241 ne
981 199 1082 253 quid
1107 198 1386 254 adrogantius
1412 197 1556 239 videar

157 268 200 299 22
216 261 365 303 dicere.
429 260 550 309 Quod
589 273 684 300 cum
722 259 785 300 ita
822 259 897 312 sit,
933 258 1096 300 nihilne
1135 257 1239 299 mihi
1278 258 1328 299 de
1365 256 1556 312 periculo

175 326 310 367 911160
344 319 620 375 cogitandum
653 317 846 372 putatis?
896 316 979 359 Hic
1011 331 1106 358 cum
1139 331 1276 359 essem
1307 316 1351 358 in
1376 315 1482 358 urbe
1508 329 1556 358 ac

217 378 343 431 domi,
377 381 521 419 tamen
554 377 690 418 multa
722 390 846 430 saepe
880 378 1093 430 temptata
1125 379 1237 430 sunt,
1269 375 1342 417 ubi
1373 389 1439 416 me
1470 388 1557 416 non

217 438 356 479 solum
384 437 618 478 amicorum
645 435 842 489 fidelitas,
869 435 942 477 sed
967 435 1098 476 etiam
1124 435 1347 476 universae
1368 432 1557 476 civitatis
1592 443 1611 471 ο

218 496 329 538 oculi
357 495 622 548 custodiunt3
649 494 749 549 quid
777 494 972 548 censetis,
998 509 1094 536 cum
1120 494 1202 535 iter
1227 493 1446 549 ingressus
1474 506 1558 545 ero,

218 556 393 610 longum
432 553 706 609 praesertim,
743 553 939 595 nullasne
975 553 1153 594 insidias
1191 550 1558 595 extimescendas?

216 613 321 655 Tres
352 613 445 655 viae
479 615 578 654 sunt
611 612 662 653 ad
695 611 925 666 Mutinam,
963 627 1045 667 quo
1078 611 1257 654 festinat
1289 611 1474 664 animus,
1510 611 1560 651 ut

219 688 345 727 quam
384 668 571 726 primum
609 671 715 712 illud
747 671 904 726 pignus
935 670 1151 712 libertatis
1182 670 1331 725 populi
1363 668 1559 722 Romani,

217 731 268 773 D.
289 731 484 784 Brutum,
512 730 701 785 aspicere
727 730 902 784 possim,
928 730 1047 772 cuius
1067 730 1113 771 in
1133 729 1356 784 complexu
1375 728 1561 770 libenter
1580 740 1613 766 10

219 794 459 833 extremum
484 790 598 830 vitae
619 788 820 844 spiritum
841 789 1057 843 ediderim,
1083 804 1179 831 cum
1200 802 1347 830 omnes
1368 787 1560 829 actiones

218 850 371 892 horum
416 863 628 899 mensum,
674 862 820 890 omnes
859 848 1096 890 sententiae
1135 862 1251 889 meae
1289 845 1561 902 pervenerint

220 909 272 950 ad
305 923 413 961 eum,
445 908 517 961 qui
551 907 655 948 mihi
685 906 768 948 fuit
794 908 1055 973 propositus,
1087 907 1260 948 exitum.
1314 904 1419 947 Tres
1445 918 1561 960 ergo,

220 971 268 1010 ut
289 968 388 1021 dixi,
414 967 518 1019 viae,
545 981 570 1007 a
590 980 743 1019 supero
766 966 873 1008 mari
895 966 1118 1020 Flaminia,
1142 967 1194 1007 ab
1216 965 1352 1006 infero
1373 963 1561 1016 Aurelia,

163 1034 206 1065 23
222 1027 361 1069 media
377 1001 552 1069 Cassi'a.
617 1024 758 1078 Nune,
791 1039 967 1080 quaffeso
999 1001 1226 1078 attendite,
1257 1038 1360 1066 num
1392 997 1615 1065 aberretis

222 1088 281 1140 [a]
305 1085 551 1127 coniectura
571 1083 757 1138 suspicio
779 1084 957 1139 periculi
979 1083 1073 1125 mei.
1113 1083 1336 1125 Etruriam
1356 1081 1561 1124 discrimi-

222 1148 297 1187 nat
311 1143 471 1187 Cassia.
516 1141 738 1184 Scimusne
759 1143 905 1199 igitur,
925 1142 1076 1197 Pansa,
1098 1143 1252 1197 quibus
1272 1141 1439 1184 inlocis
1452 1154 1563 1183 nunc

223 1205 279 1246 sit
302 1202 509 1245 Lentonis
531 1201 1080 1257 Caesenni‘septemviralis
1107 1201 1371 1244 auctoritas?
1409 1199 1563 1242 Nobis·

223 1278 319 1304 cum
350 1276 427 1304 nec
460 1261 602 1302 animo
636 1263 749 1302 certe
782 1264 848 1302 est
879 1275 956 1303 1160
989 1275 1178 1315 corpore.
1234 1259 1280 1302 Si
1312 1261 1458 1301 autem
1488 1260 1564 1300 aut

224 1321 338 1364 domi
372 1323 437 1362 est
470 1322 544 1360 aut
575 1333 661 1360 non
693 1319 818 1375 longe
852 1334 877 1360 a
902 1320 1040 1372 domo,
1073 1321 1186 1361 certe
1211 1318 1257 1360 in
1282 1317 1461 1360 Etruria
1486 1319 1562 1369 est,
1583 1333 1618 1358 20

223 1380 267 1423 id
308 1381 373 1421 est
410 1378 454 1419 in
492 1378 571 1419 via.
639 1376 742 1425 Quis
782 1378 915 1433 igitur
953 1377 1059 1418 mihi
1096 1379 1290 1432 praestat
1326 1375 1561 1418 Lentonem

224 1453 308 1481 uno
335 1437 474 1491 capite
497 1450 588 1478 esse
609 1437 888 1478 contentum?
926 1435 1007 1478 Dic
1027 1436 1133 1477 mihi
1153 1438 1387 1490 praeterea,
1412 1434 1564 1489 Pansa,

225 1496 454 1539 Ventidius
493 1495 568 1536 ubi
606 1495 680 1547 sit,
719 1496 786 1537 cui
824 1494 885 1536 fui
918 1509 1084 1549 semper
1117 1495 1296 1548 amicus,
1334 1496 1565 1548 antequam

226 1557 297 1598 ille
342 1555 403 1597 rei
447 1553 643 1609 publicae
687 1554 895 1608 bonisque
940 1554 1137 1595 omnibus
1182 1556 1271 1594 tam
1311 1555 1457 1607 aperte
1501 1555 1566 1594 est

228 1616 366 1657 factus
393 1613 603 1655 inimicus.
642 1611 823 1654 Possum
847 1611 1041 1655 Cassiam
1066 1613 1214 1665 vitare,
1241 1615 1384 1653 tenere
1410 1610 1565 1652 Flami—
1584 1627 1618 1653 2⁵

228 1675 361 1727 niam3
393 1672 524 1727 quid‘?
551 1672 587 1712 si
615 1670 848 1722 Anconam,
873 1674 922 1713 ut
948 1671 1114 1720 dicitur,
1141 1646 1369 1712 Ventidius
1392 1670 1566 1723 venerit,

229 1736 434 1788 poterone
475 1729 719 1772 Ariminum
756 1733 852 1772 tuto
892 1730 1118 1772 accedere?
1185 1728 1341 1771 Restat
1378 1728 1566 1771 Α1116113.

229 1792 310 1833 Hic
343 1790 533 1845 quidem
547 1788 678 1830 etiam
709 1789 921 1844 praesidia
948 1789 1104 1841 habe03
1135 1788 1428 1843 possessiones
1454 1787 1567 1830 enim

229 1854 330 1893 sunt
343 1806 400 1890 (1).
421 1847 556 1890 Clodi
592 1846 704 1890 Tota
728 1847 893 1889 familia
919 1822 1122 1901 occurret,
1148 1847 1339 1901 hospitio
1364 1846 1568 1888 invitabit

164 1883 406 1964 lOpropter
433 1907 774 1948 familiaritatem
799 1906 1082 1948 notissimam.
1132 1905 1261 1947 Hisce
1288 1919 1367 1961 ego
1394 1920 1461 1947 me
1486 1905 1566 1947 viis
1587 1921 1622 1948 ω

195 1952 213 1981 ⁴
231 1968 511 2020 committam,
544 1966 614 2020 qui
640 1964 956 2006 Terminalibus
987 1979 1122 2019 nuper
1154 1964 1199 2006 in
1224 1963 1488 2018 suburbium,
1518 1965 1569 2006 ut

231 2027 379 2069 eodem
411 2025 476 2066 die
503 2027 749 2077 reverterer,
781 2024 842 2065 ire
868 2039 954 2066 non
980 2038 1074 2064 sum
1101 2023 1258 2064 ausus?
1308 2022 1567 2065 Domesticis

232 2099 297 2127 me
329 2083 566 2140 parietibus
595 2083 666 2124 vix
692 2086 814 2124 111601
841 2083 930 2124 sine
957 2083 1192 2123 amicorum
1218 2081 1436 2124 custodiis.
1484 2079 1567 2122 Ita-

232 2158 312 2198 que
343 2144 388 2185 in
418 2143 535 2197 urbe,
567 2142 604 2184 si
635 2141 794 2194 licebit,
827 2141 1020 2183 manebo.
1068 2139 1185 2182 Haec
1217 2154 1311 2181 mea
1342 2139 1461 2182 sedes
1489 2141 1567 2192 est,

232 2203 335 2244 haec
367 2201 533 2257 vigilia,
566 2201 672 2242 haec
704 2175 916 2253 custodia,
947 2199 1028 2241 hoc
1060 2199 1320 2253 praesidium
1351 2196 1567 2240 stativum.
1586 2212 1621 2240 ω

232 2260 422 2302 Teneant
443 2260 516 2301 alii
537 2261 688 2313 castra,
711 2261 864 2314 gerant
883 2272 950 2300 res
971 2257 1158 2310 bellicas,
1179 2258 1380 2312 superent
1398 2255 1568 2298 hostem

235 2318 352 2371 (nam
394 2319 477 2360 hoc
518 2321 647 2373 caput
685 2316 787 2372 est);
829 2331 925 2370 nos,
968 2319 1018 2358 ut
1054 2316 1277 2357 didicimus
1316 2328 1568 2368 semperque
