1671 2543
581 130 680 164 CAP.
710 134 798 163 1—3
826 133 844 171 g
874 133 973 164 1—8.
1364 130 1452 170 477

117 238 446 293 languescimus,
472 237 721 279 debilitetur
745 251 917 278 necesse
943 241 1021 278 est.
1066 235 1148 278 Sed
1174 237 1275 291 quid
1301 237 1487 291 plura‘?5

119 296 168 338 D.
201 296 361 338 Brutus
394 299 684 351 oppugnatur3
717 310 803 337 non
835 299 901 337 est
933 296 1103 337 bellum.
1171 295 1357 349 Mutina,
1389 311 1455 337 co-

118 356 234 397 lonia
259 358 380 396 vetus
408 358 452 396 et
475 355 610 409 firma,
642 355 880 409 opsidetur3
910 369 961 396 ne
987 355 1068 396 hoc
1095 355 1265 409 quidem
1290 355 1454 396 bellum

120 417 196 455 est.
265 412 405 454 Gallia
441 416 653 468 vastatur3
692 428 798 467 quae
836 428 918 467 pax
955 416 1100 467 potest
1138 427 1228 455 esse
1268 413 1454 455 certior?

83 472 232 513 zlllud
269 487 368 514 vero
408 473 502 527 quis
541 474 684 527 potest
722 472 882 513 bellum
919 486 1010 513 esse
1049 472 1205 526 dicere,
1243 486 1326 526 quo
1360 486 1454 514 con-

120 532 276 584 sulem,
317 531 602 572 fortissimum
651 531 808 584 virum,
861 545 957 572 cum
1001 531 1188 572 exercitu
1230 530 1454 572 misimus?

120 589 203 638 Qui
241 604 338 631 cum
370 593 483 631 esset
514 590 707 631 infirmus
740 604 790 630 ex
823 590 944 645 gravi
975 589 1260 643 diuturnoque
1292 589 1456 641 morbo,

118 649 282 690 nullam
314 649 397 690 sibi
429 649 597 703 putavit
629 649 947 690 excusationem
978 663 1070 689 esse
1103 651 1318 702 oportere,
1358 663 1455 689 cum

120 708 172 748 ad
221 708 282 748 rei
330 707 524 762 publicae
572 707 833 762 praesidium
881 710 1116 748 vocaretur.
1190 706 1234 748 C.
1285 707 1455 761 quidem

69 780 101 804 10
122 765 277 808 Caesar
302 781 388 807 non
414 766 678 820 exspectavit
704 769 847 807 vestra
872 766 1052 819 decreta,
1078 765 1332 820 praesertim
1359 780 1454 807 cum

119 825 226 866 illud
251 828 364 866 esset
390 825 563 879 aetatis3
588 825 749 866 bellum
775 827 925 866 contra
944 824 1181 865 Antonium
1205 839 1281 865 sua
1302 827 1454 878 sponte

120 884 318 938 suscepit.
374 883 639 925 Decernendi
666 884 779 924 enim
805 886 973 937 tempus
998 883 1185 924 nondum
1212 886 1322 937 erat,
1352 883 1455 924 belli

120 945 264 984 autem
302 943 475 998 gerendi
512 945 681 996 tempus
719 942 755 983 si
790 942 1166 996 praetermisisset,
1203 942 1376 983 videbat
1409 956 1454 983 re

119 1001 291 1055 publica
326 1015 530 1055 oppressa
560 1001 668 1042 nihil
700 1015 825 1055 posse
858 1001 1036 1042 decerni.
1097 1000 1214 1056 Ergo
1246 1001 1312 1041 illi
1341 1014 1490 1044 nunce

73 1073 103 1096 15
122 1062 166 1100 et
197 1074 344 1101 eorum
376 1060 586 1101 exercitus
611 1060 656 1100 in
680 1074 783 1114 pace
809 1062 1044 1100 versantur.
1099 1058 1200 1100 Non
1225 1062 1290 1100 est
1316 1059 1454 1100 hostis

120 1119 169 1171 is,
202 1119 320 1159 cuius
351 1118 611 1172 praesidium
643 1117 844 1160 Claterna
875 1118 1028 1159 deiecit
1058 1117 1241 1171 Hirtius,
1271 1132 1359 1159 non
1390 1121 1456 1159 est

120 1177 278 1230 hostis,
310 1177 382 1230 qui
415 1177 579 1218 consuli
612 1180 800 1218 armatus
834 1177 1026 1230 obsistit,
1059 1177 1329 1232 designatum
1361 1191 1456 1217 con-

121 1236 257 1276 sulem
295 1238 534 1291 oppugnat,
570 1250 648 1277 nec
685 1236 761 1276 illa
797 1235 973 1277 hostilia
1011 1236 1141 1276 verba
1177 1250 1253 1276 nec
1291 1235 1456 1288 bellica,

122 1308 228 1348 quae
266 1294 393 1348 paulo
433 1298 530 1335 ante
569 1309 619 1335 ex
656 1295 843 1349 collegae
880 1294 1038 1335 litteris
1070 1293 1210 1334 Pansa
1241 1293 1454 1335 recitavit:

68 1366 102 1390 20
123 1352 320 1394 ‘Deieci
350 1353 679 1407 praesidium,
720 1352 960 1395 Claterna
990 1352 1190 1406 potitus
1223 1366 1346 1407 sum,
1383 1352 1456 1393 fu·

121 1411 229 1467 gati
262 1411 480 1466 equites,
517 1412 768 1466 proelium
800 1411 1140 1465 commissum,
1173 1411 1333 1452 occisi
1365 1411 1454 1451 ali-

123 1468 271 1524 quot.'
335 1469 450 1518 Quae
488 1485 571 1525 pax
610 1474 755 1524 potest
786 1485 878 1511 esse
910 1470 1075 1511 maior?
1135 1469 1330 1511 Dilectus
1362 1473 1457 1511 tota

121 1528 250 1569 Italia
281 1528 438 1570 decreti
471 1529 652 1570 sublatis
684 1529 997 1583 vacationibus;
1030 1542 1134 1583 saga
1165 1542 1258 1570 cras
1291 1542 1456 1569 sumen-

121 1590 210 1641 tur3
248 1587 395 1628 consul
432 1601 477 1628 se
509 1602 605 1629 cum
634 1588 846 1642 praesidio
879 1588 1181 1628 descensurum
1213 1601 1304 1628 esse
1336 1587 1456 1628 dixit.
1479 1621 1505 1662 3

70 1658 103 1682 25
122 1645 281 1687 Utrum
323 1645 404 1686 hoc
448 1646 608 1687 bellum
650 1660 738 1687 non
781 1648 847 1686 est
883 1660 938 1686 an
975 1648 1041 1686 est
1078 1648 1248 1685 tantum
1284 1619 1478 1699 bellum,<
1508 1620 1524 1676 )

123 1707 333 1758 quantum
356 1718 590 1758 numquam
614 1704 726 1745 fuit?
770 1703 934 1746 Ceteris
962 1703 1075 1744 enim
1094 1703 1231 1757 bellis,
1257 1703 1455 1744 maxime-

121 1770 204 1817 ‘que
230 1762 440 1815 civilibus,
466 1762 784 1803 contentionem
808 1762 870 1802 rei
895 1762 1091 1815 publicae
1114 1776 1241 1803 causa
1260 1761 1456 1802 faciebat.

124 1821 243 1863 Sulla
272 1835 368 1863 cum
395 1820 584 1875 Sulpicio
611 1821 660 1861 de
686 1821 776 1860 iure
802 1820 958 1875 legum,
990 1834 1096 1873 quas
1122 1834 1197 1874 per
1222 1820 1309 1860 vim
1337 1818 1457 1861 Sulla

121 1880 233 1921 latas
277 1894 368 1921 esse
412 1879 597 1929 dicebat,
637 1878 772 1920 Cinna
810 1893 905 1919 cum
944 1877 1122 1920 Octavio
1162 1878 1211 1919 de
1247 1893 1457 1920 novorum

71 1957 103 1980 so
124 1938 280 1980 civium
311 1938 539 1993 suffragiis,
571 1951 717 1978 rursus
750 1951 845 1978 cum
870 1936 1006 1978 Mario
1033 1940 1076 1978 et
1102 1935 1297 1978 Carbone
1325 1935 1457 1990 Sulla,

121 2011 174 2038 ne
200 1996 521 2038 dominarentur
546 1996 723 2050 indigni,
749 1998 791 2036 et
813 1998 862 2036 ut
881 1995 1216 2036 clarissimorum
1235 1995 1457 2037 hominum

123 2055 460 2097 crudelissimam
517 2055 764 2109 poeniretur
817 2068 975 2095 necem.
1053 2053 1220 2095 Horum
1266 2054 1457 2095 omnium

121 2114 334 2155 bellorum
360 2127 509 2154 causae
536 2128 586 2154 ex
608 2127 669 2153 rei
689 2112 884 2166 publicae
905 2113 1178 2153 contentione
1197 2114 1323 2153 natae
1344 2115 1455 2153 sunt.

120 2171 186 2214 De
238 2172 432 2226 proximo
479 2171 591 2212 bello
640 2170 755 2212 civili
802 2185 889 2212 non
937 2170 1045 2211 libet
1093 2171 1249 2224 dicere3
1304 2170 1456 2225 ignoro

72 2247 104 2273 35
124 2245 306 2285 causam,
338 2230 528 2271 detestor
559 2229 732 2270 exitum
792 2228 887 2270 Hoc
917 2229 1078 2269 bellum
1110 2229 1308 2282 quintum
1321 2205 1495 2271 civile3

123 2290 287 2345 geritur
319 2287 465 2344 (atque
499 2288 640 2329 omnia
677 2288 721 2328 in
751 2290 945 2328 nostram
976 2290 1162 2328 aetatem
1195 2272 1488 2343 inciderunt)8

121 2347 308 2404 primum
349 2361 435 2388 non
478 2346 603 2388 modo
646 2361 733 2387 non
775 2346 820 2387 in
862 2346 1124 2387 dissensione
1164 2348 1207 2386 et
1245 2346 1456 2388 discordia
