1671 2543
513 73 614 109 CAP.
644 77 780 108 13——15
808 77 827 116 ξ
854 77 1002 108 29—34.
1350 72 1436 114 175

88 185 332 238 putaretur,
371 185 499 236 atque
536 182 609 223 ille
648 181 771 223 dolor
809 196 928 223 meus
961 182 1202 235 dumtaxat,
1241 182 1434 221 vestrum

89 242 260 296 quidem
293 241 430 283 scelus
462 255 511 282 ac
543 240 724 282 dedecus
755 240 997 282 haberetur.
1059 239 1168 282 Cum
1199 254 1298 280 vero
1334 237 1434 294 (for-

90 301 204 342 sitan
239 300 339 354 hoc,
383 299 495 355 quod
532 299 725 341 dicturus
762 313 875 353 sum,
917 299 1114 340 mirabile
1154 298 1302 339 auditu
1341 312 1432 338 esse

89 360 294 413 videatur,
321 359 393 400 sed
421 361 534 400 certe
554 358 598 399 id
617 358 767 411 dicam,
794 358 907 412 quod
928 356 1083 412 sentio)
1109 381 1157 387 —-
1183 371 1279 398 cum
1299 357 1432 397 tantis

52 430 70 456 5
90 433 115 459 a
145 418 285 471 vobis,
316 419 461 472 patres
494 417 736 471 conscripti,
769 417 987 458 beneficiis
1019 416 1195 458 affectus
1229 416 1311 457 sim
1342 418 1433 456 tan-

89 477 229 531 tisque
268 476 523 529 honoribus,
565 490 654 517 non
690 475 816 517 modo
855 476 976 517 illam
1015 475 1303 517 calamitatem
1341 488 1433 515 esse

87 550 175 577 non
206 535 332 589 duco,
367 535 458 588 sed,
489 535 527 576 si
559 535 660 589 quid
692 534 798 575 mihi
829 537 973 588 potest
1005 549 1029 575 a
1060 549 1105 575 re
1137 533 1310 588 publica
1341 547 1432 574 esse

89 594 343 648 seituictum,
375 593 488 648 quod
519 593 590 634 vix
618 595 773 647 potest,
804 593 1008 647 privatim
1033 593 1085 634 ad
1111 607 1253 634 meum
1276 606 1435 633 nomen

90 652 348 708 augendum,
381 652 612 706 optandam
645 652 752 693 duco
785 652 891 692 mihi
923 652 1055 693 fuisse
1086 651 1207 692 illam
1238 653 1434 705 expeten-

38 723 70 748 10
89 712 269 766 damque
307 711 537 752 fortunam.
600 710 742 765 Atque
775 713 824 751 ut
854 713 976 751 tuum
1007 710 1291 751 laetissimum
1323 709 1433 750 diem
1448 717 1495 747 33

90 784 187 812 cum
226 770 476 811 tristissimo
515 784 610 810 meo
650 769 884 823 conferam,
928 772 1074 810 utrum
1111 769 1284 810 tandem
1320 768 1434 809 bono

89 829 181 870 viro
214 830 257 869 et
288 828 472 883 sapienti
499 828 733 882 optabilius
758 831 899 882 putas,
928 828 989 869 sic
1015 828 1128 868 exire
1156 842 1177 868 e
1203 827 1356 881 patria,
1387 828 1436 867 ut

91 901 238 928 omnes
270 887 337 928 sui
369 887 481 928 cives
515 887 709 940 salutem,
743 887 1095 938 incolumitatem,
1127 886 1313 927 reditum
1343 899 1436 939 pre-

91 949 257 1000 centur,
295 946 408 1000 quod
438 946 545 986 mihi
579 946 750 999 accidit,
783 960 855 999 an,
882 944 1000 1000 vquod
1032 945 1115 986 tibi
1146 944 1436 999 proficiscenti

38 1016 71 1041 15
91 1005 244 1057 evenit,
268 1007 318 1045 ut
338 1019 484 1045 omnes
505 1006 836 1057 exsecrarentur,
862 1004 972 1045 male
992 1005 1281 1058 precarentur,
1306 1017 1436 1043 unam

90 1063 173 1104 tibi
221 1063 341 1104 illam
389 1063 503 1103 viam
550 1065 593 1104 et
634 1064 887 1117 perpetuam
930 1077 1021 1103 esse
1064 1062 1252 1104 vellent?
1325 1060 1435 1102 Mihi

90 1122 254 1163 medius
285 1122 411 1162 fidius
443 1122 489 1162 in
520 1123 642 1163 tanto
676 1121 866 1162 omnium
898 1121 1146 1162 mortalium
1179 1120 1288 1173 odio,
1320 1120 1434 1160 iusto

89 1181 343 1235 praesertim
387 1183 429 1221 et
472 1180 636 1234 debito,
681 1180 854 1234 quaevis
898 1180 1002 1234 fuga
1046 1193 1175 1234 quam
1214 1179 1304 1219 ulla
1340 1193 1435 1233 pro-

90 1239 232 1280 vincia
262 1241 375 1280 esset
406 1238 607 1293 optatior.

41 1309 75 1334 20
184 1297 266 1339 Sed
300 1311 429 1352 perge
461 1312 603 1352 porro.
665 1296 795 1351 Nam,
834 1297 870 1338 si
902 1297 1008 1338 illud
1041 1311 1185 1338 meum
1216 1295 1504 1337 turbulen-15

93 1356 312 1397 tissimum
361 1359 531 1410 tempus
584 1355 899 1410 [profectionis]
951 1358 1026 1396 tuo
1072 1354 1433 1409 tranquillissimo

93 1418 300 1469 praestat,
333 1415 435 1469 quid
467 1414 682 1456 conferam
714 1414 890 1468 reliqua,
924 1429 1031 1468 quae
1063 1414 1109 1454 in
1140 1416 1182 1454 te
1216 1413 1434 1454 dedecoris

92 1473 219 1527 plena
237 1473 422 1527 fuerunt,
445 1473 490 1514 in
510 1488 578 1514 me
599 1473 854 1528 dignitatis?
892 1472 962 1513 Me
983 1472 1188 1513 Kalendis
1209 1471 1433 1525 Ianuariis,
1449 1480 1495 1510 34

96 1532 167 1585 qui
194 1532 282 1572 dies
309 1535 409 1585 post
436 1532 603 1573 obitum
630 1546 912 1585 occasumque
939 1534 1131 1573 vestrum
1157 1531 1219 1572 rei
1238 1530 1434 1585 publicae

42 1599 74 1626 25
94 1590 258 1644 primus
273 1590 427 1644 illuxit,
440 1590 817 1644 frequentissimus
830 1593 1003 1631 senatus
1021 1590 1248 1641 [concursu
1261 1589 1433 1640 Italiae]

94 1648 305 1690 referente
358 1648 596 1689 clarissimo
642 1664 691 1690 ac
721 1649 961 1690 fortissimo
1001 1648 1110 1700 viro,
1154 1647 1200 1688 P.
1235 1646 1433 1701 Lentulo,

97 1706 408 1759 [consentiente
429 1709 574 1760 atque]
596 1722 682 1748 una
700 1721 802 1748 voce
823 1707 1051 1748 revocavit.
1094 1705 1165 1746 Me
1185 1706 1298 1747 idem
1318 1720 1435 1746 sena-

96 1768 166 1806 tus
212 1765 368 1806 exteris
406 1765 674 1819 nationibus,
719 1780 785 1806 me
823 1765 980 1820 legatis
1019 1764 1433 1818 magistratibusque

94 1824 256 1865 nostris
295 1823 553 1864 auctoritate
585 1837 662 1864 sua
693 1823 1111 1876 consularibus[que]
1145 1822 1305 1863 litteris
1336 1836 1433 1875 non,

42 1893 77 1918 30
96 1885 145 1922 ut
182 1885 231 1922 tu
267 1880 449 1922 Insuber
487 1882 624 1922 dicere
661 1896 788 1922 ausus
821 1895 883 1934 es,
921 1882 1120 1922 orbatum
1152 1881 1310 1934 patria,
1348 1880 1433 1935 sed,

96 1944 146 1982 ut
177 1943 350 1981 senatus
381 1940 456 1981 illo
490 1940 583 1994 ipso
616 1942 809 1994 tempore
842 1939 1093 1993 appellavit,
1129 1939 1264 1980 civem
1297 1953 1434 1979 serva-

96 1999 358 2053 torem[que]
387 1999 449 2039 rei
468 1998 664 2052 publicae
686 1998 1010 2039 commendavit.
1060 1997 1128 2038 Ad
1148 2012 1287 2038 meam
1307 1997 1433 2038 unius

96 2057 284 2099 hominis
335 2057 519 2098 salutem
569 2059 741 2098 senatus
793 2057 998 2097 auxilium
1043 2056 1251 2113 omnium·
1278 2055 1434 2096 civium

99 2120 252 2157 cuncta
277 2130 327 2157 ex
351 2115 492 2169 Italia,
519 2115 591 2170 qui
617 2129 707 2156 rem
732 2115 949 2169 publicam
970 2115 1131 2155 salvam
1152 2129 1242 2155 esse
1261 2114 1432 2168 vellent,

45 2184 79 2210 35
100 2174 286 2215 consulis
328 2189 430 2216 voce
469 2176 512 2215 et
549 2174 708 2214 litteris
746 2173 1063 2228 implorandum
1099 2172 1280 2227 putavit.
1347 2171 1430 2214 Mm

99 2233 253 2286 capitis
287 2232 565 2274 conservandi
597 2247 726 2273 causa
754 2232 936 2274 Romam
968 2246 1052 2273 uno
1085 2234 1277 2285 tempore
1311 2245 1434 2285 quaS1

99 2291 223 2344 signo
265 2291 365 2333 dato
404 2291 534 2332 Italia
570 2294 664 2332 tota
702 2291 911 2332 convenit.
979 2289 1043 2331 De
1082 2305 1176 2331 mea
1213 2290 1350 2331 salute
1388 2289 1435 2332 P.
