1671 2543
182 35 270 77 296
469 33 564 69 PRO
591 34 631 70 T.
658 33 812 69 ANNIO
837 33 1021 70 MILONE
1048 34 1229 71 ORATIO

183 145 363 185 teneret.
403 142 541 192 Quem
561 142 598 183 si
618 143 860 185 interficere
880 143 1101 197 voluisset,
1127 146 1312 198 quantae
1333 145 1533 199 quotiens

184 202 450 255 occasiones,
489 216 618 255 quam
649 201 894 256 praeclarae
926 202 1119 243 fuerunt!
1176 201 1400 258 Potuitne,
1436 218 1533 246 cum

183 261 360 302 domum
381 275 429 302 ac
450 260 551 301 deos
572 262 750 314 penates
771 274 872 302 suos
889 260 965 302 illo
982 263 1260 316 oppugnante
1276 261 1534 317 defenderet,

182 319 275 361 iure
302 334 346 360 se
372 319 545 368 ulcisci,.
561 319 760 372 potuitne
788 319 870 360 civi
896 319 1072 374 egregio
1100 321 1144 361 et
1165 319 1258 362 viro
1279 319 1532 376 fortissimo,

181 377 229 419 P.
258 377 412 431 Sestio,
443 377 611 432 collega
637 392 726 432 suo,
752 378 991 431 vulnerato,
1017 378 1216 432 potuitne
1245 377 1293 427 Q.
1318 377 1533 435 Fabricio,
1568 391 1585 417 5

182 437 275 478 viro
310 436 493 490 optimo⁷
526 451 624 477 cum
656 436 706 477 de
738 436 879 477 reditu
911 451 1006 478 meo
1039 437 1181 492 legem
1212 436 1362 492 ferret,
1394 438 1532 493 pulso,

183 495 482 537 crudelissima
512 495 558 535 in
588 494 683 536 foro
718 495 842 536 caede
877 494 1010 548 facta,
1049 495 1247 550 potuitne
1279 495 1327 538 L.
1359 495 1532 552 Caecili,

182 553 413 595 iustissimi
456 553 772 608 fortissimique
815 554 1046 608 praetoris,
1098 557 1349 610 oppugnata
1391 555 1531 609 domo,

181 613 381 667 potuitne
413 612 489 653 illo
518 612 596 666 die,
629 627 726 654 cum
759 615 825 653 est
856 612 947 654 lata
976 612 1046 654 lex
1078 613 1128 654 de
1158 628 1237 667 me,
1270 628 1368 655 cum
1392 613 1530 656 totius

181 670 335 712 Italiae
375 685 626 725 concursus,
672 685 799 725 quem
837 676 933 725 mea
969 671 1086 712 salus
1125 672 1381 726 concitarat,
1425 671 1585 714 factim

181 730 299 771 illius
333 729 519 785 gloriam
550 729 703 771 lubens
736 730 1002 785 agnovisset,
1039 733 1107 784 ut,
1145 731 1317 772 etiamsi
1348 730 1392 772 id
1423 729 1530 772 Milo

184 789 370 842 fecisset,
398 791 552 830 cuncta
579 789 731 830 civitas
759 803 852 830 eam
877 788 1047 830 laudem
1067 803 1145 843 pro
1167 803 1244 830 sua
1263 789 1531 831 vindicaret?

183 847 246 888 At
272 847 387 901 quod
413 850 508 888 erat
533 847 734 901 tempus?
780 846 1056 889 Clarissimus
1083 850 1126 888 et
1148 847 1414 889 fortissimus
1435 862 1531 890 con-

183 906 250 948 sul
282 906 483 948 inimicus
517 904 682 960 Clodio,
713 905 759 947 P.
792 905 1014 960 Lentulus,
1045 906 1165 947 ultor
1196 906 1370 948 sceleris
1401 906 1530 957 illius,

180 967 482 1020 propugnator
503 967 690 1018 senatus,
713 963 911 1006 defensor
930 967 1098 1006 vestrae
1119 965 1368 1020 voluntatis,
1388 967 1529 1020 patro·
1550 975 1584 1002 1⁵

180 1037 263 1064 nus
294 1023 459 1078 publici
489 1037 736 1077 consensus,
767 1024 998 1065 restitutor
1023 1023 1176 1065 salutis
1202 1038 1332 1077 meae,
1364 1026 1531 1078 septem

181 1085 423 1136 praetores,
456 1084 554 1124 octo
588 1081 753 1123 tribuni
785 1082 926 1136 plebei
958 1082 1075 1123 illius
1108 1082 1359 1136 adversarii,
1391 1081 1531 1124 defen-

182 1154 301 1181 sores
340 1140 442 1193 mei,
480 1139 555 1182 Cn.
587 1139 820 1194 Pompeius
859 1143 1010 1182 auctor
1048 1143 1092 1182 et
1124 1141 1209 1182 dux
1240 1141 1323 1182 mei
1355 1141 1530 1194 reditus,

182 1198 300 1239 illius
325 1199 479 1252 hostis,
512 1199 632 1240 cuius
658 1198 919 1240 sententiam
945 1201 1119 1240 senatus
1148 1199 1287 1240 omnis
1314 1199 1364 1240 de
1390 1199 1530 1240 salute

183 1270 278 1298 mea
321 1257 624 1311 gravissimam
668 1260 712 1298 et
757 1257 1078 1299 ornatissimam
1116 1259 1289 1299 secutus
1328 1260 1410 1310 est,
1456 1257 1530 1311 qui
1550 1269 1585 1294 20

181 1315 391 1369 populum
429 1314 673 1356 Romanum
712 1318 778 1356 est
817 1315 1086 1368 cohortatus,
1125 1315 1198 1370 qui
1238 1330 1334 1357 cum
1372 1316 1422 1356 de
1462 1330 1530 1357 me

182 1373 402 1414 decretum
441 1372 612 1427 Capuae
648 1373 768 1427 fecit,
806 1374 898 1428 ipse
937 1376 1115 1415 cimctae
1148 1373 1301 1415 Italiae
1341 1374 1531 1428 cupienti

184 1434 228 1472 et
262 1431 353 1472 eius
385 1431 513 1472 fidem
545 1432 797 1486 imploranti
829 1432 1002 1487 signum
1033 1432 1166 1485 dedit,
1204 1435 1254 1473 ut
1286 1432 1339 1474 ad
1370 1447 1437 1474 me
1469 1447 1531 1474 re-

182 1489 450 1531 stituendum
483 1490 666 1532 Romam
700 1493 1020 1544 concurrerent3
1053 1491 1244 1532 omnium
1276 1491 1459 1545 denique
1484 1491 1531 1533 in

181 1548 306 1589 illum
345 1548 443 1590 odia
481 1548 639 1590 civium
672 1549 882 1590 ardebant
913 1549 1122 1591 desiderio
1156 1550 1256 1604 mei,
1295 1564 1422 1604 quem
1455 1549 1527 1604 qui
1547 1566 1582 1592 25

181 1609 276 1647 tum
302 1607 605 1662 interemisset,
630 1622 718 1649 non
744 1608 794 1649 de
820 1608 1080 1662 impunitate
1107 1608 1208 1661 eius,
1235 1607 1309 1649 sed
1334 1608 1384 1649 de
1410 1622 1529 1663 prae-

123 1678 166 1709 40
181 1665 280 1707 miis
314 1666 590 1722 cogitaretur.
641 1666 803 1707 Tamen
835 1681 879 1708 se
906 1666 1012 1708 Milo
1046 1666 1260 1708 continuit
1292 1669 1336 1708 et
1361 1665 1407 1708 P.
1434 1665 1529 1709 Clo-

112 1724 308 1772 (40)dium
334 1725 377 1765 in
399 1725 605 1766 iudicium
627 1725 706 1778 bis,
733 1725 785 1766 ad
806 1725 893 1766 vim
911 1739 1147 1779 numquam
1166 1725 1347 1767 vocavit.
1387 1724 1529 1774 Quid?

178 1783 349 1836 privato
371 1782 533 1824 Milone
560 1786 605 1825 et
629 1797 702 1824 reo
730 1783 782 1824 ad
808 1783 1017 1838 populum
1043 1786 1270 1825 accusante
1291 1783 1337 1824 P.
1364 1782 1528 1836 Clodio,

181 1855 279 1882 cum
316 1841 362 1882 in
393 1840 469 1884 Cn.
501 1841 758 1896 Pompeium
790 1856 867 1896 pro
901 1841 1062 1883 Milone
1095 1842 1308 1884 dicentem
1340 1841 1526 1896 impetus
1545 1857 1581 1884 ao

182 1898 322 1941 factus
361 1902 445 1954 est,
491 1914 599 1954 quae
638 1903 732 1941 tum
769 1915 856 1941 non
894 1901 1020 1942 modo
1060 1901 1246 1954 occasio,
1285 1900 1359 1942 sed
1397 1900 1529 1941 etiam

181 1971 312 1999 causa
354 1958 473 2000 illius
519 1958 788 2013 opprimendi
832 1958 933 2000 fuit!
996 1957 1147 2013 Nuper
1191 1973 1292 2000 vero
1337 1972 1434 2000 cum
1470 1957 1528 1998 M.

180 2016 399 2057 Antonius
438 2031 651 2058 summam
686 2031 807 2071 spem
839 2017 993 2058 salutis
1025 2017 1151 2058 bonis
1184 2017 1383 2059 omnibus
1416 2018 1527 2057 attu-

180 2073 305 2115 lisset
325 2075 711 2130 gravissimamque
733 2075 982 2117 adulescens
1002 2075 1299 2117 nobilissimus
1313 2074 1375 2115 rei
1388 2073 1528 2128 publi-

181 2146 254 2173 cae
286 2136 456 2186 partem
487 2134 725 2175 fortissime
759 2134 1021 2188 suscepisset
1053 2136 1181 2188 atque
1208 2133 1329 2174 illam
1353 2131 1525 2172 beluam
1545 2147 1579 2174 3⁵

181 2189 327 2232 iudicii
359 2191 536 2246 laqueos
569 2192 856 2234 declinantem
882 2193 969 2234 iam
993 2192 1216 2233 inretitam
1241 2192 1419 2243 teneret,
1452 2204 1526 2244 qu1

180 2246 313 2302 locus,
346 2251 459 2303 quod
492 2253 663 2305 tempus
690 2250 808 2305 illud,
840 2250 882 2291 di
911 2249 1191 2300 immortales,
1222 2248 1324 2289 fuit!
1358 2261 1454 2289 cum
1480 2262 1525 2290 se

115 823 167 865 15

123 884 167 914 39
