<?xml version="1.0" encoding="UTF-8"?>
<!DOCTYPE html PUBLIC "-//W3C//DTD XHTML 1.0 Transitional//EN"
    "http://www.w3.org/TR/xhtml1/DTD/xhtml1-transitional.dtd">
<html xmlns="http://www.w3.org/1999/xhtml" xml:lang="en" lang="en">
 <head>
  <title>
</title>
<meta http-equiv="Content-Type" content="text/html;charset=utf-8" />
  <meta name='ocr-system' content='tesseract 3.04.00' />
  <meta name='ocr-capabilities' content='ocr_page ocr_carea ocr_par ocr_line ocrx_word'/>
</head>
<body>
  <div class='ocr_page' id='page_1' title='image "./p3scriptaquaemanse02ciceuoft_0199.png"; bbox 0 0 1671 2543; ppageno 0'>
   <div class='ocr_carea' id='block_1_1' title="bbox 525 69 1450 113">
    <p class='ocr_par' dir='ltr' id='par_1_1' title="bbox 525 69 1450 113">
     <span class='ocr_line' id='line_1_1' title="bbox 525 69 1450 113; baseline 0.001 -9"><span class='ocrx_word' id='word_1_1' title='bbox 525 69 629 104; x_wconf 77' lang='lat' dir='ltr'><strong>OAP.</strong></span> <span class='ocrx_word' id='word_1_2' title='bbox 657 74 795 105; x_wconf 85' lang='lat'>63—65</span> <span class='ocrx_word' id='word_1_3' title='bbox 823 73 841 113; x_wconf 62' lang='grc' dir='ltr'>ς,</span> <span class='ocrx_word' id='word_1_4' title='bbox 871 73 1067 106; x_wconf 66' lang='lat'>131—135.</span> <span class='ocrx_word' id='word_1_5' title='bbox 1394 71 1450 112; x_wconf 76' lang='grc'>59</span> 
     </span>
    </p>
   </div>
   <div class='ocr_carea' id='block_1_2' title="bbox 0 178 1534 2345">
    <p class='ocr_par' dir='ltr' id='par_1_2' title="bbox 0 178 1534 2345">
     <span class='ocr_line' id='line_1_2' title="bbox 102 178 1451 233; baseline -0.001 -12"><span class='ocrx_word' id='word_1_6' title='bbox 102 194 170 221; x_wconf 90' lang='lat' dir='ltr'>res</span> <span class='ocrx_word' id='word_1_7' title='bbox 201 179 423 221; x_wconf 87' lang='lat' dir='ltr'>hominem</span> <span class='ocrx_word' id='word_1_8' title='bbox 454 178 636 233; x_wconf 89' lang='lat' dir='ltr'>inpellit,</span> <span class='ocrx_word' id='word_1_9' title='bbox 667 180 717 219; x_wconf 89' lang='lat' dir='ltr'>ut</span> <span class='ocrx_word' id='word_1_10' title='bbox 748 179 805 220; x_wconf 89' lang='lat' dir='ltr'>sit</span> <span class='ocrx_word' id='word_1_11' title='bbox 836 181 926 220; x_wconf 87' lang='lat' dir='ltr'>tam</span> <span class='ocrx_word' id='word_1_12' title='bbox 956 178 1279 232; x_wconf 79' lang='lat' dir='ltr'>intemperans?</span> <span class='ocrx_word' id='word_1_13' title='bbox 1343 178 1451 230; x_wconf 90' lang='lat' dir='ltr'>[Iste</span> 
     </span>
     <span class='ocr_line' id='line_1_3' title="bbox 102 237 1451 294; baseline -0.001 -15"><span class='ocrx_word' id='word_1_14' title='bbox 102 238 234 280; x_wconf 85' lang='lat' dir='ltr'>nimia</span> <span class='ocrx_word' id='word_1_15' title='bbox 255 238 418 294; x_wconf 87' lang='lat' dir='ltr'>gloriae</span> <span class='ocrx_word' id='word_1_16' title='bbox 442 237 704 291; x_wconf 74' lang='lat' dir='ltr'>cupiditate]</span> <span class='ocrx_word' id='word_1_17' title='bbox 733 237 962 279; x_wconf 78' lang='lat' dir='ltr'>Familiam</span> <span class='ocrx_word' id='word_1_18' title='bbox 976 237 1292 293; x_wconf 71' lang='lat' dir='ltr'>gladiatoriam,</span> <span class='ocrx_word' id='word_1_19' title='bbox 1313 238 1451 290; x_wconf 90' lang='lat' dir='ltr'>credo,</span> 
     </span>
     <span class='ocr_line' id='line_1_4' title="bbox 102 295 1452 351; baseline -0.001 -13"><span class='ocrx_word' id='word_1_20' title='bbox 102 299 254 338; x_wconf 90' lang='lat' dir='ltr'>nactus</span> <span class='ocrx_word' id='word_1_21' title='bbox 281 299 347 338; x_wconf 90' lang='lat' dir='ltr'>est</span> <span class='ocrx_word' id='word_1_22' title='bbox 375 295 625 351; x_wconf 72' lang='lat' dir='ltr'>speciosam,</span> <span class='ocrx_word' id='word_1_23' title='bbox 644 296 846 349; x_wconf 86' lang='lat' dir='ltr'>nobilem,</span> <span class='ocrx_word' id='word_1_24' title='bbox 867 296 1111 351; x_wconf 81' lang='lat' dir='ltr'>gloriosam.</span> <span class='ocrx_word' id='word_1_25' title='bbox 1146 295 1288 337; x_wconf 91' lang='lat' dir='ltr'>Norat</span> <span class='ocrx_word' id='word_1_26' title='bbox 1308 296 1452 338; x_wconf 89' lang='lat' dir='ltr'>studia</span> 
     </span>
     <span class='ocr_line' id='line_1_5' title="bbox 102 354 1453 410; baseline -0.001 -13"><span class='ocrx_word' id='word_1_27' title='bbox 102 356 273 410; x_wconf 90' lang='lat' dir='ltr'>populi,</span> <span class='ocrx_word' id='word_1_28' title='bbox 311 355 485 396; x_wconf 87' lang='lat' dir='ltr'>videbat</span> <span class='ocrx_word' id='word_1_29' title='bbox 523 355 731 396; x_wconf 89' lang='lat' dir='ltr'>clamores</span> <span class='ocrx_word' id='word_1_30' title='bbox 770 357 813 396; x_wconf 91' lang='lat' dir='ltr'>et</span> <span class='ocrx_word' id='word_1_31' title='bbox 851 369 1082 397; x_wconf 80' lang='lat' dir='ltr'>concursus</span> <span class='ocrx_word' id='word_1_32' title='bbox 1114 355 1296 396; x_wconf 83' lang='lat' dir='ltr'>futuros.</span> <span class='ocrx_word' id='word_1_33' title='bbox 1358 354 1453 396; x_wconf 91' lang='lat' dir='ltr'>Hac</span> 
     </span>
     <span class='ocr_line' id='line_1_6' title="bbox 67 413 1452 469; baseline 0 -14"><span class='ocrx_word' id='word_1_34' title='bbox 67 423 84 449; x_wconf 82' lang='lat'><strong>5</strong></span> <span class='ocrx_word' id='word_1_35' title='bbox 105 414 424 469; x_wconf 80' lang='lat' dir='ltr'>exspectatione</span> <span class='ocrx_word' id='word_1_36' title='bbox 463 413 601 455; x_wconf 89' lang='lat' dir='ltr'>elatus</span> <span class='ocrx_word' id='word_1_37' title='bbox 635 413 765 455; x_wconf 89' lang='lat' dir='ltr'>homo</span> <span class='ocrx_word' id='word_1_38' title='bbox 798 414 987 469; x_wconf 86' lang='lat' dir='ltr'>flagrans</span> <span class='ocrx_word' id='word_1_39' title='bbox 1020 414 1254 468; x_wconf 84' lang='lat' dir='ltr'>cupiditate</span> <span class='ocrx_word' id='word_1_40' title='bbox 1286 414 1452 469; x_wconf 88' lang='lat' dir='ltr'>gloriae</span> 
     </span>
     <span class='ocr_line' id='line_1_7' title="bbox 104 472 1451 528; baseline 0 -14"><span class='ocrx_word' id='word_1_41' title='bbox 104 476 248 514; x_wconf 88' lang='lat' dir='ltr'>tenere</span> <span class='ocrx_word' id='word_1_42' title='bbox 287 487 331 514; x_wconf 88' lang='lat' dir='ltr'>se</span> <span class='ocrx_word' id='word_1_43' title='bbox 368 487 457 513; x_wconf 86' lang='lat' dir='ltr'>non</span> <span class='ocrx_word' id='word_1_44' title='bbox 487 473 647 526; x_wconf 86' lang='lat' dir='ltr'>potuit,</span> <span class='ocrx_word' id='word_1_45' title='bbox 686 472 789 526; x_wconf 87' lang='lat' dir='ltr'>quin</span> <span class='ocrx_word' id='word_1_46' title='bbox 821 487 893 514; x_wconf 90' lang='lat' dir='ltr'>eos</span> <span class='ocrx_word' id='word_1_47' title='bbox 927 473 1187 528; x_wconf 72' lang='lat' dir='ltr'>gladiatores</span> <span class='ocrx_word' id='word_1_48' title='bbox 1218 473 1451 526; x_wconf 84' lang='lat' dir='ltr'>induceret,</span> 
     </span>
     <span class='ocr_line' id='line_1_8' title="bbox 105 530 1451 586; baseline -0.001 -13"><span class='ocrx_word' id='word_1_49' title='bbox 105 545 288 585; x_wconf 87' lang='lat' dir='ltr'>quorum</span> <span class='ocrx_word' id='word_1_50' title='bbox 327 533 441 572; x_wconf 91' lang='lat' dir='ltr'>esset</span> <span class='ocrx_word' id='word_1_51' title='bbox 477 531 568 585; x_wconf 91' lang='lat' dir='ltr'>ipse</span> <span class='ocrx_word' id='word_1_52' title='bbox 599 530 926 586; x_wconf 85' lang='lat' dir='ltr'>pulcherrimus.</span> <span class='ocrx_word' id='word_1_53' title='bbox 989 530 1036 573; x_wconf 82' lang='lat' dir='ltr'>Si</span> <span class='ocrx_word' id='word_1_54' title='bbox 1068 532 1123 573; x_wconf 88' lang='lat' dir='ltr'>ob</span> <span class='ocrx_word' id='word_1_55' title='bbox 1154 546 1245 573; x_wconf 79' lang='lat' dir='ltr'>eam</span> <span class='ocrx_word' id='word_1_56' title='bbox 1278 545 1451 573; x_wconf 87' lang='lat' dir='ltr'>causam</span> 
     </span>
     <span class='ocr_line' id='line_1_9' title="bbox 104 589 1453 644; baseline 0 -13"><span class='ocrx_word' id='word_1_57' title='bbox 104 593 301 644; x_wconf 89' lang='lat' dir='ltr'>peccaret</span> <span class='ocrx_word' id='word_1_58' title='bbox 341 591 417 642; x_wconf 89' lang='lat' dir='ltr'>[et]</span> <span class='ocrx_word' id='word_1_59' title='bbox 458 604 535 644; x_wconf 90' lang='lat' dir='ltr'>pro</span> <span class='ocrx_word' id='word_1_60' title='bbox 575 590 735 631; x_wconf 87' lang='lat' dir='ltr'>recenti</span> <span class='ocrx_word' id='word_1_61' title='bbox 774 590 922 644; x_wconf 86' lang='lat' dir='ltr'>populi</span> <span class='ocrx_word' id='word_1_62' title='bbox 954 589 1140 631; x_wconf 88' lang='lat' dir='ltr'>Romani</span> <span class='ocrx_word' id='word_1_63' title='bbox 1173 591 1219 631; x_wconf 90' lang='lat' dir='ltr'>in</span> <span class='ocrx_word' id='word_1_64' title='bbox 1251 604 1295 631; x_wconf 90' lang='lat' dir='ltr'>se</span> <span class='ocrx_word' id='word_1_65' title='bbox 1327 591 1453 631; x_wconf 88' lang='lat' dir='ltr'>bene-</span> 
     </span>
     <span class='ocr_line' id='line_1_10' title="bbox 104 648 1453 704; baseline 0.001 -15"><span class='ocrx_word' id='word_1_66' title='bbox 104 649 201 691; x_wconf 85' lang='lat' dir='ltr'>ficio</span> <span class='ocrx_word' id='word_1_67' title='bbox 240 648 438 703; x_wconf 86' lang='lat' dir='ltr'>populari</span> <span class='ocrx_word' id='word_1_68' title='bbox 478 649 620 690; x_wconf 87' lang='lat' dir='ltr'>studio</span> <span class='ocrx_word' id='word_1_69' title='bbox 660 648 815 702; x_wconf 90' lang='lat' dir='ltr'>elatus,</span> <span class='ocrx_word' id='word_1_70' title='bbox 853 651 999 690; x_wconf 88' lang='lat' dir='ltr'>tamen</span> <span class='ocrx_word' id='word_1_71' title='bbox 1030 649 1276 704; x_wconf 86' lang='lat' dir='ltr'>ignosceret</span> <span class='ocrx_word' id='word_1_72' title='bbox 1306 663 1453 703; x_wconf 71' lang='lat' dir='ltr'>nemo,</span> 
     </span>
     <span class='ocr_line' id='line_1_11' title="bbox 53 707 1452 762; baseline 0.003 -17"><span class='ocrx_word' id='word_1_73' title='bbox 53 720 87 745; x_wconf 82' lang='grc' dir='ltr'>ιο</span> <span class='ocrx_word' id='word_1_74' title='bbox 107 722 202 749; x_wconf 84' lang='grc'>011111</span> <span class='ocrx_word' id='word_1_75' title='bbox 246 722 346 749; x_wconf 87' lang='lat' dir='ltr'>vero</span> <span class='ocrx_word' id='word_1_76' title='bbox 391 722 443 748; x_wconf 87' lang='lat' dir='ltr'>ne</span> <span class='ocrx_word' id='word_1_77' title='bbox 485 707 535 748; x_wconf 93' lang='lat' dir='ltr'>de</span> <span class='ocrx_word' id='word_1_78' title='bbox 573 708 796 749; x_wconf 85' lang='lat' dir='ltr'>venalibus</span> <span class='ocrx_word' id='word_1_79' title='bbox 836 708 1008 761; x_wconf 86' lang='lat' dir='ltr'>quidem</span> <span class='ocrx_word' id='word_1_80' title='bbox 1044 707 1241 749; x_wconf 88' lang='lat' dir='ltr'>homines</span> <span class='ocrx_word' id='word_1_81' title='bbox 1281 708 1452 762; x_wconf 74' lang='lat' dir='ltr'>eleetos,</span> 
     </span>
     <span class='ocr_line' id='line_1_12' title="bbox 106 766 1453 821; baseline 0 -14"><span class='ocrx_word' id='word_1_82' title='bbox 106 767 179 808; x_wconf 90' lang='lat' dir='ltr'>sed</span> <span class='ocrx_word' id='word_1_83' title='bbox 223 781 274 808; x_wconf 87' lang='lat' dir='ltr'>ex</span> <span class='ocrx_word' id='word_1_84' title='bbox 316 766 546 821; x_wconf 84' lang='lat' dir='ltr'>ergastulis</span> <span class='ocrx_word' id='word_1_85' title='bbox 586 768 754 820; x_wconf 85' lang='lat' dir='ltr'>emptos</span> <span class='ocrx_word' id='word_1_86' title='bbox 791 766 1039 808; x_wconf 86' lang='lat' dir='ltr'>nominibus</span> <span class='ocrx_word' id='word_1_87' title='bbox 1077 766 1349 821; x_wconf 72' lang='lat' dir='ltr'>gladiatoriis</span> <span class='ocrx_word' id='word_1_88' title='bbox 1388 781 1453 808; x_wconf 94' lang='lat' dir='ltr'>or-</span> 
     </span>
     <span class='ocr_line' id='line_1_13' title="bbox 104 823 1452 879; baseline 0 -13"><span class='ocrx_word' id='word_1_89' title='bbox 104 825 220 866; x_wconf 87' lang='lat' dir='ltr'>narit</span> <span class='ocrx_word' id='word_1_90' title='bbox 269 827 312 866; x_wconf 84' lang='lat' dir='ltr'>et</span> <span class='ocrx_word' id='word_1_91' title='bbox 355 825 509 866; x_wconf 88' lang='lat' dir='ltr'>sortito</span> <span class='ocrx_word' id='word_1_92' title='bbox 556 825 664 866; x_wconf 90' lang='lat' dir='ltr'>alios</span> <span class='ocrx_word' id='word_1_93' title='bbox 711 823 943 879; x_wconf 78' lang='lat' dir='ltr'>Samnites,</span> <span class='ocrx_word' id='word_1_94' title='bbox 993 825 1102 866; x_wconf 89' lang='lat' dir='ltr'>alios</span> <span class='ocrx_word' id='word_1_95' title='bbox 1145 827 1452 879; x_wconf 81' lang='lat' dir='ltr'>provocatores</span> 
     </span>
     <span class='ocr_line' id='line_1_14' title="bbox 104 883 1452 938; baseline 0 -13"><span class='ocrx_word' id='word_1_96' title='bbox 104 883 272 938; x_wconf 87' lang='lat' dir='ltr'>fecerit,</span> <span class='ocrx_word' id='word_1_97' title='bbox 303 886 426 925; x_wconf 86' lang='lat' dir='ltr'>tanta</span> <span class='ocrx_word' id='word_1_98' title='bbox 456 884 650 937; x_wconf 89' lang='lat' dir='ltr'>licentia,</span> <span class='ocrx_word' id='word_1_99' title='bbox 681 886 804 924; x_wconf 90' lang='lat' dir='ltr'>tanta</span> <span class='ocrx_word' id='word_1_100' title='bbox 834 884 982 938; x_wconf 87' lang='lat' dir='ltr'>legum</span> <span class='ocrx_word' id='word_1_101' title='bbox 1014 884 1279 938; x_wconf 82' lang='lat' dir='ltr'>contemptio</span> <span class='ocrx_word' id='word_1_102' title='bbox 1310 898 1452 925; x_wconf 88' lang='lat' dir='ltr'>nonne</span> 
     </span>
     <span class='ocr_line' id='line_1_15' title="bbox 106 941 1534 996; baseline -0.001 -12"><span class='ocrx_word' id='word_1_103' title='bbox 106 957 233 996; x_wconf 88' lang='lat' dir='ltr'>quem</span> <span class='ocrx_word' id='word_1_104' title='bbox 278 942 481 984; x_wconf 88' lang='lat' dir='ltr'>habitura</span> <span class='ocrx_word' id='word_1_105' title='bbox 524 942 582 983; x_wconf 90' lang='lat' dir='ltr'>sit</span> <span class='ocrx_word' id='word_1_106' title='bbox 627 942 788 983; x_wconf 83' lang='lat' dir='ltr'>exitum</span> <span class='ocrx_word' id='word_1_107' title='bbox 832 942 1128 996; x_wconf 80' lang='lat' dir='ltr'>pertimescit?</span> <span class='ocrx_word' id='word_1_108' title='bbox 1199 941 1281 984; x_wconf 83' lang='lat' dir='ltr'>Sed</span> <span class='ocrx_word' id='word_1_109' title='bbox 1319 942 1452 983; x_wconf 89' lang='lat' dir='ltr'>habet</span> <span class='ocrx_word' id='word_1_110' title='bbox 1469 942 1534 974; x_wconf 87' lang='lat'>135</span> 
     </span>
     <span class='ocr_line' id='line_1_16' title="bbox 53 1000 1454 1055; baseline 0.001 -16"><span class='ocrx_word' id='word_1_111' title='bbox 53 1014 86 1039; x_wconf 84' lang='lat'>15</span> <span class='ocrx_word' id='word_1_112' title='bbox 107 1001 375 1043; x_wconf 86' lang='lat' dir='ltr'>defensiones</span> <span class='ocrx_word' id='word_1_113' title='bbox 402 1002 518 1052; x_wconf 88' lang='lat' dir='ltr'>duas,</span> <span class='ocrx_word' id='word_1_114' title='bbox 549 1001 737 1055; x_wconf 88' lang='lat' dir='ltr'>primum</span> <span class='ocrx_word' id='word_1_115' title='bbox 764 1000 874 1055; x_wconf 77' lang='lat' dir='ltr'>‘Do&#39;,</span> <span class='ocrx_word' id='word_1_116' title='bbox 906 1001 1059 1055; x_wconf 86' lang='lat' dir='ltr'>inquit,</span> <span class='ocrx_word' id='word_1_117' title='bbox 1088 1000 1352 1055; x_wconf 73' lang='lat' dir='ltr'>‘bestiarios3</span> <span class='ocrx_word' id='word_1_118' title='bbox 1383 1001 1454 1041; x_wconf 87' lang='lat' dir='ltr'>lex</span> 
     </span>
     <span class='ocr_line' id='line_1_17' title="bbox 106 1058 1454 1115; baseline -0.001 -14"><span class='ocrx_word' id='word_1_119' title='bbox 106 1060 268 1114; x_wconf 88' lang='lat' dir='ltr'>scripta</span> <span class='ocrx_word' id='word_1_120' title='bbox 306 1060 355 1100; x_wconf 88' lang='lat' dir='ltr'>de</span> <span class='ocrx_word' id='word_1_121' title='bbox 394 1059 736 1115; x_wconf 58' lang='lat' dir='ltr'>gladiatoribus?</span> <span class='ocrx_word' id='word_1_122' title='bbox 798 1058 987 1101; x_wconf 77' lang='lat' dir='ltr'>Festive!</span> <span class='ocrx_word' id='word_1_123' title='bbox 1055 1059 1253 1114; x_wconf 87' lang='lat' dir='ltr'>Accipite</span> <span class='ocrx_word' id='word_1_124' title='bbox 1290 1059 1454 1113; x_wconf 88' lang='lat' dir='ltr'>aliquid</span> 
     </span>
     <span class='ocr_line' id='line_1_18' title="bbox 106 1118 1452 1172; baseline -0.001 -12"><span class='ocrx_word' id='word_1_125' title='bbox 106 1119 236 1160; x_wconf 90' lang='lat' dir='ltr'>etiam</span> <span class='ocrx_word' id='word_1_126' title='bbox 276 1119 454 1160; x_wconf 88' lang='lat' dir='ltr'>acutius.</span> <span class='ocrx_word' id='word_1_127' title='bbox 521 1118 647 1160; x_wconf 89' lang='lat' dir='ltr'>Dicet</span> <span class='ocrx_word' id='word_1_128' title='bbox 685 1133 728 1159; x_wconf 89' lang='lat' dir='ltr'>se</span> <span class='ocrx_word' id='word_1_129' title='bbox 767 1133 853 1159; x_wconf 86' lang='lat' dir='ltr'>non</span> <span class='ocrx_word' id='word_1_130' title='bbox 891 1118 1172 1172; x_wconf 77' lang='lat' dir='ltr'>gladiatores,</span> <span class='ocrx_word' id='word_1_131' title='bbox 1211 1118 1283 1159; x_wconf 88' lang='lat' dir='ltr'>sed</span> <span class='ocrx_word' id='word_1_132' title='bbox 1319 1131 1452 1159; x_wconf 88' lang='lat' dir='ltr'>unum</span> 
     </span>
     <span class='ocr_line' id='line_1_19' title="bbox 106 1176 1454 1233; baseline 0 -15"><span class='ocrx_word' id='word_1_133' title='bbox 106 1178 390 1233; x_wconf 87' lang='lat' dir='ltr'>gladiatorem</span> <span class='ocrx_word' id='word_1_134' title='bbox 428 1178 526 1218; x_wconf 88' lang='lat' dir='ltr'>dare</span> <span class='ocrx_word' id='word_1_135' title='bbox 566 1179 609 1218; x_wconf 92' lang='lat' dir='ltr'>et</span> <span class='ocrx_word' id='word_1_136' title='bbox 640 1179 778 1218; x_wconf 90' lang='lat' dir='ltr'>totam</span> <span class='ocrx_word' id='word_1_137' title='bbox 811 1177 1076 1218; x_wconf 88' lang='lat' dir='ltr'>aedilitatem</span> <span class='ocrx_word' id='word_1_138' title='bbox 1108 1177 1152 1218; x_wconf 87' lang='lat' dir='ltr'>in</span> <span class='ocrx_word' id='word_1_139' title='bbox 1183 1190 1338 1218; x_wconf 90' lang='lat' dir='ltr'>munus</span> <span class='ocrx_word' id='word_1_140' title='bbox 1370 1176 1454 1218; x_wconf 90' lang='grc'>1100</span> 
     </span>
     <span class='ocr_line' id='line_1_20' title="bbox 105 1235 1453 1289; baseline -0.001 -12"><span class='ocrx_word' id='word_1_141' title='bbox 105 1236 390 1278; x_wconf 86' lang='lat' dir='ltr'>transtulisse.</span> <span class='ocrx_word' id='word_1_142' title='bbox 458 1235 686 1277; x_wconf 87' lang='lat' dir='ltr'>Praeclara</span> <span class='ocrx_word' id='word_1_143' title='bbox 733 1235 948 1276; x_wconf 77' lang='lat' dir='ltr'>aedilitas!</span> <span class='ocrx_word' id='word_1_144' title='bbox 999 1249 1110 1277; x_wconf 88' lang='lat' dir='ltr'>unus</span> <span class='ocrx_word' id='word_1_145' title='bbox 1153 1235 1240 1289; x_wconf 92' lang='lat' dir='ltr'>leo,</span> <span class='ocrx_word' id='word_1_146' title='bbox 1280 1235 1453 1276; x_wconf 89' lang='lat' dir='ltr'>ducenti</span> 
     </span>
     <span class='ocr_line' id='line_1_21' title="bbox 53 1293 1455 1348; baseline 0.001 -15"><span class='ocrx_word' id='word_1_147' title='bbox 53 1308 87 1333; x_wconf 81' lang='lat'>20</span> <span class='ocrx_word' id='word_1_148' title='bbox 105 1295 312 1337; x_wconf 88' lang='lat' dir='ltr'>bestiarii.</span> <span class='ocrx_word' id='word_1_149' title='bbox 374 1294 537 1336; x_wconf 90' lang='lat' dir='ltr'>Verum</span> <span class='ocrx_word' id='word_1_150' title='bbox 577 1297 725 1336; x_wconf 88' lang='lat' dir='ltr'>utatur</span> <span class='ocrx_word' id='word_1_151' title='bbox 761 1293 842 1335; x_wconf 86' lang='lat' dir='ltr'>hac</span> <span class='ocrx_word' id='word_1_152' title='bbox 880 1293 1144 1348; x_wconf 80' lang='lat' dir='ltr'>defensione3</span> <span class='ocrx_word' id='word_1_153' title='bbox 1189 1294 1314 1348; x_wconf 92' lang='lat' dir='ltr'>cupio</span> <span class='ocrx_word' id='word_1_154' title='bbox 1356 1308 1455 1335; x_wconf 91' lang='lat' dir='ltr'>eum</span> 
     </span>
     <span class='ocr_line' id='line_1_22' title="bbox 107 1352 1455 1407; baseline -0.001 -12"><span class='ocrx_word' id='word_1_155' title='bbox 107 1368 208 1396; x_wconf 90' lang='lat' dir='ltr'>suae</span> <span class='ocrx_word' id='word_1_156' title='bbox 242 1367 393 1395; x_wconf 88' lang='lat' dir='ltr'>causae</span> <span class='ocrx_word' id='word_1_157' title='bbox 427 1353 649 1395; x_wconf 89' lang='lat' dir='ltr'>confidere.</span> <span class='ocrx_word' id='word_1_158' title='bbox 696 1352 816 1394; x_wconf 82' lang='lat' dir='ltr'>Solet</span> <span class='ocrx_word' id='word_1_159' title='bbox 848 1353 964 1394; x_wconf 88' lang='lat' dir='ltr'>enim</span> <span class='ocrx_word' id='word_1_160' title='bbox 994 1353 1194 1394; x_wconf 90' lang='lat' dir='ltr'>tribunos</span> <span class='ocrx_word' id='word_1_161' title='bbox 1226 1353 1283 1406; x_wconf 90' lang='lat' dir='ltr'>pl.</span> <span class='ocrx_word' id='word_1_162' title='bbox 1311 1352 1455 1407; x_wconf 87' lang='lat' dir='ltr'>appel—</span> 
     </span>
     <span class='ocr_line' id='line_1_23' title="bbox 106 1411 1455 1465; baseline -0.001 -11"><span class='ocrx_word' id='word_1_163' title='bbox 106 1413 195 1454; x_wconf 88' lang='lat' dir='ltr'>lare</span> <span class='ocrx_word' id='word_1_164' title='bbox 221 1415 264 1454; x_wconf 89' lang='lat' dir='ltr'>et</span> <span class='ocrx_word' id='word_1_165' title='bbox 288 1412 330 1453; x_wconf 85' lang='lat' dir='ltr'>vi</span> <span class='ocrx_word' id='word_1_166' title='bbox 356 1412 561 1453; x_wconf 88' lang='lat' dir='ltr'>iudicium</span> <span class='ocrx_word' id='word_1_167' title='bbox 588 1412 841 1465; x_wconf 76' lang='lat' dir='ltr'>disturbare,</span> <span class='ocrx_word' id='word_1_168' title='bbox 869 1426 965 1453; x_wconf 91' lang='lat' dir='ltr'>cum</span> <span class='ocrx_word' id='word_1_169' title='bbox 988 1411 1157 1452; x_wconf 85' lang='lat' dir='ltr'>diffidit.</span> <span class='ocrx_word' id='word_1_170' title='bbox 1210 1411 1348 1460; x_wconf 80' lang='lat' dir='ltr'>Quem</span> <span class='ocrx_word' id='word_1_171' title='bbox 1366 1425 1455 1452; x_wconf 88' lang='lat' dir='ltr'>non</span> 
     </span>
     <span class='ocr_line' id='line_1_24' title="bbox 106 1470 1454 1526; baseline -0.001 -14"><span class='ocrx_word' id='word_1_172' title='bbox 106 1474 197 1512; x_wconf 91' lang='lat' dir='ltr'>tam</span> <span class='ocrx_word' id='word_1_173' title='bbox 235 1471 440 1524; x_wconf 88' lang='lat' dir='ltr'>admiror,</span> <span class='ocrx_word' id='word_1_174' title='bbox 479 1471 593 1525; x_wconf 88' lang='lat' dir='ltr'>quod</span> <span class='ocrx_word' id='word_1_175' title='bbox 630 1485 770 1512; x_wconf 91' lang='lat' dir='ltr'>meam</span> <span class='ocrx_word' id='word_1_176' title='bbox 814 1470 953 1526; x_wconf 91' lang='lat' dir='ltr'>legem</span> <span class='ocrx_word' id='word_1_177' title='bbox 991 1470 1229 1512; x_wconf 88' lang='lat' dir='ltr'>contemnit</span> <span class='ocrx_word' id='word_1_178' title='bbox 1265 1470 1454 1511; x_wconf 87' lang='lat' dir='ltr'>hominis</span> 
     </span>
     <span class='ocr_line' id='line_1_25' title="bbox 107 1529 1455 1584; baseline -0.001 -14"><span class='ocrx_word' id='word_1_179' title='bbox 107 1530 289 1584; x_wconf 86' lang='lat' dir='ltr'>inimici,</span> <span class='ocrx_word' id='word_1_180' title='bbox 334 1544 462 1583; x_wconf 87' lang='lat' dir='ltr'>quam</span> <span class='ocrx_word' id='word_1_181' title='bbox 503 1529 617 1583; x_wconf 89' lang='lat' dir='ltr'>quod</span> <span class='ocrx_word' id='word_1_182' title='bbox 654 1529 716 1570; x_wconf 88' lang='lat' dir='ltr'>sic</span> <span class='ocrx_word' id='word_1_183' title='bbox 754 1529 925 1583; x_wconf 78' lang='lat' dir='ltr'>statuit,</span> <span class='ocrx_word' id='word_1_184' title='bbox 970 1529 1144 1570; x_wconf 90' lang='lat' dir='ltr'>omnino</span> <span class='ocrx_word' id='word_1_185' title='bbox 1184 1529 1455 1570; x_wconf 88' lang='lat' dir='ltr'>consularem</span> 
     </span>
     <span class='ocr_line' id='line_1_26' title="bbox 56 1586 1455 1643; baseline 0 -16"><span class='ocrx_word' id='word_1_186' title='bbox 56 1600 90 1626; x_wconf 83' lang='lat'>25</span> <span class='ocrx_word' id='word_1_187' title='bbox 109 1589 250 1643; x_wconf 89' lang='lat' dir='ltr'>legem</span> <span class='ocrx_word' id='word_1_188' title='bbox 292 1588 457 1628; x_wconf 90' lang='lat' dir='ltr'>nullam</span> <span class='ocrx_word' id='word_1_189' title='bbox 500 1590 662 1642; x_wconf 83' lang='lat' dir='ltr'>putare.</span> <span class='ocrx_word' id='word_1_190' title='bbox 732 1587 965 1629; x_wconf 83' lang='lat' dir='ltr'>Caeciliam</span> <span class='ocrx_word' id='word_1_191' title='bbox 1005 1587 1197 1641; x_wconf 83' lang='lat' dir='ltr'>Didiam,</span> <span class='ocrx_word' id='word_1_192' title='bbox 1240 1586 1455 1628; x_wconf 85' lang='lat' dir='ltr'>Liciniam</span> 
     </span>
     <span class='ocr_line' id='line_1_27' title="bbox 109 1646 1455 1700; baseline -0.001 -13"><span class='ocrx_word' id='word_1_193' title='bbox 109 1646 278 1688; x_wconf 89' lang='lat' dir='ltr'>Iuniam</span> <span class='ocrx_word' id='word_1_194' title='bbox 310 1646 578 1700; x_wconf 87' lang='lat' dir='ltr'>contempsit.</span> <span class='ocrx_word' id='word_1_195' title='bbox 640 1646 840 1687; x_wconf 87' lang='lat' dir='ltr'>Etiamne</span> <span class='ocrx_word' id='word_1_196' title='bbox 873 1646 982 1699; x_wconf 87' lang='lat' dir='ltr'>eius,</span> <span class='ocrx_word' id='word_1_197' title='bbox 1015 1660 1142 1699; x_wconf 89' lang='lat' dir='ltr'>quem</span> <span class='ocrx_word' id='word_1_198' title='bbox 1174 1660 1251 1687; x_wconf 90' lang='lat' dir='ltr'>sua</span> <span class='ocrx_word' id='word_1_199' title='bbox 1283 1646 1378 1700; x_wconf 89' lang='lat' dir='ltr'>lege</span> <span class='ocrx_word' id='word_1_200' title='bbox 1412 1647 1455 1686; x_wconf 92' lang='lat' dir='ltr'>et</span> 
     </span>
     <span class='ocr_line' id='line_1_28' title="bbox 110 1703 1455 1758; baseline -0.001 -13"><span class='ocrx_word' id='word_1_201' title='bbox 110 1720 186 1746; x_wconf 91' lang='lat' dir='ltr'>suo</span> <span class='ocrx_word' id='word_1_202' title='bbox 225 1705 432 1746; x_wconf 87' lang='lat' dir='ltr'>beneficio</span> <span class='ocrx_word' id='word_1_203' title='bbox 466 1707 681 1758; x_wconf 88' lang='lat' dir='ltr'>ornatum,</span> <span class='ocrx_word' id='word_1_204' title='bbox 712 1704 943 1758; x_wconf 87' lang='lat' dir='ltr'>munitum,</span> <span class='ocrx_word' id='word_1_205' title='bbox 976 1707 1190 1745; x_wconf 88' lang='lat' dir='ltr'>armatum</span> <span class='ocrx_word' id='word_1_206' title='bbox 1221 1703 1332 1745; x_wconf 90' lang='lat' dir='ltr'>solet</span> <span class='ocrx_word' id='word_1_207' title='bbox 1364 1703 1455 1758; x_wconf 90' lang='lat' dir='ltr'>glo-</span> 
     </span>
     <span class='ocr_line' id='line_1_29' title="bbox 110 1762 1456 1817; baseline -0.002 -12"><span class='ocrx_word' id='word_1_208' title='bbox 110 1764 230 1817; x_wconf 88' lang='lat' dir='ltr'>riari,</span> <span class='ocrx_word' id='word_1_209' title='bbox 269 1762 313 1805; x_wconf 83' lang='lat' dir='ltr'>C.</span> <span class='ocrx_word' id='word_1_210' title='bbox 346 1762 558 1816; x_wconf 85' lang='lat' dir='ltr'>Caesaris,</span> <span class='ocrx_word' id='word_1_211' title='bbox 596 1763 735 1817; x_wconf 88' lang='lat' dir='ltr'>legem</span> <span class='ocrx_word' id='word_1_212' title='bbox 774 1763 824 1803; x_wconf 92' lang='lat' dir='ltr'>de</span> <span class='ocrx_word' id='word_1_213' title='bbox 862 1762 1055 1816; x_wconf 86' lang='lat' dir='ltr'>pecuniis</span> <span class='ocrx_word' id='word_1_214' title='bbox 1087 1762 1335 1816; x_wconf 87' lang='lat' dir='ltr'>repetundis</span> <span class='ocrx_word' id='word_1_215' title='bbox 1367 1776 1456 1802; x_wconf 87' lang='lat' dir='ltr'>non</span> 
     </span>
     <span class='ocr_line' id='line_1_30' title="bbox 109 1797 1455 1877; baseline -0.002 -14"><span class='ocrx_word' id='word_1_216' title='bbox 109 1797 235 1877; x_wconf 85' lang='lat' dir='ltr'>putat</span> <span class='ocrx_word' id='word_1_217' title='bbox 267 1835 357 1862; x_wconf 90' lang='lat' dir='ltr'>esse</span> <span class='ocrx_word' id='word_1_218' title='bbox 389 1821 558 1876; x_wconf 74' lang='lat' dir='ltr'>legem?</span> <span class='ocrx_word' id='word_1_219' title='bbox 620 1821 679 1862; x_wconf 88' lang='lat' dir='ltr'>Et</span> <span class='ocrx_word' id='word_1_220' title='bbox 711 1821 831 1862; x_wconf 88' lang='lat' dir='ltr'>aiunt</span> <span class='ocrx_word' id='word_1_221' title='bbox 857 1821 964 1861; x_wconf 89' lang='lat' dir='ltr'>alios</span> <span class='ocrx_word' id='word_1_222' title='bbox 992 1834 1097 1874; x_wconf 88' lang='lat' dir='ltr'>esse,</span> <span class='ocrx_word' id='word_1_223' title='bbox 1130 1821 1204 1874; x_wconf 90' lang='lat' dir='ltr'>qui</span> <span class='ocrx_word' id='word_1_224' title='bbox 1230 1822 1326 1861; x_wconf 91' lang='lat' dir='ltr'>acta</span> <span class='ocrx_word' id='word_1_225' title='bbox 1353 1819 1455 1861; x_wconf 84' lang='lat' dir='ltr'>Cae-</span> 
     </span>
     <span class='ocr_line' id='line_1_31' title="bbox 57 1878 1453 1933; baseline 0.001 -15"><span class='ocrx_word' id='word_1_226' title='bbox 57 1893 92 1918; x_wconf 76' lang='lat' dir='ltr'>so</span> <span class='ocrx_word' id='word_1_227' title='bbox 111 1880 218 1922; x_wconf 87' lang='lat' dir='ltr'>saris</span> <span class='ocrx_word' id='word_1_228' title='bbox 245 1880 500 1933; x_wconf 86' lang='lat' dir='ltr'>rescindant,</span> <span class='ocrx_word' id='word_1_229' title='bbox 527 1894 623 1920; x_wconf 89' lang='lat' dir='ltr'>cum</span> <span class='ocrx_word' id='word_1_230' title='bbox 646 1879 752 1920; x_wconf 87' lang='lat' dir='ltr'>haec</span> <span class='ocrx_word' id='word_1_231' title='bbox 778 1881 955 1933; x_wconf 86' lang='lat' dir='ltr'>optuma</span> <span class='ocrx_word' id='word_1_232' title='bbox 979 1878 1048 1919; x_wconf 89' lang='lat' dir='ltr'>lex</span> <span class='ocrx_word' id='word_1_233' title='bbox 1069 1880 1112 1919; x_wconf 91' lang='lat' dir='ltr'>et</span> <span class='ocrx_word' id='word_1_234' title='bbox 1132 1879 1185 1919; x_wconf 88' lang='lat' dir='ltr'>ab</span> <span class='ocrx_word' id='word_1_235' title='bbox 1206 1878 1282 1919; x_wconf 90' lang='lat' dir='ltr'>illo</span> <span class='ocrx_word' id='word_1_236' title='bbox 1304 1891 1453 1919; x_wconf 88' lang='lat' dir='ltr'>socero</span> 
     </span>
     <span class='ocr_line' id='line_1_32' title="bbox 111 1930 1532 1992; baseline -0.004 -12"><span class='ocrx_word' id='word_1_237' title='bbox 111 1940 201 1981; x_wconf 91' lang='lat' dir='ltr'>eius</span> <span class='ocrx_word' id='word_1_238' title='bbox 246 1941 289 1980; x_wconf 89' lang='lat' dir='ltr'>et</span> <span class='ocrx_word' id='word_1_239' title='bbox 332 1939 385 1980; x_wconf 88' lang='lat' dir='ltr'>ab</span> <span class='ocrx_word' id='word_1_240' title='bbox 428 1938 512 1979; x_wconf 87' lang='lat' dir='ltr'>hoc</span> <span class='ocrx_word' id='word_1_241' title='bbox 555 1938 753 1979; x_wconf 87' lang='lat' dir='ltr'>adsecula</span> <span class='ocrx_word' id='word_1_242' title='bbox 794 1937 1069 1992; x_wconf 86' lang='lat' dir='ltr'>neglegatur!</span> <span class='ocrx_word' id='word_1_243' title='bbox 1138 1936 1198 1978; x_wconf 89' lang='lat' dir='ltr'>Et</span> <span class='ocrx_word' id='word_1_244' title='bbox 1236 1936 1455 1977; x_wconf 57' lang='lat' dir='ltr'>cohor—tan</span> <span class='ocrx_word' id='word_1_245' title='bbox 1475 1930 1532 1973; x_wconf 84' lang='lat'>65</span> 
     </span>
     <span class='ocr_line' id='line_1_33' title="bbox 111 1994 1455 2048; baseline -0.004 -8"><span class='ocrx_word' id='word_1_246' title='bbox 111 2012 239 2040; x_wconf 90' lang='lat' dir='ltr'>ausus</span> <span class='ocrx_word' id='word_1_247' title='bbox 272 2000 338 2039; x_wconf 88' lang='lat' dir='ltr'>est</span> <span class='ocrx_word' id='word_1_248' title='bbox 369 1999 593 2038; x_wconf 90' lang='lat' dir='ltr'>accusator</span> <span class='ocrx_word' id='word_1_249' title='bbox 624 1996 669 2037; x_wconf 89' lang='lat' dir='ltr'>in</span> <span class='ocrx_word' id='word_1_250' title='bbox 699 1995 780 2036; x_wconf 84' lang='lat' dir='ltr'>hac</span> <span class='ocrx_word' id='word_1_251' title='bbox 813 2009 939 2036; x_wconf 88' lang='lat' dir='ltr'>causa</span> <span class='ocrx_word' id='word_1_252' title='bbox 970 2009 1064 2048; x_wconf 88' lang='lat' dir='ltr'>vos,</span> <span class='ocrx_word' id='word_1_253' title='bbox 1096 1995 1270 2048; x_wconf 88' lang='lat' dir='ltr'>iudices,</span> <span class='ocrx_word' id='word_1_254' title='bbox 1301 1997 1350 2035; x_wconf 90' lang='lat' dir='ltr'>ut</span> <span class='ocrx_word' id='word_1_255' title='bbox 1382 1994 1455 2035; x_wconf 88' lang='lat' dir='ltr'>ali-</span> 
     </span>
     <span class='ocr_line' id='line_1_34' title="bbox 111 2029 1455 2111; baseline -0.004 -13"><span class='ocrx_word' id='word_1_256' title='bbox 111 2056 280 2111; x_wconf 88' lang='lat' dir='ltr'>quando</span> <span class='ocrx_word' id='word_1_257' title='bbox 305 2056 455 2098; x_wconf 89' lang='lat' dir='ltr'>essetis</span> <span class='ocrx_word' id='word_1_258' title='bbox 482 2054 630 2109; x_wconf 87' lang='lat' dir='ltr'>severi,</span> <span class='ocrx_word' id='word_1_259' title='bbox 657 2054 884 2108; x_wconf 90' lang='lat' dir='ltr'>aliquando</span> <span class='ocrx_word' id='word_1_260' title='bbox 911 2029 1166 2095; x_wconf 89' lang='lat' dir='ltr'>medicinam</span> <span class='ocrx_word' id='word_1_261' title='bbox 1193 2029 1455 2094; x_wconf 83' lang='lat' dir='ltr'>adhiberetis</span> 
     </span>
     <span class='ocr_line' id='line_1_35' title="bbox 110 2111 1456 2180; baseline -0.003 -24"><span class='ocrx_word' id='word_1_262' title='bbox 110 2116 172 2157; x_wconf 90' lang='lat' dir='ltr'>rei</span> <span class='ocrx_word' id='word_1_263' title='bbox 205 2115 414 2180; x_wconf 81' lang='lat' dir='ltr'>publicae.</span> <span class='ocrx_word' id='word_1_264' title='bbox 475 2113 577 2155; x_wconf 90' lang='lat' dir='ltr'>Non</span> <span class='ocrx_word' id='word_1_265' title='bbox 609 2127 658 2153; x_wconf 88' lang='lat' dir='ltr'>ea</span> <span class='ocrx_word' id='word_1_266' title='bbox 689 2114 754 2154; x_wconf 89' lang='lat' dir='ltr'>est</span> <span class='ocrx_word' id='word_1_267' title='bbox 785 2112 1012 2166; x_wconf 86' lang='lat' dir='ltr'>medicina,</span> <span class='ocrx_word' id='word_1_268' title='bbox 1050 2126 1147 2153; x_wconf 89' lang='lat' dir='ltr'>cum</span> <span class='ocrx_word' id='word_1_269' title='bbox 1180 2126 1308 2153; x_wconf 86' lang='lat' dir='ltr'>sanae</span> <span class='ocrx_word' id='word_1_270' title='bbox 1340 2111 1456 2165; x_wconf 88' lang='lat' dir='ltr'>parti</span> 
     </span>
     <span class='ocr_line' id='line_1_36' title="bbox 58 2169 1457 2236; baseline -0.003 -22"><span class='ocrx_word' id='word_1_271' title='bbox 58 2189 92 2214; x_wconf 78' lang='lat'>35</span> <span class='ocrx_word' id='word_1_272' title='bbox 112 2174 303 2228; x_wconf 90' lang='lat' dir='ltr'>corporis</span> <span class='ocrx_word' id='word_1_273' title='bbox 323 2173 575 2227; x_wconf 89' lang='lat' dir='ltr'>scalpellum</span> <span class='ocrx_word' id='word_1_274' title='bbox 595 2171 822 2212; x_wconf 87' lang='lat' dir='ltr'>adhibetur</span> <span class='ocrx_word' id='word_1_275' title='bbox 836 2173 963 2225; x_wconf 82' lang='lat' dir='ltr'>atque</span> <span class='ocrx_word' id='word_1_276' title='bbox 976 2171 1188 2236; x_wconf 84' lang='lat' dir='ltr'>integrae,</span> <span class='ocrx_word' id='word_1_277' title='bbox 1208 2169 1457 2212; x_wconf 74' lang='lat' dir='ltr'>carnificina</span> 
     </span>
     <span class='ocr_line' id='line_1_37' title="bbox 0 2229 1456 2284; baseline -0.005 -9"><span class='ocrx_word' id='word_1_278' title='bbox 0 2239 1 2262; x_wconf 60' lang='lat'><strong>³</strong></span> <span class='ocrx_word' id='word_1_279' title='bbox 112 2234 178 2274; x_wconf 88' lang='lat' dir='ltr'>est</span> <span class='ocrx_word' id='word_1_280' title='bbox 214 2233 299 2274; x_wconf 89' lang='lat' dir='ltr'>ista</span> <span class='ocrx_word' id='word_1_281' title='bbox 336 2235 379 2274; x_wconf 88' lang='lat' dir='ltr'>et</span> <span class='ocrx_word' id='word_1_282' title='bbox 416 2231 664 2284; x_wconf 69' lang='lat' dir='ltr'>crudelitas,</span> <span class='ocrx_word' id='word_1_283' title='bbox 702 2229 740 2270; x_wconf 90' lang='lat' dir='ltr'>ei</span> <span class='ocrx_word' id='word_1_284' title='bbox 777 2230 1001 2270; x_wconf 86' lang='lat' dir='ltr'>medentur</span> <span class='ocrx_word' id='word_1_285' title='bbox 1032 2229 1094 2270; x_wconf 91' lang='lat' dir='ltr'>rei</span> <span class='ocrx_word' id='word_1_286' title='bbox 1125 2229 1341 2283; x_wconf 87' lang='lat' dir='ltr'>publicae,</span> <span class='ocrx_word' id='word_1_287' title='bbox 1381 2242 1456 2282; x_wconf 85' lang='lat' dir='ltr'>qui</span> 
     </span>
     <span class='ocr_line' id='line_1_38' title="bbox 0 2265 1456 2345; baseline -0.004 -12"><span class='ocrx_word' id='word_1_288' title='bbox 0 2265 1 2344; x_wconf 58' lang='lat' dir='ltr'>l</span> <span class='ocrx_word' id='word_1_289' title='bbox 112 2293 312 2333; x_wconf 83' lang='lat' dir='ltr'>exsecant</span> <span class='ocrx_word' id='word_1_290' title='bbox 342 2293 508 2345; x_wconf 90' lang='lat' dir='ltr'>pestem</span> <span class='ocrx_word' id='word_1_291' title='bbox 540 2289 729 2343; x_wconf 86' lang='lat' dir='ltr'>aliquam</span> <span class='ocrx_word' id='word_1_292' title='bbox 760 2290 981 2342; x_wconf 83' lang='lat' dir='ltr'>tamquam</span> <span class='ocrx_word' id='word_1_293' title='bbox 1013 2289 1224 2328; x_wconf 88' lang='lat' dir='ltr'>strumam</span> <span class='ocrx_word' id='word_1_294' title='bbox 1255 2287 1456 2328; x_wconf 86' lang='lat' dir='ltr'>civitatis.</span> 
     </span>
    </p>
   </div>
  </div>
 </body>
</html>
