1671 2543
565 53 666 89 CAP.
696 58 783 89 1—3
811 58 830 97 g
856 58 958 89 3—-8,
1349 55 1437 97 205

95 162 197 217 cius,
229 176 313 216 qua
344 162 557 217 dignitate
590 162 816 216 superarit.
865 161 947 217 Ita,
979 162 1016 204 si
1042 162 1144 204 cedo
1171 163 1287 204 illius
1315 177 1437 204 orna-

94 221 270 274 mentiS,
302 235 410 275 quae
441 221 578 263 multa
609 224 653 261 et
684 234 842 276 magna
874 224 986 275 sunt,
1016 236 1105 263 non
1136 221 1277 263 solum
1307 221 1436 263 huius

95 280 321 335 dignitatis
358 280 527 321 iactura
561 278 757 320 facienda
795 282 878 334 est,
917 280 987 321 sed
1026 280 1157 321 etiam
1187 280 1434 335 largitionis

94 338 337 393 recipienda
367 338 555 392 suspicio
588 341 672 392 est3
704 338 772 379 sin
798 338 913 380 hunc
938 339 1003 380 illi
1029 341 1256 393 antepono,
1289 341 1436 380 contu—

58 413 75 438 5
96 398 274 438 meliosa
303 397 501 439 habenda
532 398 598 438 est
630 397 781 451 oratio,
813 400 857 438 et
888 397 1114 439 dicendum
1141 397 1287 451 estid,
1320 398 1436 452 quod

93 456 167 497 ille
199 470 267 497 me
298 455 488 511 flagitat,
522 454 800 497 Laterensem
832 471 857 496 a
888 455 1064 498 Plancio
1098 456 1309 512 dignitate
1342 470 1435 497 esse

95 517 355 568 superatum.
422 514 493 556 Ita
536 517 611 556 aut
654 514 906 556 amicissimi
942 515 1132 556 hominis
1169 514 1434 556 existimatio

95 573 345 615 offendenda
400 576 484 626 est,
538 573 576 614 si
630 573 752 615 illam
802 574 1089 615 accusationis
1140 574 1435 615 condicionem

95 646 267 686 sequar,
299 634 374 673 aut
407 633 569 686 optime
602 632 653 673 de
684 646 752 673 me
784 632 930 673 meriti
963 633 1079 674 salus
1113 632 1357 674 deserenda.

42 707 75 731 10
184 690 267 732 Sed
305 705 404 746 ego,
447 689 714 745 Laterensis,
755 705 929 732 caecum
966 706 1033 732 me
1073 694 1116 732 et
1153 691 1475 746 praecipitem3

94 748 198 790 ferri
236 750 442 791 confitear
478 749 525 790 in
562 763 707 803 causa,
745 750 782 790 si
819 752 861 790 te
901 752 976 791 aut
1010 764 1035 791 a
1064 748 1241 791 Plancio
1274 752 1349 790 aut
1380 750 1434 791 ab

94 808 183 849 ullo
216 808 427 863 dignitate
458 808 651 862 potuisse
684 809 878 862 superari
910 809 1068 849 dixero.
1118 807 1272 863 Itaque
1303 808 1435 850 disce-

95 867 193 908 dam
237 867 289 908 ab
328 881 378 908 ea
414 867 709 921 contentione,
753 867 806 908 ad
845 881 973 921 quam
1009 870 1058 909 tu
1096 881 1163 908 me
1203 881 1347 920 vocas,
1392 869 1436 907 et

94 926 264 967 veniam
307 925 360 966 ad
401 925 539 979 illam,
583 925 635 967 ad
679 940 807 979 quam
847 940 915 966 me
954 940 1083 967 causa
1119 926 1214 979 ipsa
1252 925 1435 967 deducit.

43 1000 75 1026 15
96 983 237 1033 Quid?
268 986 318 1026 tu
349 984 684 1039 magistratuum
716 984 943 1039 dignitatis
968 984 1151 1025 iudicem
1182 987 1310 1038 putas
1342 992 1469 1026 esse?

95 1043 331 1096 populum?
386 1043 589 1084 Fortasse
626 1057 714 1084 non
744 1057 980 1097 numquam
1013 1046 1096 1098 est3
1133 1043 1300 1083 utinam
1334 1057 1434 1084 vero

96 1116 264 1155 semper
296 1102 426 1143 esset!
491 1100 574 1143 Sed
607 1104 672 1142 est
703 1116 878 1155 perraro
911 1104 972 1154 et,
1011 1102 1048 1142 si
1081 1101 1249 1155 quando
1283 1103 1360 1154 est,
1391 1102 1437 1142 in

94 1160 147 1201 iis
173 1160 504 1214 magistratibus
531 1163 597 1201 est
621 1160 886 1213 mandandis,
919 1160 1075 1214 quibus
1102 1160 1287 1201 salutem
1314 1174 1436 1201 suam

96 1219 312 1259 committi
349 1221 492 1272 putat3
528 1218 597 1260 his
634 1218 869 1260 levioribus
908 1218 1095 1260 comitiis
1134 1218 1359 1273 diligentia
1393 1222 1436 1259 et

41 1294 76 1318 20
94 1277 236 1332 gratia
271 1277 508 1332 petitorum
544 1276 683 1318 honos
719 1277 904 1331 paritur,
942 1291 1030 1319 non
1066 1277 1121 1319 iis
1158 1277 1436 1331 ornamentis,

96 1350 202 1389 quae
248 1350 340 1377 esse
384 1336 430 1377 in
472 1339 515 1376 te
558 1336 766 1377 videmus.
826 1334 942 1377 Nam
986 1336 1101 1390 quod
1138 1336 1191 1377 ad
1227 1336 1435 1390 populum

93 1395 293 1448 pertinet,
325 1409 493 1448 semper
525 1394 752 1449 dignitatis
783 1394 956 1448 iniquus
988 1395 1116 1436 iudex
1147 1397 1225 1448 est,
1259 1394 1333 1448 qui
1359 1397 1435 1435 aut

93 1452 256 1494 invidet
282 1455 357 1494 aut
386 1453 514 1494 favet.
572 1452 843 1507 Quamquam
867 1453 977 1495 nihil
1002 1456 1127 1507 potes
1153 1453 1199 1494 in
1224 1456 1280 1506 te,
1311 1452 1435 1494 Late-

96 1511 250 1564 rensis,
293 1512 574 1565 constituere,
618 1512 733 1566 quod
776 1513 834 1553 sit
876 1512 1101 1566 proprium
1143 1512 1283 1552 laudis
1322 1514 1434 1565 tuae,

43 1586 76 1611 25
97 1569 200 1623 quin
241 1569 285 1610 id
327 1569 410 1610 tibi
453 1570 511 1611 sit
555 1584 779 1611 commune
823 1585 921 1612 cum
964 1570 1153 1612 Plancio.
1223 1569 1307 1611 Sed
1349 1570 1466 1611 hocS

96 1630 239 1669 totum
270 1630 423 1682 agetur
453 1628 538 1669 alio
570 1628 684 1683 loco·
715 1643 828 1670 nunc
859 1631 1032 1669 tantum
1064 1629 1236 1682 disputo
1265 1628 1353 1670 de
1341 1643 1433 1669 11116

98 1686 262 1740 populi,
301 1686 374 1739 qui
411 1689 455 1727 et
490 1689 637 1751 potest
675 1690 719 1727 et
750 1687 861 1728 solet
891 1701 979 1728 non
1009 1701 1247 1740 numquam
1280 1687 1434 1740 dignos

95 1744 348 1799 praeterire3
377 1758 468 1796 nec,
500 1744 537 1785 si
566 1758 592 1785 a
615 1744 775 1798 populo
801 1745 1062 1799 praeteritus
1089 1748 1167 1798 est,
1194 1759 1323 1798 quem
1347 1759 1435 1786 non

98 1803 302 1857 oportuit,
328 1817 353 1843 a
378 1778 590 1844 iudicibus
613 1803 956 1844 condemnandus
977 1806 1054 1852 est,
1081 1803 1154 1857 qui
1173 1803 1433 1856 praeteritus

45 1876 79 1902 30
97 1876 184 1902 non
210 1863 287 1902 est.
337 1859 464 1916 Nam,
495 1861 532 1902 si
559 1861 623 1901 ita
648 1864 773 1915 esset,
800 1861 913 1915 quod
937 1864 1083 1915 patres
1112 1861 1224 1915 apud
1249 1861 1434 1902 maiores

96 1922 270 1961 nostros
301 1921 446 1960 tenere
472 1934 560 1960 non
583 1922 828 1974 potuerunt,
859 1922 910 1960 ut
934 1919 1263 1974 reprehensores
1290 1923 1434 1960 essent

99 1978 384 2031 comitiorum,
408 1978 452 2019 id
476 1978 687 2019 haberent
710 1978 885 2031 iudices,
909 1978 976 2019 vel
1004 1978 1118 2032 quod
1143 1978 1281 2019 multo
1303 1978 1434 2019 etiam

97 2036 238 2077 minus
277 2039 392 2078 esset
426 2036 660 2077 ferendum.
709 2036 818 2077 Tum
856 2036 970 2077 enim
1007 2036 1313 2091 magistratum
1347 2051 1434 2078 non

99 2095 277 2148 gerebat
305 2095 362 2149 is,
398 2095 471 2149 qui
504 2097 687 2149 ceperat,
719 2095 757 2136 si
785 2097 932 2149 patres
964 2098 1160 2136 auctores
1191 2109 1279 2136 non
1310 2097 1434 2136 erant

45 2167 79 2193 35
98 2152 221 2207 facti,
261 2168 375 2195 nunc
416 2153 664 2208 postulatur
705 2168 730 2194 a
765 2154 907 2205 vobis,
948 2156 999 2194 ut
1037 2154 1127 2194 eius
1166 2153 1316 2207 exitio,
1360 2153 1434 2207 qui

99 2214 267 2252 creatus
311 2212 388 2267 sit,
436 2212 641 2253 iudicium
683 2211 832 2266 populi
871 2211 1056 2253 Romani
1099 2211 1433 2265 reprehendatis.

98 2268 268 2323 Itaque,
306 2284 584 2324 quamquam,
621 2284 704 2325 qua
739 2270 876 2323 nolui,
912 2270 1040 2311 ianua
1077 2284 1172 2311 sum
1208 2270 1432 2326 ingressus
