1671 2543
230 121 316 163 498
416 121 465 155 IN
492 120 538 155 M.
567 118 825 154 ANTONIUM
853 117 1030 153 ORATIO
1056 118 1327 154 PHILIPPICA
1355 119 1397 155 X.

231 229 369 282 batur,
402 232 449 270 ut
475 243 540 270 me
567 227 758 282 puderet,
785 230 930 281 patres
957 227 1201 281 conscripti,
1228 227 1271 268 in
1297 241 1390 268 eam
1417 227 1568 270 urbem

230 288 376 342 redire,
391 302 440 329 ex
457 302 539 341 qua
554 287 616 327 illi
632 286 812 327 abirent.
835 284 915 327 Sed
932 300 1014 340 quo
1027 286 1205 327 consilio
1218 285 1426 340 redierim,
1441 286 1566 328 initio

194 356 213 385 9
229 346 422 399 audistis,
448 349 548 400 post
574 344 678 386 estis
700 344 874 399 experti.
913 343 1224 398 Exspectatum
1243 344 1377 400 igitur
1397 347 1567 399 tempus

229 419 254 446 a
277 403 414 446 Bruto
436 406 511 445 cst.
557 403 681 457 Nam,
706 403 845 457 quoad
864 416 940 444 vos
960 403 1101 444 omnia
1122 403 1212 457 pati
1233 402 1352 457 vidit,
1377 417 1479 445 usus
1500 406 1567 445 est

229 464 318 518 ipse
340 462 579 505 incredibili
599 461 827 517 patientia3
851 464 1131 516 posteaquam
1152 476 1226 503 vos
1247 461 1299 503 ad
1318 461 1564 504 libertatem
1601 473 1618 500 ε

228 522 363 563 sensit
395 524 578 575 erectos,
610 520 823 575 praesidia
854 523 1020 562 vestrae
1052 520 1245 561 libertati
1275 520 1454 575 paravit.

160 575 223 631 (4)
314 579 375 621 At
390 580 457 622 cui
471 580 583 634 pesti
599 582 867 633 quantaeque
882 579 1061 620 restitit!
1092 577 1137 621 Si
1152 579 1265 620 enim
1279 577 1324 621 C.
1339 577 1567 634 Antonius,

228 639 339 693 quod
378 639 519 680 animo
541 638 811 688 intenderat,
848 637 1049 692 perficere
1082 638 1297 692 potuisset
1332 635 1566 694 (potuisset

227 701 383 752 autem,
401 697 486 739 nisi
506 697 596 738 eius
612 696 761 739 sceleri
776 696 911 738 virtus
926 695 982 737 M.
996 695 1121 738 Bruti
1137 695 1409 751 obstitisset),
1429 695 1565 738 Mace-

226 756 414 810 doniam,
447 756 686 810 Illyricum,
719 754 942 797 Graeciam
972 755 1323 810 perdidissemus3
1354 757 1467 797 esset
1497 756 1563 798 vel
1585 767 1618 792 ιο

226 815 542 869 receptaculum
583 814 709 870 pulso
747 813 937 855 Antonio
978 813 1045 855 vel
1085 827 1217 869 agger
1254 814 1564 870 oppugnandae

226 873 378 915 Italiae
413 872 609 927 Graecia3
645 887 750 928 quae
784 872 954 927 quidem
984 887 1095 914 nunc
1127 872 1182 913 M.
1215 872 1340 914 Bruti
1372 872 1564 927 imperio,

226 932 501 985 auctoritate,
551 932 685 986 copiis
727 938 814 973 non'
856 931 1068 973 instructa
1110 931 1267 985 solum,
1317 931 1390 973 sed
1433 931 1564 973 etiam

226 993 377 1033 ornata
408 991 545 1033 tendit
577 991 793 1032 dexteram
819 989 970 1031 Italiae
1003 1004 1210 1045 suumque
1239 990 1276 1031 ei
1303 989 1563 1045 praesidium

224 1050 470 1104 pollicetur3
515 1050 626 1104 quod
665 1049 736 1104 qui
775 1049 828 1090 ab
866 1048 941 1090 illo
980 1049 1153 1090 abducit
1191 1048 1479 1103 [exercitum],
1519 1052 1562 1090 et
1584 1060 1616 1087 ω

225 1111 467 1163 respectum
510 1108 845 1162 pulcherrimum
889 1110 932 1149 et
971 1107 1232 1162 praesidium
1268 1107 1563 1149 firmissimum

170 1179 210 1207 10
226 1167 378 1208 adimit
416 1167 478 1208 rei
514 1167 722 1221 publicae.
784 1166 995 1220 Equidem
1031 1166 1154 1220 cupio
1186 1166 1290 1208 haec
1322 1180 1449 1221 quam
1479 1166 1562 1221 pri-

225 1241 343 1267 mum
375 1226 615 1267 Antonium
647 1225 804 1278 audire,
837 1227 884 1266 ut
916 1224 1140 1280 intellegat
1170 1239 1256 1266 non
1288 1224 1338 1266 D.
1366 1224 1562 1279 Brutum,

183 1288 208 1329 5
226 1299 351 1338 quem
383 1284 495 1326 vallo
527 1284 846 1337 circumsedeat,
879 1283 950 1325 sed
977 1297 1020 1325 se
1047 1284 1188 1337 ipsum
1215 1283 1412 1325 obsideri.
1461 1282 1562 1324 Tria

225 1345 343 1384 tenet
376 1342 532 1396 oppida
563 1345 656 1384 toto
684 1343 728 1383 in
761 1342 861 1383 orbe
893 1344 1122 1395 terrarum,
1158 1341 1290 1383 habet
1320 1341 1559 1384 inimicissi-
1581 1354 1614 1379 20

225 1415 337 1442 mam
371 1400 569 1454 Galliam,
603 1415 675 1442 eos
709 1400 850 1453 etiam,
883 1400 1037 1454 quibus
1070 1400 1323 1454 confidebat,
1354 1400 1561 1442 alienissi-

224 1474 335 1514 mos,
372 1459 719 1513 Transpadanos3
757 1458 885 1500 Italia
917 1458 1054 1499 omnis
1087 1457 1242 1500 infesta
1274 1461 1358 1513 est3
1391 1461 1559 1500 exterae

223 1519 419 1560 nationes
463 1532 489 1559 a
524 1517 663 1572 prima
701 1532 775 1558 ora
813 1515 1013 1558 Graeciae
1052 1530 1184 1571 usque
1223 1517 1273 1558 ad
1312 1517 1560 1573 Aegyptum

225 1577 486 1632 optimorum
518 1579 561 1618 et
591 1576 926 1618 fortissimorum
958 1575 1114 1617 civium
1146 1575 1337 1630 imperiis
1370 1578 1412 1618 et
1443 1590 1559 1630 prae-

224 1636 342 1677 sidiis
375 1637 585 1677 tenentur.
647 1634 754 1675 Erat
785 1634 823 1675 ei
855 1648 950 1688 spes
983 1648 1068 1675 una
1099 1634 1142 1675 in
1174 1633 1217 1676 C.
1250 1634 1454 1689 Antonio,
1486 1635 1557 1690 qui
1579 1647 1612 1673 2⁵

224 1695 404 1736 duorum
453 1693 637 1735 fratrum
683 1693 898 1734 aetatibus
942 1693 1104 1734 medius
1148 1693 1398 1734 interiectus
1441 1693 1558 1735 vitiis

224 1768 320 1795 cum
362 1756 544 1807 utroque
589 1752 793 1794 certabat.
860 1750 904 1792 Is
942 1754 1163 1805 tamquam
1202 1751 1498 1793 extruderetur
1534 1766 1559 1793 a

154 1814 373 1911 (703an
398 1810 761 1911 ᾞαΜῆοὲἓὲἒῗω
771 1810 1558 1917 (3311ἶοῖ1Ξῗῗζῖαέωὲἰῖἶὲἷὲἶῶῗ

168 1907 205 1935 ¹¹
225 1885 570 1983 quffgl'flamgg,
622 1901 727 1982 quae
777 1927 975 1981 vastitas,
1007 1884 1130 1981 pquae
1159 1902 1309 1981 'pestis
1354 1883 1557 1969 Graecias}
1574 1939 1609 1965 so

223 1988 392 2041 fuisset,
446 1987 530 2028 nisi
585 1986 846 2028 incredibilis
903 2000 950 2027 ac
999 1985 1141 2026 divina
1190 1985 1325 2027 virtus
1373 1984 1555 2028 furentis

222 2046 408 2088 hominis
440 2048 640 2088 conatum
673 2047 800 2098 atque
828 2044 1046 2085 audaciam
1075 2044 1415 2098 compressisset!
1449 2058 1555 2098 quae

223 2105 419 2147 celeritas
452 2104 526 2145 illa
556 2103 699 2157 Bruti,
735 2117 839 2158 quae
873 2117 988 2155 cura,
1022 2116 1125 2157 quae
1159 2102 1313 2144 virtus!
1373 2101 1471 2144 Etsi
1501 2117 1554 2144 118
1591 2140 1594 2143 ,

223 2163 267 2206 C.
306 2163 476 2218 quidem
514 2162 677 2204 Antoni
720 2161 914 2204 celeritas
957 2161 1263 2203 contemnenda
1300 2163 1382 2214 est,
1425 2173 1554 2214 quam

222 2223 305 2263 nisi
342 2237 386 2263 111
424 2221 491 2262 via
529 2221 708 2263 caducae
745 2219 1005 2261 hereditates
1043 2219 1347 2273 retardassent,
1386 2218 1551 2261 volasse
1571 2230 1606 2257 ιε
1666 2243 1671 2268 ,

222 2294 336 2334 cum,
378 2294 464 2321 non
506 2279 589 2321 iter
631 2278 781 2321 fecisse
826 2278 997 2320 diceres.
1070 2277 1192 2319 Alios
1237 2277 1288 2318 ad
1329 2277 1552 2331 negotium

222 2338 441 2390 publicum
484 2338 545 2379 ire
590 2352 684 2379 cum
729 2336 938 2392 cupimus,
982 2336 1052 2378 vix
1095 2335 1280 2377 solemus
1318 2335 1552 2389 extrudere,
