<?xml version="1.0" encoding="UTF-8"?>
<!DOCTYPE html PUBLIC "-//W3C//DTD XHTML 1.0 Transitional//EN"
    "http://www.w3.org/TR/xhtml1/DTD/xhtml1-transitional.dtd">
<html xmlns="http://www.w3.org/1999/xhtml" xml:lang="en" lang="en">
 <head>
  <title>
</title>
<meta http-equiv="Content-Type" content="text/html;charset=utf-8" />
  <meta name='ocr-system' content='tesseract 3.04.00' />
  <meta name='ocr-capabilities' content='ocr_page ocr_carea ocr_par ocr_line ocrx_word'/>
</head>
<body>
  <div class='ocr_page' id='page_1' title='image "./p3scriptaquaemanse02ciceuoft_0221.png"; bbox 0 0 1671 2543; ppageno 0'>
   <div class='ocr_carea' id='block_1_1' title="bbox 542 83 1446 126">
    <p class='ocr_par' dir='ltr' id='par_1_1' title="bbox 542 83 1446 126">
     <span class='ocr_line' id='line_1_1' title="bbox 542 83 1446 126; baseline -0.002 -8"><span class='ocrx_word' id='word_1_1' title='bbox 542 83 639 118; x_wconf 83' lang='lat' dir='ltr'><strong>CAP.</strong></span> <span class='ocrx_word' id='word_1_2' title='bbox 670 87 804 118; x_wconf 81' lang='lat'><strong>16—17</strong></span> <span class='ocrx_word' id='word_1_3' title='bbox 831 87 850 126; x_wconf 62' lang='lat' dir='ltr'>s</span> <span class='ocrx_word' id='word_1_4' title='bbox 875 86 1024 119; x_wconf 79' lang='lat'><strong>38—41.</strong></span> <span class='ocrx_word' id='word_1_5' title='bbox 1392 84 1446 124; x_wconf 78' lang='lat'>81</span> 
     </span>
    </p>
   </div>
   <div class='ocr_carea' id='block_1_2' title="bbox 70 189 1455 1883">
    <p class='ocr_par' dir='ltr' id='par_1_2' title="bbox 70 189 1455 1883">
     <span class='ocr_line' id='line_1_2' title="bbox 121 189 1449 247; baseline -0.002 -13"><span class='ocrx_word' id='word_1_6' title='bbox 121 207 247 247; x_wconf 89' lang='lat' dir='ltr'>opere</span> <span class='ocrx_word' id='word_1_7' title='bbox 278 192 424 233; x_wconf 89' lang='lat' dir='ltr'>laudes</span> <span class='ocrx_word' id='word_1_8' title='bbox 456 194 499 233; x_wconf 93' lang='lat' dir='ltr'>et</span> <span class='ocrx_word' id='word_1_9' title='bbox 525 191 762 233; x_wconf 88' lang='lat' dir='ltr'>clarissimo</span> <span class='ocrx_word' id='word_1_10' title='bbox 789 190 880 231; x_wconf 86' lang='lat' dir='ltr'>viro</span> <span class='ocrx_word' id='word_1_11' title='bbox 905 204 993 232; x_wconf 91' lang='lat' dir='ltr'>non</span> <span class='ocrx_word' id='word_1_12' title='bbox 1016 189 1179 231; x_wconf 87' lang='lat' dir='ltr'>nullam</span> <span class='ocrx_word' id='word_1_13' title='bbox 1204 189 1449 231; x_wconf 69' lang='lat' dir='ltr'>laudatione</span> 
     </span>
     <span class='ocr_line' id='line_1_3' title="bbox 121 247 1447 304; baseline -0.002 -12"><span class='ocrx_word' id='word_1_14' title='bbox 121 254 197 292; x_wconf 86' lang='lat' dir='ltr'>tua</span> <span class='ocrx_word' id='word_1_15' title='bbox 238 251 475 292; x_wconf 82' lang='lat' dir='ltr'>labeculam</span> <span class='ocrx_word' id='word_1_16' title='bbox 517 250 747 304; x_wconf 82' lang='lat' dir='ltr'>adspergas</span> <span class='ocrx_word' id='word_1_17' title='bbox 793 247 855 304; x_wconf 83' lang='grc'><strong>(111</strong></span> <span class='ocrx_word' id='word_1_18' title='bbox 897 249 1070 290; x_wconf 89' lang='lat' dir='ltr'>illorum</span> <span class='ocrx_word' id='word_1_19' title='bbox 1113 249 1227 289; x_wconf 89' lang='lat' dir='ltr'>enim</span> <span class='ocrx_word' id='word_1_20' title='bbox 1268 263 1447 290; x_wconf 88' lang='lat' dir='ltr'>numero</span> 
     </span>
     <span class='ocr_line' id='line_1_4' title="bbox 122 305 1449 373; baseline -0.002 -23"><span class='ocrx_word' id='word_1_21' title='bbox 122 310 285 350; x_wconf 87' lang='lat' dir='ltr'>mavult</span> <span class='ocrx_word' id='word_1_22' title='bbox 315 309 360 350; x_wconf 89' lang='lat' dir='ltr'>T.</span> <span class='ocrx_word' id='word_1_23' title='bbox 392 308 556 350; x_wconf 80' lang='lat' dir='ltr'>Annius</span> <span class='ocrx_word' id='word_1_24' title='bbox 589 322 692 373; x_wconf 79' lang='lat' dir='ltr'>esse,</span> <span class='ocrx_word' id='word_1_25' title='bbox 725 307 797 361; x_wconf 89' lang='lat' dir='ltr'>qui</span> <span class='ocrx_word' id='word_1_26' title='bbox 823 321 849 348; x_wconf 87' lang='lat' dir='ltr'>a</span> <span class='ocrx_word' id='word_1_27' title='bbox 874 310 916 348; x_wconf 89' lang='lat' dir='ltr'>te</span> <span class='ocrx_word' id='word_1_28' title='bbox 941 305 1269 362; x_wconf 72' lang='lat' dir='ltr'>vituperantur),</span> <span class='ocrx_word' id='word_1_29' title='bbox 1300 322 1449 348; x_wconf 82' lang='lat' dir='ltr'>verum</span> 
     </span>
     <span class='ocr_line' id='line_1_5' title="bbox 123 365 1451 421; baseline -0.002 -12"><span class='ocrx_word' id='word_1_30' title='bbox 123 370 266 409; x_wconf 88' lang='lat' dir='ltr'>tamen</span> <span class='ocrx_word' id='word_1_31' title='bbox 310 382 484 421; x_wconf 83' lang='lat' dir='ltr'>quaero,</span> <span class='ocrx_word' id='word_1_32' title='bbox 528 381 623 408; x_wconf 87' lang='lat' dir='ltr'>cum</span> <span class='ocrx_word' id='word_1_33' title='bbox 660 367 705 407; x_wconf 88' lang='lat' dir='ltr'>in</span> <span class='ocrx_word' id='word_1_34' title='bbox 741 380 785 406; x_wconf 89' lang='lat' dir='ltr'>re</span> <span class='ocrx_word' id='word_1_35' title='bbox 822 366 995 419; x_wconf 89' lang='lat' dir='ltr'>publica</span> <span class='ocrx_word' id='word_1_36' title='bbox 1031 366 1368 406; x_wconf 82' lang='lat' dir='ltr'>administranda</span> <span class='ocrx_word' id='word_1_37' title='bbox 1404 365 1451 407; x_wconf 89' lang='lat' dir='ltr'>T.</span> 
     </span>
     <span class='ocr_line' id='line_1_6' title="bbox 85 424 1449 468; baseline -0.001 -3"><span class='ocrx_word' id='word_1_38' title='bbox 85 426 264 468; x_wconf 62' lang='lat' dir='ltr'>§.Annio</span> <span class='ocrx_word' id='word_1_39' title='bbox 309 441 403 467; x_wconf 92' lang='lat' dir='ltr'>cum</span> <span class='ocrx_word' id='word_1_40' title='bbox 440 425 486 467; x_wconf 92' lang='lat' dir='ltr'>P.</span> <span class='ocrx_word' id='word_1_41' title='bbox 527 425 668 467; x_wconf 82' lang='lat' dir='ltr'>Sestio</span> <span class='ocrx_word' id='word_1_42' title='bbox 714 424 989 465; x_wconf 87' lang='lat' dir='ltr'>consiliorum</span> <span class='ocrx_word' id='word_1_43' title='bbox 1033 424 1222 465; x_wconf 90' lang='lat' dir='ltr'>omnium</span> <span class='ocrx_word' id='word_1_44' title='bbox 1267 424 1449 465; x_wconf 87' lang='lat' dir='ltr'>societas</span> 
     </span>
     <span class='ocr_line' id='line_1_7' title="bbox 121 483 1451 538; baseline -0.002 -13"><span class='ocrx_word' id='word_1_45' title='bbox 121 484 252 525; x_wconf 86' lang='lat' dir='ltr'>fuerit</span> <span class='ocrx_word' id='word_1_46' title='bbox 295 484 356 538; x_wconf 91' lang='lat' dir='ltr'>(id</span> <span class='ocrx_word' id='word_1_47' title='bbox 400 484 511 538; x_wconf 92' lang='lat' dir='ltr'>quod</span> <span class='ocrx_word' id='word_1_48' title='bbox 553 498 639 524; x_wconf 88' lang='lat' dir='ltr'>non</span> <span class='ocrx_word' id='word_1_49' title='bbox 683 483 821 524; x_wconf 91' lang='lat' dir='ltr'>solum</span> <span class='ocrx_word' id='word_1_50' title='bbox 864 483 1092 536; x_wconf 88' lang='lat' dir='ltr'>bonorum,</span> <span class='ocrx_word' id='word_1_51' title='bbox 1135 497 1282 524; x_wconf 86' lang='lat' dir='ltr'>verum</span> <span class='ocrx_word' id='word_1_52' title='bbox 1320 483 1451 523; x_wconf 89' lang='lat' dir='ltr'>etiam</span> 
     </span>
     <span class='ocr_line' id='line_1_8' title="bbox 122 541 1450 597; baseline -0.002 -13"><span class='ocrx_word' id='word_1_53' title='bbox 122 543 400 597; x_wconf 88' lang='lat' dir='ltr'>inproborum</span> <span class='ocrx_word' id='word_1_54' title='bbox 442 543 597 584; x_wconf 88' lang='lat' dir='ltr'>iudicio</span> <span class='ocrx_word' id='word_1_55' title='bbox 641 542 903 583; x_wconf 89' lang='lat' dir='ltr'>declaratum</span> <span class='ocrx_word' id='word_1_56' title='bbox 946 544 1032 595; x_wconf 83' lang='lat' dir='ltr'>est3</span> <span class='ocrx_word' id='word_1_57' title='bbox 1087 544 1153 582; x_wconf 89' lang='lat' dir='ltr'>est</span> <span class='ocrx_word' id='word_1_58' title='bbox 1196 541 1310 582; x_wconf 89' lang='lat' dir='ltr'>enim</span> <span class='ocrx_word' id='word_1_59' title='bbox 1354 555 1450 582; x_wconf 87' lang='lat' dir='ltr'>reus</span> 
     </span>
     <span class='ocr_line' id='line_1_9' title="bbox 122 600 1451 655; baseline -0.002 -12"><span class='ocrx_word' id='word_1_60' title='bbox 122 604 299 655; x_wconf 87' lang='lat' dir='ltr'>uterque</span> <span class='ocrx_word' id='word_1_61' title='bbox 338 602 391 642; x_wconf 92' lang='lat' dir='ltr'>ob</span> <span class='ocrx_word' id='word_1_62' title='bbox 431 601 606 643; x_wconf 87' lang='lat' dir='ltr'>eandem</span> <span class='ocrx_word' id='word_1_63' title='bbox 644 615 817 642; x_wconf 89' lang='lat' dir='ltr'>causam</span> <span class='ocrx_word' id='word_1_64' title='bbox 855 603 898 641; x_wconf 91' lang='lat' dir='ltr'>et</span> <span class='ocrx_word' id='word_1_65' title='bbox 930 600 1078 640; x_wconf 90' lang='lat' dir='ltr'>eodem</span> <span class='ocrx_word' id='word_1_66' title='bbox 1109 600 1303 653; x_wconf 84' lang='lat' dir='ltr'>crimine,</span> <span class='ocrx_word' id='word_1_67' title='bbox 1341 600 1451 640; x_wconf 87' lang='lat' dir='ltr'>alter</span> 
     </span>
     <span class='ocr_line' id='line_1_10' title="bbox 122 658 1450 714; baseline -0.002 -13"><span class='ocrx_word' id='word_1_68' title='bbox 122 660 188 701; x_wconf 90' lang='lat' dir='ltr'>die</span> <span class='ocrx_word' id='word_1_69' title='bbox 214 660 327 701; x_wconf 81' lang='lat' dir='ltr'>dicta</span> <span class='ocrx_word' id='word_1_70' title='bbox 352 660 405 701; x_wconf 90' lang='lat' dir='ltr'>ab</span> <span class='ocrx_word' id='word_1_71' title='bbox 432 674 494 714; x_wconf 92' lang='lat' dir='ltr'>eo,</span> <span class='ocrx_word' id='word_1_72' title='bbox 520 673 645 713; x_wconf 90' lang='lat' dir='ltr'>quem</span> <span class='ocrx_word' id='word_1_73' title='bbox 670 662 718 699; x_wconf 90' lang='lat' dir='ltr'>tu</span> <span class='ocrx_word' id='word_1_74' title='bbox 736 673 868 699; x_wconf 88' lang='lat' dir='ltr'>unum</span> <span class='ocrx_word' id='word_1_75' title='bbox 887 658 1192 712; x_wconf 83' lang='lat' dir='ltr'>improbiorem</span> <span class='ocrx_word' id='word_1_76' title='bbox 1212 673 1302 699; x_wconf 90' lang='lat' dir='ltr'>esse</span> <span class='ocrx_word' id='word_1_77' title='bbox 1324 673 1450 712; x_wconf 87' lang='lat' dir='ltr'>quam</span> 
     </span>
     <span class='ocr_line' id='line_1_11' title="bbox 70 717 1451 772; baseline -0.001 -14"><span class='ocrx_word' id='word_1_78' title='bbox 70 734 103 758; x_wconf 93' lang='lat'>10</span> <span class='ocrx_word' id='word_1_79' title='bbox 123 721 165 759; x_wconf 89' lang='lat' dir='ltr'>te</span> <span class='ocrx_word' id='word_1_80' title='bbox 198 731 282 760; x_wconf 75' lang='lat' dir='ltr'>non</span> <span class='ocrx_word' id='word_1_81' title='bbox 323 732 557 772; x_wconf 87' lang='lat' dir='ltr'>numquam</span> <span class='ocrx_word' id='word_1_82' title='bbox 595 717 706 759; x_wconf 91' lang='lat' dir='ltr'>soles</span> <span class='ocrx_word' id='word_1_83' title='bbox 739 717 950 771; x_wconf 88' lang='lat' dir='ltr'>confiteri,</span> <span class='ocrx_word' id='word_1_84' title='bbox 989 717 1098 757; x_wconf 88' lang='lat' dir='ltr'>alter</span> <span class='ocrx_word' id='word_1_85' title='bbox 1129 717 1214 758; x_wconf 91' lang='lat' dir='ltr'>tuis</span> <span class='ocrx_word' id='word_1_86' title='bbox 1248 717 1451 770; x_wconf 88' lang='lat' dir='ltr'>consiliis,</span> 
     </span>
     <span class='ocr_line' id='line_1_12' title="bbox 122 774 1450 830; baseline -0.002 -12"><span class='ocrx_word' id='word_1_87' title='bbox 122 777 196 818; x_wconf 95' lang='grc'><strong>1110</strong></span> <span class='ocrx_word' id='word_1_88' title='bbox 229 779 374 818; x_wconf 86' lang='lat' dir='ltr'>tamen</span> <span class='ocrx_word' id='word_1_89' title='bbox 405 774 648 830; x_wconf 81' lang='lat' dir='ltr'>adiuvante)</span> <span class='ocrx_word' id='word_1_90' title='bbox 679 799 727 805; x_wconf 93' lang='lat'>—-</span> <span class='ocrx_word' id='word_1_91' title='bbox 758 790 928 829; x_wconf 87' lang='lat' dir='ltr'>quaero,</span> <span class='ocrx_word' id='word_1_92' title='bbox 961 775 1033 829; x_wconf 91' lang='lat' dir='ltr'>qui</span> <span class='ocrx_word' id='word_1_93' title='bbox 1058 775 1199 829; x_wconf 90' lang='lat' dir='ltr'>possis</span> <span class='ocrx_word' id='word_1_94' title='bbox 1227 789 1311 829; x_wconf 89' lang='lat' dir='ltr'>eos,</span> <span class='ocrx_word' id='word_1_95' title='bbox 1344 789 1450 829; x_wconf 89' lang='lat' dir='ltr'>quos</span> 
     </span>
     <span class='ocr_line' id='line_1_13' title="bbox 124 833 1451 889; baseline -0.002 -13"><span class='ocrx_word' id='word_1_96' title='bbox 124 835 299 877; x_wconf 87' lang='lat' dir='ltr'>crimine</span> <span class='ocrx_word' id='word_1_97' title='bbox 337 835 579 889; x_wconf 85' lang='lat' dir='ltr'>coniungis,</span> <span class='ocrx_word' id='word_1_98' title='bbox 616 834 863 875; x_wconf 86' lang='lat' dir='ltr'>testimonio</span> <span class='ocrx_word' id='word_1_99' title='bbox 902 834 1131 888; x_wconf 89' lang='lat' dir='ltr'>diiungere.</span> <span class='ocrx_word' id='word_1_100' title='bbox 1198 833 1451 874; x_wconf 84' lang='lat' dir='ltr'>Extremum</span> 
     </span>
     <span class='ocr_line' id='line_1_14' title="bbox 122 892 1451 948; baseline -0.002 -14"><span class='ocrx_word' id='word_1_101' title='bbox 122 894 228 935; x_wconf 89' lang='lat' dir='ltr'>illud</span> <span class='ocrx_word' id='word_1_102' title='bbox 271 896 355 947; x_wconf 89' lang='lat' dir='ltr'>est,</span> <span class='ocrx_word' id='word_1_103' title='bbox 399 894 512 948; x_wconf 89' lang='lat' dir='ltr'>quod</span> <span class='ocrx_word' id='word_1_104' title='bbox 548 893 653 934; x_wconf 90' lang='lat' dir='ltr'>mihi</span> <span class='ocrx_word' id='word_1_105' title='bbox 691 893 768 933; x_wconf 90' lang='lat' dir='ltr'>abs</span> <span class='ocrx_word' id='word_1_106' title='bbox 804 896 847 933; x_wconf 93' lang='lat' dir='ltr'>te</span> <span class='ocrx_word' id='word_1_107' title='bbox 883 893 1128 946; x_wconf 88' lang='lat' dir='ltr'>responderi</span> <span class='ocrx_word' id='word_1_108' title='bbox 1165 892 1311 943; x_wconf 86' lang='lat' dir='ltr'>velim,</span> <span class='ocrx_word' id='word_1_109' title='bbox 1355 906 1451 933; x_wconf 89' lang='lat' dir='ltr'>cum</span> 
     </span>
     <span class='ocr_line' id='line_1_15' title="bbox 123 950 1452 1005; baseline -0.002 -12"><span class='ocrx_word' id='word_1_110' title='bbox 123 952 260 993; x_wconf 91' lang='lat' dir='ltr'>multa</span> <span class='ocrx_word' id='word_1_111' title='bbox 308 952 353 993; x_wconf 90' lang='lat' dir='ltr'>in</span> <span class='ocrx_word' id='word_1_112' title='bbox 400 952 718 994; x_wconf 85' lang='lat' dir='ltr'>Albinovanum</span> <span class='ocrx_word' id='word_1_113' title='bbox 767 951 816 991; x_wconf 92' lang='lat' dir='ltr'>de</span> <span class='ocrx_word' id='word_1_114' title='bbox 865 951 1229 1005; x_wconf 86' lang='lat' dir='ltr'>praevaricatione</span> <span class='ocrx_word' id='word_1_115' title='bbox 1279 950 1452 1004; x_wconf 82' lang='lat' dir='ltr'>diceres,</span> 
     </span>
     <span class='ocr_line' id='line_1_16' title="bbox 71 1007 1450 1064; baseline -0.001 -14"><span class='ocrx_word' id='word_1_116' title='bbox 71 1025 104 1051; x_wconf 86' lang='lat'>15</span> <span class='ocrx_word' id='word_1_117' title='bbox 124 1011 333 1052; x_wconf 82' lang='lat' dir='ltr'>dixerisne</span> <span class='ocrx_word' id='word_1_118' title='bbox 376 1025 454 1052; x_wconf 90' lang='lat' dir='ltr'>nec</span> <span class='ocrx_word' id='word_1_119' title='bbox 497 1010 578 1051; x_wconf 87' lang='lat' dir='ltr'>tibi</span> <span class='ocrx_word' id='word_1_120' title='bbox 621 1010 830 1064; x_wconf 86' lang='lat' dir='ltr'>placuisse</span> <span class='ocrx_word' id='word_1_121' title='bbox 867 1024 944 1051; x_wconf 90' lang='lat' dir='ltr'>nec</span> <span class='ocrx_word' id='word_1_122' title='bbox 982 1009 1223 1063; x_wconf 86' lang='lat' dir='ltr'>oportuisse</span> <span class='ocrx_word' id='word_1_123' title='bbox 1263 1007 1450 1050; x_wconf 81' lang='lat' dir='ltr'>Sestium</span> 
     </span>
     <span class='ocr_line' id='line_1_17' title="bbox 124 1067 1452 1122; baseline -0.003 -11"><span class='ocrx_word' id='word_1_124' title='bbox 124 1069 173 1111; x_wconf 92' lang='lat' dir='ltr'>de</span> <span class='ocrx_word' id='word_1_125' title='bbox 204 1069 247 1110; x_wconf 83' lang='lat' dir='ltr'>vi</span> <span class='ocrx_word' id='word_1_126' title='bbox 278 1084 398 1110; x_wconf 90' lang='lat' dir='ltr'>reum</span> <span class='ocrx_word' id='word_1_127' title='bbox 423 1068 533 1122; x_wconf 67' lang='lat' dir='ltr'>fieri,</span> <span class='ocrx_word' id='word_1_128' title='bbox 565 1068 712 1122; x_wconf 85' lang='lat' dir='ltr'>quavis</span> <span class='ocrx_word' id='word_1_129' title='bbox 738 1069 844 1122; x_wconf 91' lang='lat' dir='ltr'>lege,</span> <span class='ocrx_word' id='word_1_130' title='bbox 876 1067 1026 1121; x_wconf 86' lang='lat' dir='ltr'>quovis</span> <span class='ocrx_word' id='word_1_131' title='bbox 1053 1067 1228 1108; x_wconf 89' lang='lat' dir='ltr'>crimine</span> <span class='ocrx_word' id='word_1_132' title='bbox 1256 1082 1452 1108; x_wconf 86' lang='lat' dir='ltr'>accusan-</span> 
     </span>
     <span class='ocr_line' id='line_1_18' title="bbox 124 1125 1452 1181; baseline -0.003 -12"><span class='ocrx_word' id='word_1_133' title='bbox 124 1129 224 1169; x_wconf 91' lang='lat' dir='ltr'>dum</span> <span class='ocrx_word' id='word_1_134' title='bbox 249 1128 392 1181; x_wconf 89' lang='lat' dir='ltr'>potius</span> <span class='ocrx_word' id='word_1_135' title='bbox 418 1127 568 1181; x_wconf 69' lang='lat' dir='ltr'>fuisse,</span> <span class='ocrx_word' id='word_1_136' title='bbox 594 1127 724 1167; x_wconf 86' lang='lat' dir='ltr'>etiam</span> <span class='ocrx_word' id='word_1_137' title='bbox 748 1127 855 1167; x_wconf 90' lang='lat' dir='ltr'>illud</span> <span class='ocrx_word' id='word_1_138' title='bbox 881 1125 1048 1180; x_wconf 85' lang='lat' dir='ltr'>dixeris,</span> <span class='ocrx_word' id='word_1_139' title='bbox 1074 1140 1245 1167; x_wconf 90' lang='lat' dir='ltr'>causam</span> <span class='ocrx_word' id='word_1_140' title='bbox 1265 1125 1452 1179; x_wconf 87' lang='lat' dir='ltr'>Milonis,</span> 
     </span>
     <span class='ocr_line' id='line_1_19' title="bbox 123 1184 1451 1239; baseline -0.002 -12"><span class='ocrx_word' id='word_1_141' title='bbox 123 1186 350 1228; x_wconf 85' lang='lat' dir='ltr'>fortissimi</span> <span class='ocrx_word' id='word_1_142' title='bbox 381 1186 478 1239; x_wconf 87' lang='lat' dir='ltr'>viri,</span> <span class='ocrx_word' id='word_1_143' title='bbox 517 1186 786 1227; x_wconf 77' lang='lat' dir='ltr'>coniunctam</span> <span class='ocrx_word' id='word_1_144' title='bbox 819 1199 914 1226; x_wconf 94' lang='lat' dir='ltr'>cum</span> <span class='ocrx_word' id='word_1_145' title='bbox 945 1185 1027 1226; x_wconf 90' lang='grc'><strong>1106</strong></span> <span class='ocrx_word' id='word_1_146' title='bbox 1058 1184 1312 1238; x_wconf 67' lang='lat' dir='ltr'>existimari,</span> <span class='ocrx_word' id='word_1_147' title='bbox 1345 1198 1451 1237; x_wconf 87' lang='lat' dir='ltr'>quae</span> 
     </span>
     <span class='ocr_line' id='line_1_20' title="bbox 123 1241 1454 1299; baseline -0.003 -13"><span class='ocrx_word' id='word_1_148' title='bbox 123 1260 201 1299; x_wconf 90' lang='lat' dir='ltr'>pro</span> <span class='ocrx_word' id='word_1_149' title='bbox 239 1259 305 1286; x_wconf 95' lang='lat' dir='ltr'>me</span> <span class='ocrx_word' id='word_1_150' title='bbox 344 1259 368 1285; x_wconf 92' lang='lat' dir='ltr'>a</span> <span class='ocrx_word' id='word_1_151' title='bbox 407 1243 546 1285; x_wconf 84' lang='lat' dir='ltr'>Sestio</span> <span class='ocrx_word' id='word_1_152' title='bbox 584 1243 699 1285; x_wconf 86' lang='lat' dir='ltr'>facta</span> <span class='ocrx_word' id='word_1_153' title='bbox 735 1244 839 1297; x_wconf 88' lang='lat' dir='ltr'>sint,</span> <span class='ocrx_word' id='word_1_154' title='bbox 877 1243 1001 1284; x_wconf 81' lang='lat' dir='ltr'>bonis</span> <span class='ocrx_word' id='word_1_155' title='bbox 1034 1257 1124 1284; x_wconf 89' lang='lat' dir='ltr'>esse</span> <span class='ocrx_word' id='word_1_156' title='bbox 1157 1246 1292 1297; x_wconf 85' lang='lat' dir='ltr'>grata.</span> <span class='ocrx_word' id='word_1_157' title='bbox 1353 1241 1454 1283; x_wconf 86' lang='lat' dir='ltr'>Non</span> 
     </span>
     <span class='ocr_line' id='line_1_21' title="bbox 71 1277 1453 1358; baseline -0.002 -15"><span class='ocrx_word' id='word_1_158' title='bbox 71 1319 105 1343; x_wconf 84' lang='lat'>20</span> <span class='ocrx_word' id='word_1_159' title='bbox 125 1317 310 1358; x_wconf 81' lang='lat' dir='ltr'>coarguo</span> <span class='ocrx_word' id='word_1_160' title='bbox 365 1302 699 1344; x_wconf 83' lang='lat' dir='ltr'>inconstantiam</span> <span class='ocrx_word' id='word_1_161' title='bbox 748 1277 955 1343; x_wconf 82' lang='lat' dir='ltr'>orationis</span> <span class='ocrx_word' id='word_1_162' title='bbox 1006 1316 1054 1342; x_wconf 91' lang='lat' dir='ltr'>ac</span> <span class='ocrx_word' id='word_1_163' title='bbox 1102 1300 1340 1342; x_wconf 89' lang='lat' dir='ltr'>testimonii</span> <span class='ocrx_word' id='word_1_164' title='bbox 1388 1300 1453 1341; x_wconf 91' lang='lat' dir='ltr'>tui</span> 
     </span>
     <span class='ocr_line' id='line_1_22' title="bbox 125 1359 1452 1418; baseline -0.003 -15"><span class='ocrx_word' id='word_1_165' title='bbox 125 1361 248 1418; x_wconf 84' lang='lat' dir='ltr'>(quas</span> <span class='ocrx_word' id='word_1_166' title='bbox 286 1361 398 1402; x_wconf 89' lang='lat' dir='ltr'>enim</span> <span class='ocrx_word' id='word_1_167' title='bbox 434 1361 560 1402; x_wconf 92' lang='lat' dir='ltr'>huius</span> <span class='ocrx_word' id='word_1_168' title='bbox 598 1361 787 1402; x_wconf 86' lang='lat' dir='ltr'>actiones</span> <span class='ocrx_word' id='word_1_169' title='bbox 819 1361 1023 1414; x_wconf 87' lang='lat' dir='ltr'>probatas</span> <span class='ocrx_word' id='word_1_170' title='bbox 1055 1360 1179 1401; x_wconf 90' lang='lat' dir='ltr'>bonis</span> <span class='ocrx_word' id='word_1_171' title='bbox 1212 1373 1304 1400; x_wconf 91' lang='lat' dir='ltr'>esse</span> <span class='ocrx_word' id='word_1_172' title='bbox 1336 1359 1452 1412; x_wconf 87' lang='lat' dir='ltr'>dicis,</span> 
     </span>
     <span class='ocr_line' id='line_1_23' title="bbox 122 1417 1452 1483; baseline -0.003 -22"><span class='ocrx_word' id='word_1_173' title='bbox 122 1421 169 1461; x_wconf 87' lang='lat' dir='ltr'>in</span> <span class='ocrx_word' id='word_1_174' title='bbox 211 1435 282 1461; x_wconf 89' lang='lat' dir='ltr'>eas</span> <span class='ocrx_word' id='word_1_175' title='bbox 325 1420 519 1474; x_wconf 87' lang='lat' dir='ltr'>plurimis</span> <span class='ocrx_word' id='word_1_176' title='bbox 563 1419 702 1460; x_wconf 85' lang='lat' dir='ltr'>verbis</span> <span class='ocrx_word' id='word_1_177' title='bbox 741 1419 1036 1460; x_wconf 83' lang='lat' dir='ltr'>testimonium</span> <span class='ocrx_word' id='word_1_178' title='bbox 1075 1418 1237 1483; x_wconf 39' lang='lat' dir='ltr'>d-ixisti3</span> <span class='ocrx_word' id='word_1_179' title='bbox 1281 1417 1452 1482; x_wconf 82' lang='lat' dir='ltr'>quicum</span> 
     </span>
     <span class='ocr_line' id='line_1_24' title="bbox 125 1476 1451 1532; baseline -0.003 -12"><span class='ocrx_word' id='word_1_180' title='bbox 125 1481 268 1520; x_wconf 89' lang='lat' dir='ltr'>autem</span> <span class='ocrx_word' id='word_1_181' title='bbox 288 1479 376 1520; x_wconf 89' lang='lat' dir='ltr'>eius</span> <span class='ocrx_word' id='word_1_182' title='bbox 392 1493 562 1519; x_wconf 91' lang='lat' dir='ltr'>causam</span> <span class='ocrx_word' id='word_1_183' title='bbox 575 1478 894 1532; x_wconf 86' lang='lat' dir='ltr'>periculumque</span> <span class='ocrx_word' id='word_1_184' title='bbox 909 1477 1144 1532; x_wconf 87' lang='lat' dir='ltr'>coniungis,</span> <span class='ocrx_word' id='word_1_185' title='bbox 1164 1491 1261 1517; x_wconf 90' lang='lat' dir='ltr'>eum</span> <span class='ocrx_word' id='word_1_186' title='bbox 1274 1476 1451 1517; x_wconf 84' lang='lat' dir='ltr'>summis</span> 
     </span>
     <span class='ocr_line' id='line_1_25' title="bbox 124 1533 1453 1592; baseline -0.003 -14"><span class='ocrx_word' id='word_1_187' title='bbox 124 1537 321 1578; x_wconf 90' lang='lat' dir='ltr'>laudibus</span> <span class='ocrx_word' id='word_1_188' title='bbox 353 1536 581 1592; x_wconf 86' lang='lat' dir='ltr'>extulisti);</span> <span class='ocrx_word' id='word_1_189' title='bbox 619 1536 690 1577; x_wconf 89' lang='lat' dir='ltr'>sed</span> <span class='ocrx_word' id='word_1_190' title='bbox 721 1536 804 1577; x_wconf 83' lang='lat' dir='ltr'>hoc</span> <span class='ocrx_word' id='word_1_191' title='bbox 835 1550 1008 1590; x_wconf 90' lang='lat' dir='ltr'>quaero,</span> <span class='ocrx_word' id='word_1_192' title='bbox 1039 1550 1142 1576; x_wconf 92' lang='lat' dir='ltr'>num</span> <span class='ocrx_word' id='word_1_193' title='bbox 1173 1534 1219 1575; x_wconf 93' lang='lat' dir='ltr'>P.</span> <span class='ocrx_word' id='word_1_194' title='bbox 1253 1533 1453 1588; x_wconf 90' lang='lat' dir='ltr'>Sestium,</span> 
     </span>
     <span class='ocr_line' id='line_1_26' title="bbox 72 1568 1453 1650; baseline -0.002 -14"><span class='ocrx_word' id='word_1_195' title='bbox 72 1610 106 1636; x_wconf 82' lang='lat'>25</span> <span class='ocrx_word' id='word_1_196' title='bbox 127 1610 210 1649; x_wconf 89' lang='lat' dir='ltr'>qua</span> <span class='ocrx_word' id='word_1_197' title='bbox 251 1595 345 1650; x_wconf 88' lang='lat' dir='ltr'>lege</span> <span class='ocrx_word' id='word_1_198' title='bbox 383 1596 665 1636; x_wconf 85' lang='lat' dir='ltr'>accusandum</span> <span class='ocrx_word' id='word_1_199' title='bbox 702 1594 874 1635; x_wconf 81' lang='lat' dir='ltr'>omnino</span> <span class='ocrx_word' id='word_1_200' title='bbox 912 1593 1043 1634; x_wconf 79' lang='lat' dir='ltr'>fuisse</span> <span class='ocrx_word' id='word_1_201' title='bbox 1079 1607 1229 1648; x_wconf 84' lang='lat' dir='ltr'>negas,</span> <span class='ocrx_word' id='word_1_202' title='bbox 1273 1607 1323 1633; x_wconf 90' lang='lat' dir='ltr'>ea</span> <span class='ocrx_word' id='word_1_203' title='bbox 1357 1568 1453 1647; x_wconf 82' lang='lat' dir='ltr'>lege⁷</span> 
     </span>
     <span class='ocr_line' id='line_1_27' title="bbox 127 1651 1451 1707; baseline -0.002 -13"><span class='ocrx_word' id='word_1_204' title='bbox 127 1653 397 1695; x_wconf 88' lang='lat' dir='ltr'>condemnari</span> <span class='ocrx_word' id='word_1_205' title='bbox 434 1656 557 1707; x_wconf 88' lang='lat' dir='ltr'>putes</span> <span class='ocrx_word' id='word_1_206' title='bbox 597 1656 811 1706; x_wconf 32' lang='lat' dir='ltr'>oporteigye</span> <span class='ocrx_word' id='word_1_207' title='bbox 849 1655 940 1705; x_wconf 90' lang='lat' dir='ltr'>aut,</span> <span class='ocrx_word' id='word_1_208' title='bbox 978 1652 1014 1693; x_wconf 88' lang='lat' dir='ltr'>si</span> <span class='ocrx_word' id='word_1_209' title='bbox 1053 1655 1095 1692; x_wconf 89' lang='lat' dir='ltr'>te</span> <span class='ocrx_word' id='word_1_210' title='bbox 1126 1653 1172 1692; x_wconf 88' lang='lat' dir='ltr'>in</span> <span class='ocrx_word' id='word_1_211' title='bbox 1202 1651 1451 1692; x_wconf 77' lang='lat' dir='ltr'>testimonio</span> 
     </span>
     <span class='ocr_line' id='line_1_28' title="bbox 127 1709 1454 1765; baseline -0.003 -12"><span class='ocrx_word' id='word_1_212' title='bbox 127 1711 291 1754; x_wconf 88' lang='lat' dir='ltr'>consuli</span> <span class='ocrx_word' id='word_1_213' title='bbox 321 1711 452 1764; x_wconf 88' lang='lat' dir='ltr'>noles,</span> <span class='ocrx_word' id='word_1_214' title='bbox 482 1726 535 1752; x_wconf 92' lang='lat' dir='ltr'>ne</span> <span class='ocrx_word' id='word_1_215' title='bbox 567 1712 668 1765; x_wconf 87' lang='lat' dir='ltr'>quid</span> <span class='ocrx_word' id='word_1_216' title='bbox 692 1711 774 1752; x_wconf 89' lang='lat' dir='ltr'>tibi</span> <span class='ocrx_word' id='word_1_217' title='bbox 800 1710 1071 1752; x_wconf 89' lang='lat' dir='ltr'>auctoritatis</span> <span class='ocrx_word' id='word_1_218' title='bbox 1098 1724 1122 1750; x_wconf 90' lang='lat' dir='ltr'>a</span> <span class='ocrx_word' id='word_1_219' title='bbox 1147 1724 1214 1750; x_wconf 90' lang='lat' dir='ltr'>me</span> <span class='ocrx_word' id='word_1_220' title='bbox 1240 1709 1454 1750; x_wconf 89' lang='lat' dir='ltr'>tributum</span> 
     </span>
     <span class='ocr_line' id='line_1_29' title="bbox 126 1767 1455 1822; baseline -0.002 -12"><span class='ocrx_word' id='word_1_221' title='bbox 126 1784 218 1811; x_wconf 89' lang='lat' dir='ltr'>esse</span> <span class='ocrx_word' id='word_1_222' title='bbox 261 1770 471 1822; x_wconf 84' lang='lat' dir='ltr'>videatur,</span> <span class='ocrx_word' id='word_1_223' title='bbox 515 1770 722 1810; x_wconf 85' lang='lat' dir='ltr'>dixerisne</span> <span class='ocrx_word' id='word_1_224' title='bbox 760 1769 805 1810; x_wconf 82' lang='lat' dir='ltr'>’m</span> <span class='ocrx_word' id='word_1_225' title='bbox 842 1783 938 1809; x_wconf 90' lang='lat' dir='ltr'>eum</span> <span class='ocrx_word' id='word_1_226' title='bbox 976 1768 1274 1808; x_wconf 79' lang='lat' dir='ltr'>testimonium</span> <span class='ocrx_word' id='word_1_227' title='bbox 1312 1767 1361 1808; x_wconf 93' lang='lat' dir='ltr'>de</span> <span class='ocrx_word' id='word_1_228' title='bbox 1398 1767 1455 1821; x_wconf 83' lang='lat' dir='ltr'>vi,</span> 
     </span>
     <span class='ocr_line' id='line_1_30' title="bbox 127 1825 1324 1883; baseline -0.003 -14"><span class='ocrx_word' id='word_1_229' title='bbox 127 1843 253 1882; x_wconf 89' lang='lat' dir='ltr'>quem</span> <span class='ocrx_word' id='word_1_230' title='bbox 283 1827 453 1883; x_wconf 86' lang='lat' dir='ltr'>negaris</span> <span class='ocrx_word' id='word_1_231' title='bbox 485 1842 603 1868; x_wconf 87' lang='lat' dir='ltr'>reum</span> <span class='ocrx_word' id='word_1_232' title='bbox 635 1827 806 1868; x_wconf 81' lang='lat' dir='ltr'>omnino</span> <span class='ocrx_word' id='word_1_233' title='bbox 839 1827 888 1867; x_wconf 90' lang='lat' dir='ltr'>de</span> <span class='ocrx_word' id='word_1_234' title='bbox 920 1826 962 1866; x_wconf 86' lang='lat' dir='ltr'>vi</span> <span class='ocrx_word' id='word_1_235' title='bbox 992 1826 1085 1866; x_wconf 91' lang='lat' dir='ltr'>fieri</span> <span class='ocrx_word' id='word_1_236' title='bbox 1117 1825 1324 1866; x_wconf 89' lang='lat' dir='ltr'>debuisse.</span> 
     </span>
    </p>
   </div>
   <div class='ocr_carea' id='block_1_3' title="bbox 200 2362 1244 2394">
    <p class='ocr_par' dir='ltr' id='par_1_3' title="bbox 200 2362 1244 2394">
     <span class='ocr_line' id='line_1_31' title="bbox 200 2362 1244 2394; baseline 0.009 -1"><span class='ocrx_word' id='word_1_237' title='bbox 200 2367 271 2393; x_wconf 82' lang='grc'><strong>616.</strong></span> <span class='ocrx_word' id='word_1_238' title='bbox 290 2368 329 2393; x_wconf 84' lang='lat'>11.</span> <span class='ocrx_word' id='word_1_239' title='bbox 349 2368 373 2394; x_wconf 85' lang='lat'>3.</span> <span class='ocrx_word' id='word_1_240' title='bbox 1224 2362 1244 2392; x_wconf 76' lang='grc' dir='ltr'><strong>θ</strong></span> 
     </span>
    </p>
   </div>
  </div>
 </body>
</html>
