1671 2543
538 57 637 92 CAP.
665 61 802 92 30—32
829 62 848 100 ς
875 62 1022 93 72—78.
1368 59 1454 100 233

111 168 347 221 impetrare
378 166 602 220 potuisse?
664 164 778 207 Nam
810 166 938 207 istius
969 165 1089 208 verbi
1122 165 1241 221 ‘quo
1273 166 1453 221 usque'

110 226 218 267 haec
249 228 422 280 poterat
453 239 546 266 esse
577 224 753 265 invidia:
804 223 958 266 <Datus
986 227 1052 266 est
1076 225 1159 266 tibi
1185 225 1270 279 1116,
1302 225 1453 266 6011ᾶο-

108 287 238 325 natus
271 287 337 325 est
367 284 459 338 ille3
488 298 576 324 non
606 282 713 324 facis
744 283 902 324 finem‘?
937 283 1047 325 ferre
1077 298 1165 325 non
1194 283 1453 337 possumus.⁹

109 342 164 384 Ei
198 342 380 397 quidem,
413 342 498 396 qui,
528 342 635 394 quod
662 356 741 396 pro
767 356 852 383 uno
878 341 1098 396 laborarit,
1129 342 1172 383 id
1198 343 1341 407 ipsum
1365 357 1453 383 non

72 401 364 456 5optinuerit,
408 400 491 442 dici
535 399 647 454 quo
690 400 894 465 usque?
938 376 1163 442 inridentis
1207 401 1346 456 magis
1385 405 1453 442 est

109 474 238 514 quam
264 459 634 513 reprehendentis3
663 459 749 500 nisi
774 458 886 500 forte
913 473 992 514 ego
1018 473 1127 500 unus
1153 460 1216 500 ita
1241 474 1308 501 me
1335 461 1451 526 gessi

106 518 153 559 in
189 518 377 572 iudiciis,
420 518 483 559 ita
521 520 564 559 et
602 532 699 559 611111
734 517 802 559 his
841 520 884 558 et
920 518 1033 559 inter
1069 518 1149 559 hos
1186 518 1290 572 vixi,
1331 518 1368 560 is
1406 519 1452 560 in

107 577 247 618 causis
279 579 500 631 patronus,
531 576 568 617 is
600 576 645 617 in
676 591 721 617 re
751 576 925 630 publica
953 577 1057 618 civis
1084 579 1128 618 et
1154 591 1248 618 sum
1275 580 1318 618 et
1344 592 1451 619 sem-

105 650 182 689 per
212 635 286 690 fui,
319 635 436 676 solus
468 637 518 676 ut
550 649 574 676 a
601 638 644 676 te
671 635 922 689 constituar,
954 636 1027 689 qui
1051 635 1161 676 nihil
1187 650 1212 677 a
1235 635 1449 678 iudicibus

54 706 87 730 10
106 694 284 735 debeam
314 708 520 748 umquam
551 693 794 748 impetrare.
854 693 914 735 Et
944 694 1051 735 mihi
1082 694 1351 736 lacrimulam
1383 694 1448 738 (11-
1464 700 1509 730 76

106 752 246 807 spiani
283 753 430 794 iudicii
468 752 671 794 obiectas.
735 751 805 794 Sic
837 753 951 794 enim
983 753 1148 794 dixisti:
1187 753 1320 794 ‘Vidi
1356 768 1448 809 ego

104 814 244 852 tuam
275 811 602 852 lacrimulam.
669 810 788 865 Vide,
822 825 950 865 quam
979 826 1046 852 me
1072 812 1193 853 verbi
1218 812 1283 853 tui
1308 813 1449 867 paeni-

105 872 208 910 teat.
269 869 370 911 Non
400 870 527 911 modo
558 870 846 924 lacrimulam
878 870 952 911 sed
983 870 1142 911 multas
1174 870 1373 912 lacrimas
1406 875 1450 912 et

105 928 256 969 fletum
300 943 397 970 cum
441 928 635 984 singultu
677 928 820 970 videre
863 928 1058 983 potuisti.
1124 929 1194 970 An
1234 943 1332 984 ego,
1376 930 1449 984 qui

54 998 87 1024 15
107 1001 301 1028 meorum
344 987 533 1028 lacrimis
576 1002 644 1028 me
688 987 864 1028 absente
909 989 1150 1029 commotus
1192 987 1450 1042 simultates,

106 1059 212 1099 quas
262 1060 430 1087 mecum
478 1046 684 1100 habebat,
734 1045 1004 1100 deposuisset
1053 1060 1256 1100 meaeque
1295 1047 1449 1088 salutis

103 1118 192 1145 non
228 1104 354 1145 modo
391 1118 479 1145 non
510 1107 800 1159 oppugnator,
836 1107 886 1145 ut
917 1104 1080 1146 inimici
1112 1105 1196 1145 mei
1227 1108 1445 1161 putarant,

104 1163 178 1203 sed
204 1163 336 1204 etiam
361 1162 559 1204 defensor
582 1162 749 1218 fuisset,
773 1163 899 1204 huius
925 1163 971 1204 in
994 1163 1184 1217 periculo
1209 1178 1297 1205 non
1316 1164 1447 1220 signi-

103 1221 277 1262 ficarem
315 1221 508 1262 dolorem
542 1222 713 1263 meum?
774 1222 839 1262 Tu
871 1224 1032 1274 autem,
1069 1221 1334 1276 Laterensis,
1374 1223 1447 1277 qui
1463 1230 1504 1263 77

50 1292 84 1316 20
104 1282 198 1321 tum
228 1279 430 1321 lacrimas
462 1294 578 1321 meas
611 1283 758 1335 gratas
791 1294 882 1321 esse
915 1280 1104 1334 dicebas,
1134 1295 1247 1322 nunc
1279 1282 1449 1323 easdem

104 1338 169 1380 vis
200 1338 434 1380 invidiosas
466 1339 629 1380 videri?
1462 1359 1519 1400 32

192 1396 338 1452 Negas
379 1397 650 1439 tribunatum
685 1397 835 1438 Planci
873 1397 1103 1451 quicquam
1142 1398 1341 1440 attulisse
1374 1399 1442 1440 ad·
1457 1417 1531 1460 (77)

103 1456 285 1496 iumenti
311 1455 515 1511 dignitati
541 1471 659 1497 meae
687 1459 816 1510 atque
841 1456 923 1498 hoc
949 1456 1058 1510 1060,
1085 1456 1199 1510 quod
1218 1457 1441 1499 verissime

105 1513 245 1555 facere
265 1517 402 1568 potes,
427 1513 474 1556 L.
498 1514 651 1569 Racili,
676 1514 906 1556 fortissimi
927 1517 971 1556 et
991 1515 1333 1557 constantissimi
1353 1516 1447 1570 viri,

52 1585 85 1610 25
106 1572 254 1613 divina
290 1572 335 1613 in
376 1587 443 1614 me
476 1574 631 1614 merita
663 1588 985 1615 commemoras.
1048 1573 1127 1615 Cui
1161 1574 1333 1627 quidem
1366 1588 1446 1630 ego

106 1631 218 1672 sicut
245 1629 320 1672 Cn
351 1630 529 1673 Plancio
560 1646 797 1686 numquam
823 1632 1091 1673 dissimulavi
1118 1647 1184 1673 me
1210 1633 1446 1697 plurimum

105 1689 258 1731 debere
300 1703 551 1743 semperque
589 1705 690 1744 prae
728 1705 795 1731 me
832 1690 986 1743 feram3
1028 1690 1171 1731 nullas
1210 1691 1324 1732 enim
1362 1691 1446 1732 sibi

104 1748 177 1788 ille
211 1761 350 1801 neque
383 1748 679 1789 contentiones
711 1762 848 1802 neque
880 1748 1130 1790 inimicitias
1161 1763 1299 1802 neque
1331 1749 1445 1790 vitae

105 1806 404 1847 dimicationes
436 1821 515 1847 nec
545 1821 623 1860 pro
655 1821 700 1847 re
731 1806 905 1860 publica
928 1821 1006 1848 nec
1031 1821 1109 1860 pro
1136 1821 1203 1848 me
1230 1807 1446 1862 defugien-

51 1877 86 1902 30
105 1865 180 1905 das
212 1864 395 1918 putavit.
455 1864 600 1918 Atque
632 1865 811 1918 utinam,
847 1879 975 1918 quam
1007 1879 1086 1919 ego
1120 1880 1215 1906 sum
1246 1865 1291 1906 in
1321 1866 1446 1907 illum

105 1925 274 1978 gratus,
313 1925 404 1963 tam
440 1923 634 1964 licuisset
670 1937 746 1977 per
781 1923 1006 1964 hominum
1042 1923 1130 1964 vim
1168 1927 1211 1964 et
1242 1924 1445 1965 iniuriam

103 1982 265 2036 populo
291 1981 488 2023 Romano
516 1982 554 2022 ei
580 1981 767 2036 gratiam
792 1981 968 2023 referre!
1015 1980 1098 2023 Sed
1124 1982 1160 2023 si
1185 1996 1273 2023 non
1298 1982 1444 2024 eadem

105 2040 326 2081 contendit
358 2040 403 2081 in
434 2040 658 2081 tribunatu
684 2039 898 2095 Plancius,
929 2040 1174 2082 existimare
1204 2041 1331 2082 debes
1357 2055 1445 2083 non

102 2098 204 2140 huic
241 2099 510 2140 voluntatem
548 2098 750 2153 defuisse,
788 2099 862 2140 sed
893 2114 978 2153 me,
1019 2114 1117 2140 cum
1154 2102 1326 2140 tantum
1356 2100 1444 2141 iam

52 2167 84 2192 3⁵
104 2156 282 2198 Plancio
321 2157 536 2211 deberem,
576 2157 717 2198 Racili
754 2157 971 2199 beneficiis
1009 2157 1142 2199 fuisse
1181 2160 1442 2199 contentum.

105 2214 176 2256 An
193 2230 294 2257 vero
314 2218 442 2270 putas
462 2216 621 2257 idcirco
642 2215 784 2256 minus
804 2216 965 2257 iudices
985 2231 1081 2257 mea
1101 2230 1229 2257 causa
1249 2231 1340 2258 esse
1356 2216 1441 2258 fac·
1459 2225 1503 2257 78

104 2276 245 2328 turos,
289 2275 402 2328 quod
439 2289 506 2316 me
546 2289 638 2315 esse
676 2277 850 2329 gratum
889 2274 1156 2316 crimineris?
1217 2275 1304 2324 An,
1346 2290 1443 2317 cum

607 810 619 827 2
