1671 2543
260 107 290 147 2
646 105 740 141 PRO
767 107 807 141 P.
834 103 994 141 SESTIO
1021 106 1207 142 ORATIO.

260 211 381 246 multa
405 210 619 247 Ciceronem
643 210 703 246 vel
727 212 864 246 iratum
888 211 950 246 vel
973 211 1160 246 dolentem
1185 211 1230 246 de
1253 211 1488 255 passionibus
1519 211 1595 247 suis

260 258 362 293 ultra
390 269 525 302 paene,
557 269 667 302 quam
698 269 755 293 res
786 260 971 302 posceret,
1004 268 1228 303 exaggerare
1260 258 1426 302 solitum,
1457 260 1595 303 tamen,

262 305 361 349 quod
379 305 440 339 hic
464 305 609 350 prolixa
631 305 792 348 quadam
810 304 1120 340 turbulentissimi
1144 304 1322 349 temporis
1348 305 1596 350 descriptione

261 351 420 386 multum
443 351 641 386 voluminis
673 354 846 396 occupat,
877 362 951 386 non
980 351 1216 387 mediocriter
1240 351 1388 386 videtur
1413 352 1461 386 ad
1490 363 1595 396 prae·

263 409 346 434 sens
370 398 562 443 negotium
585 398 781 443 pertinere.
832 397 1091 433 Ostendendae
1117 403 1203 432 sunt
1228 397 1326 433 enim
1350 399 1388 434 P.
1410 398 1517 434 Clodi
1541 410 1595 434 se-

263 445 422 481 ditiosae
457 445 765 489 turbulentaeque
801 445 903 480 illius
939 446 1115 490 temporis
1154 445 1320 480 actiones
1351 447 1390 480 et
1425 445 1595 489 iniuriae,

262 503 353 536 quas
378 492 458 537 ipse
485 491 608 527 Cicero
633 503 847 537 perpessus,
880 494 917 527 et
941 492 1142 536 utilitates,
1175 503 1266 536 qua-s
1292 492 1331 526 in
1355 492 1456 527 illius
1487 492 1597 528 resti-

261 539 407 574 tutione
432 539 558 584 patria
582 540 780 574 consecuta
805 538 870 583 sit,
897 540 938 573 ut
961 541 1061 574 recte
1087 550 1130 574 ac
1154 538 1361 573 necessario
1386 540 1425 574 P.
1455 538 1596 574 Sestius

263 587 426 621 armatos
460 586 634 620 habuisse
668 585 854 630 videatur,
891 588 1088 631 propterea
1118 586 1168 620 sit
1200 586 1358 620 maxime
1389 585 1595 631 praesentis

263 632 426 667 criminis
446 632 591 666 invidia
609 632 834 667 liberandus.
855 653 898 659 —
919 632 1071 676 ludicio,
1092 632 1151 666 cui
1169 635 1342 677 praeerat
1353 633 1403 667 M.
1416 632 1596 668 Aemilius

262 679 419 760 ScaunIiIs
444 681 609 724 praetor,
635 679 673 715 P.
704 679 844 714 Sestius
871 679 1060 715 absolutus
1086 680 1159 722 est3
1191 691 1223 714 v.
1251 681 1358 724 epist.
1387 679 1434 714 ad
1459 679 1499 722 Q.
1524 679 1596 714 fra·

261 728 355 762 trem
438 731 470 761 4.
499 731 528 761 1.

212 836 233 876 1

215 896 232 925 1
352 856 397 898 Si
425 857 519 910 quis
547 858 684 909 antea,
715 855 887 908 iudices,
920 856 1168 910 mirabatur,
1201 856 1302 910 quid
1327 859 1451 910 esset,
1483 848 1596 911 quod

260 930 338 970 pro
371 915 505 956 tantis
539 914 691 968 opibus
723 914 784 955 rei
815 914 1011 968 publicae
1043 917 1248 968 tantaque
1281 914 1490 969 dignitate
1521 915 1596 955 im-

260 974 369 1028 perii
411 987 683 1027 nequaquam
727 973 833 1014 satis
878 973 1004 1013 multi
1048 973 1159 1014 cives
1203 972 1307 1014 forti
1350 976 1394 1014 et
1439 986 1595 1028 magno

261 1032 402 1073 animo
434 1032 738 1084 invenirentur,
771 1031 844 1085 qui
877 1031 1080 1072 auderent
1112 1046 1156 1072 se
1188 1034 1231 1072 et
1263 1031 1445 1072 salutem
1476 1045 1596 1072 suam

260 1091 306 1132 in
343 1091 572 1132 discrimen
610 1090 760 1131 offerre
797 1104 874 1144 pro
915 1092 1034 1130 statu
1071 1089 1258 1131 civitatis
1292 1092 1334 1130 et
1370 1103 1448 1143 pro
1487 1103 1597 1130 com-
1632 1097 1650 1122 ⁵

261 1149 381 1190 muni
424 1149 646 1202 libertate,
689 1148 727 1189 is
771 1148 852 1189 hoc
895 1151 1087 1213 tempore
1131 1148 1310 1189 miretur
1351 1147 1518 1202 potius,
1561 1146 1598 1188 si

262 1222 389 1262 quem
420 1208 581 1248 bonum
613 1209 656 1247 et
687 1206 845 1247 fortem
877 1206 1013 1247 civem
1044 1206 1210 1260 viderit,
1243 1221 1371 1261 quam
1402 1206 1439 1247 si
1470 1219 1598 1260 quem

262 1269 336 1307 aut
376 1265 577 1306 timidum
609 1266 683 1305 aut
723 1264 805 1305 sibi
836 1264 980 1318 potius
1014 1279 1141 1318 quam
1178 1264 1239 1305 iei
1269 1264 1465 1318 publicae
1503 1277 1598 1305 con-

262 1324 485 1365 sulentem.
546 1322 660 1363 Nam
691 1325 740 1363 ut
773 1322 986 1364 omittatis
1019 1323 1068 1363 de
1100 1323 1225 1363 unius
1262 1323 1464 1376 cuiusque
1497 1336 1598 1363 casu

262 1381 490 1436 cogitando
523 1381 754 1434 recordari,
785 1396 868 1422 uno
902 1384 1078 1435 aspectu
1109 1381 1267 1421 intueri
1297 1380 1482 1434 potestis
1514 1394 1598 1433 eos,
1618 1389 1652 1414 10

263 1440 337 1494 qui
375 1454 471 1481 cum
510 1442 677 1493 senatu,
721 1454 817 1480 cum
854 1439 978 1480 bonis
1017 1439 1214 1480 omnibus
1253 1453 1343 1480 rem
1380 1438 1598 1493 publicam

263 1498 479 1540 adflictam
506 1498 734 1539 excitarint
766 1500 809 1538 et
837 1497 1062 1539 latrocinio
1095 1497 1330 1539 domestico
1362 1497 1599 1551 liberarint,

263 1559 463 1609 maestos,
497 1556 750 1610 sordidatos,
782 1570 877 1597 reos
911 1556 959 1597 de
993 1555 1148 1609 capite,
1180 1556 1229 1597 de
1261 1555 1388 1610 fama,
1419 1555 1469 1597 de
1501 1555 1600 1597 civi-

262 1618 365 1668 tate,
397 1615 446 1656 de
471 1614 669 1668 fortunis,
702 1614 751 1655 de
776 1614 922 1655 liberis
950 1614 1212 1669 dimicantis,
1244 1628 1316 1656 eos
1343 1617 1500 1668 autem,
1525 1613 1599 1668 qui

264 1673 408 1715 omnia
444 1673 586 1714 divina
624 1676 667 1714 et
703 1673 891 1713 humana
928 1673 1150 1727 violarint,
1186 1672 1398 1727 vexarint,
1433 1675 1599 1727 pertur-
1618 1680 1652 1706 1⁵

261 1732 424 1785 barint,
464 1731 711 1785 everterint,
747 1746 833 1772 non
871 1731 1010 1772 solum
1048 1731 1200 1772 alacris
1237 1731 1459 1784 laetosque
1496 1730 1599 1772 voli-

264 1793 368 1843 tare,
401 1790 474 1831 sed
500 1790 631 1831 etiam
655 1789 906 1831 fortissimis
939 1792 1067 1843 atque
1095 1790 1270 1843 optimis
1296 1789 1459 1831 civibus
1490 1789 1599 1843 peri-

217 1866 238 1896 2
266 1849 408 1890 culum
434 1848 589 1903 moliri,
621 1848 671 1889 de
704 1862 746 1889 se
778 1848 886 1889 nihil
913 1848 1074 1889 timere.
1136 1847 1187 1889 In
1219 1862 1302 1902 quo
1335 1862 1430 1889 cum
1462 1847 1599 1888 multa

267 1910 366 1948 sunt
402 1907 595 1962 indigna,
638 1909 731 1947 tum
767 1906 875 1947 nihil
913 1906 1052 1947 minus
1094 1909 1159 1948 est
1189 1906 1425 1959 ferendum,
1469 1920 1598 1959 quam

266 1965 377 2018 quod
416 1965 501 2005 iam
538 1979 625 2006 non
662 1979 738 2018 per
774 1965 965 2006 latrones
1004 1979 1121 2019 suos,
1163 1979 1250 2006 non
1284 1978 1360 2018 per
1401 1963 1596 2005 homines
1617 1973 1651 1999 20

266 2026 457 2078 egestate
490 2026 533 2064 et
571 2023 726 2064 scelere
764 2023 972 2077 perditos,
1011 2023 1084 2065 sed
1119 2037 1195 2077 per
1231 2036 1306 2063 vos
1342 2022 1485 2076 nobis,
1521 2037 1598 2076 per

267 2081 452 2139 optimos
490 2082 604 2123 viros
646 2081 820 2135 optimis
862 2081 1024 2122 civibus
1061 2080 1295 2136 periculum
1333 2079 1488 2121 inferre
1532 2094 1597 2121 co-

266 2137 422 2179 nantur
454 2143 513 2193 et,
551 2154 657 2193 quos
694 2139 925 2193 lapidibus,
965 2154 1070 2194 quos
1108 2139 1239 2192 ferro,
1277 2152 1383 2192 quos
1420 2138 1597 2192 facibus,

268 2210 373 2249 quos
400 2196 453 2250 vi,
479 2212 618 2252 manu,
646 2198 780 2252 copiis
807 2198 944 2239 delere
969 2213 1056 2239 non
1080 2199 1323 2262 potuerunt,
1348 2196 1428 2237 hos
1453 2199 1598 2237 vestra

267 2254 543 2309 auctoritate,
575 2259 719 2297 vestra
748 2255 971 2310 religione,
1008 2255 1162 2297 vestris
1195 2254 1418 2296 sententiis
1450 2268 1494 2296 se
1527 2269 1598 2309 op·
1616 2265 1650 2290 2⁵

266 2326 489 2366 pressuros
506 2289 782 2356 aibitrantur.
814 2313 909 2369 Ego
925 2317 1080 2369 autem,
1099 2313 1270 2367 iudices,
1289 2313 1493 2367 quoniam,
1513 2327 1598 2367 qua
