1671 2543
514 145 614 181 CAP.
643 150 778 181 11—13
805 149 824 188 s
850 149 998 181 24—28.
1366 146 1452 186 545

112 255 237 297 mus?
271 255 316 296 in
348 255 502 310 quibus
530 257 578 296 tu
604 269 648 296 es
675 253 873 295 videlicet
899 253 1148 308 consularis,
1180 253 1300 295 cuius
1332 256 1452 295 totus

113 314 361 356 consulatus
394 316 460 355 est
492 328 543 354 ex
575 313 692 354 omni
719 313 1081 354 monimentorum
1106 312 1314 354 memoria
1340 313 1452 354 evul-

113 387 204 426 sus,
242 373 324 414 duo
364 375 584 424 praetores
617 371 707 413 sine
741 386 869 413 causa
900 370 1031 412 diffisi
1064 385 1108 412 se
1141 371 1303 425 aliquid
1334 371 1453 412 habi-

113 434 234 472 turos
267 431 363 484 (nos
397 431 509 472 enim
542 429 737 472 Caesaris
768 430 976 472 beneficia
1007 427 1304 485 defendimus),
1335 445 1454 484 prae-

76 507 93 533 5
113 489 214 531 torii
240 489 548 544 Philadelphus
575 488 741 530 Annius
769 491 812 530 et
838 488 1041 530 innocens
1063 487 1242 540 Gallius,
1268 488 1454 530 aedilicii

114 562 291 602 corycus
323 548 509 589 laterum
540 550 583 589 et
614 547 730 589 vocis
767 562 896 599 meae,
928 546 1088 601 Bestia,
1120 550 1162 588 et
1187 547 1286 588 fidei
1311 550 1452 602 patro-

111 621 204 661 nus,
235 606 459 648 fraudator
491 606 762 660 creditorum,
795 606 1044 660 Trebellius,
1077 608 1120 647 et
1150 605 1281 647 homo
1314 606 1454 661 dirup-

113 669 183 707 tus
216 665 480 719 dirutusque,
512 663 558 713 Q.
585 664 768 718 Coelius,
801 665 1080 719 columenque
1107 664 1343 706 amicorum
1368 664 1454 706 An-

113 724 218 777 toni,
250 722 406 778 Cotyla
437 723 607 775 Varius,
641 739 767 777 quem
796 723 1013 764 Antonius
1045 723 1294 765 deliciarum
1325 737 1454 765 causa

60 799 94 826 10
112 782 217 824 loris
238 782 283 823 in
303 782 496 824 convivio
519 782 637 824 caedi
658 783 834 823 iubebat
855 797 879 823 a
899 781 1033 823 servis
1054 782 1251 836 publicis,
1272 784 1454 836 septem-

112 841 268 882 virales
312 840 468 895 Lento,
518 840 705 894 Nucula,
757 844 850 881 tum
895 840 1069 882 deliciae
1114 843 1242 894 atque
1287 855 1453 883 amores

112 900 261 955 populi
293 899 490 952 Romani,
521 899 567 940 L.
600 899 828 953 Antonius,
860 899 1022 940 tribuni
1052 899 1240 953 primum
1273 899 1354 941 duo
1387 899 1455 941 de—

115 958 287 1014 signati,
319 958 469 999 Tullus
495 957 722 1012 Hostilius,
756 958 828 1012 qui
858 973 933 999 suo
961 957 1051 999 iure
1077 957 1123 999 in
1147 960 1273 1012 porta
1297 973 1455 1000 nomen

113 1017 352 1071 inscripsit,
392 1031 493 1071 qua,
532 1031 627 1058 cum
665 1017 843 1071 prodere
876 1016 1181 1070 imperatorem
1213 1031 1338 1058 suum
1367 1031 1456 1058 11011

62 1093 95 1119 15
115 1076 342 1130 potuisset,
373 1075 567 1129 reliquit;
594 1076 702 1116 alter
729 1077 794 1116 est
819 1075 1068 1130 designatus
1094 1074 1283 1116 Insteius
1308 1075 1453 1117 nescio

116 1134 205 1189 qui,
236 1134 381 1187 fortis,
412 1138 461 1175 ut
493 1133 624 1187 aiunt,
655 1134 780 1187 latro,
813 1148 940 1188 quem
965 1136 1111 1175 tamen
1142 1136 1455 1188 temperantem

114 1192 246 1234 fuisse
278 1192 421 1234 ferunt
452 1192 622 1233 Pisauri
653 1192 958 1233 balneatorem.
1022 1191 1234 1234 Secuntur
1275 1192 1348 1234 alii
1380 1193 1453 1233 tri·
1467 1206 1511 1238 27

114 1251 288 1305 bunicii,
314 1251 360 1291 T.
380 1251 563 1292 Plancus
591 1251 635 1291 in
659 1250 822 1305 primis,
849 1251 922 1305 qui
948 1250 985 1292 si
1005 1254 1201 1292 senatum
1222 1251 1455 1306 dilexisset,

114 1324 350 1364 numquam
382 1310 544 1351 curiam
575 1309 846 1350 incendisset.
909 1308 1002 1358 Quo
1035 1309 1193 1351 scelere
1226 1309 1454 1351 damnatus

63 1386 97 1412 20
116 1369 160 1409 in
192 1383 286 1409 eam
317 1369 467 1410 urbem
493 1368 620 1409 rediit
647 1368 789 1422 armis,
822 1383 871 1409 ex
899 1383 982 1422 qua
1008 1371 1248 1409 excesserat
1272 1368 1454 1423 legibus.

66 1467 70 1471 ,
117 1426 200 1468 Sed
241 1427 325 1468 hoc
369 1427 407 1468 ei
452 1441 675 1468 commune
721 1441 817 1468 cum
860 1427 1057 1481 plurimis
1097 1427 1163 1468 sui
1202 1427 1454 1482 simillimis3

115 1485 222 1526 illud
265 1487 411 1526 tamen
452 1486 626 1550 mirum,
672 1485 784 1539 quod
826 1485 871 1526 in
914 1485 995 1526 hoc
1034 1485 1193 1526 Planco
1237 1485 1455 1539 proverbii

115 1544 210 1584 loco
249 1543 332 1584 dici
370 1543 498 1596 solet,
535 1544 673 1597 perire
712 1558 809 1584 eum
844 1558 932 1584 non
962 1558 1107 1597 posse,
1145 1543 1228 1584 nisi
1261 1543 1299 1584 ei
1331 1558 1456 1586 crura

115 1601 255 1644 fracta
287 1604 440 1642 essent.
500 1601 658 1643 Fracta
690 1605 807 1655 sunt,
839 1605 881 1643 et
913 1601 1031 1643 vivit.
1091 1601 1187 1642 Hoc
1219 1604 1374 1655 tamen,
1405 1605 1455 1644 ut

63 1680 98 1704 so
119 1661 203 1701 alia
240 1660 394 1714 multa,
432 1659 614 1713 Aquilae
653 1635 864 1701 referatur
902 1662 1136 1713 acceptum.
1203 1659 1285 1701 Est
1323 1636 1455 1701 etiam
1472 1667 1524 1710 13

117 1719 178 1760 ibi
203 1717 361 1760 Decius
388 1718 440 1759 ab
472 1718 571 1771 illis,
597 1720 645 1758 ut
672 1718 833 1771 opinor,
859 1717 1054 1759 Muribus
1084 1717 1277 1771 [Deciis],
1308 1719 1455 1772 itaque

118 1777 314 1820 Caesaris
347 1791 523 1817 munera
552 1776 678 1829 rosit,
709 1775 941 1817 Deciorum
968 1776 1138 1831 quidem
1163 1777 1300 1818 multo
1327 1777 1456 1818 inter-

118 1836 231 1878 vallo
269 1850 345 1889 per
381 1835 493 1876 hunc
530 1834 798 1889 praeclarum
834 1834 974 1875 virum
1011 1835 1219 1876 memoria
1249 1838 1456 1877 renovata

119 1897 196 1936 est.
266 1893 423 1935 Saxam
465 1907 565 1934 vero
609 1892 833 1934 Decidium
877 1893 1110 1946 praeterire
1156 1894 1229 1947 qui
1264 1908 1456 1948 possum,

2 2010 3 2014 Ἰ
65 1953 337 1995 301101111110111
374 1951 602 1993 deductum
640 1966 688 1992 ex
720 1951 884 1992 ultimis
918 1952 1136 2006 gentibus,
1173 1954 1222 1992 ut
1253 1966 1350 1993 eum
1381 1953 1455 1993 tri-

120 2012 282 2052 bunum
318 2010 375 2064 pl.
412 2010 668 2063 videremus,
707 2024 833 2063 quem
866 2009 1000 2051 civem
1028 2025 1264 2064 numquam
1295 2010 1454 2052 videra-

119 2069 244 2111 mus‘?
311 2068 393 2109 Est
431 2068 590 2109 ibidem
628 2068 736 2109 alter
776 2066 974 2121 Saserna,
1012 2069 1084 2110 sed
1124 2083 1270 2110 omnes
1309 2072 1512 2115 tamen28

120 2130 289 2169 tantam
326 2127 485 2167 habent
524 2126 847 2167 similitudinem
884 2102 995 2167 inte⁷r
1033 2141 1096 2180 se,
1137 2130 1187 2168 ut
1224 2127 1269 2167 in
1306 2141 1454 2169 eorum

120 2185 469 2240 praenominibus
514 2199 662 2226 errem.
719 2184 810 2226 Nec
853 2199 951 2225 vero
990 2184 1200 2238 Extitius,
1244 2185 1454 2228 Philadel-

69 2261 103 2287 85
121 2244 197 2298 phi
227 2243 377 2297 frater,
416 2246 634 2297 quaestor,
669 2243 1074 2296 praetermittendus
1108 2246 1190 2297 est,
1226 2258 1297 2296 ne,
1335 2244 1372 2285 si
1403 2244 1453 2287 de

124 2303 361 2344 clarissimo
383 2302 651 2343 adulescente
673 2301 841 2355 siluero,
867 2301 1067 2342 invidisse
1087 2301 1231 2343 videar
1251 2301 1452 2345 Antonio.

122 2361 204 2402 Est
236 2361 366 2402 etiam
392 2360 568 2401 Asinius
602 2359 785 2414 quidam,
817 2362 988 2401 senator
1018 2360 1284 2402 voluntarius
1316 2361 1453 2404 lectus

193 2434 264 2461 etc.
282 2436 322 2461 11.
342 2436 365 2461 3.
1195 2432 1239 2464 35
