1671 2543
552 106 827 142 ADNOTATIO
854 105 1053 141 CRITICA.
1401 105 1472 140 V11

137 215 239 258 locis,
269 214 350 249 add.
375 218 417 248 14
436 212 645 255 numeravi3
673 212 720 246 ad
740 212 825 257 imp.
849 211 910 246 Cn.
931 211 1059 256 Pomp.
1078 222 1115 255 p.
1136 214 1190 246 84.
1212 214 1243 245 2.
1265 230 1308 235 —
1328 211 1368 245 Ρ.
1383 215 1414 245 6.
1429 215 1475 245 34

136 264 368 298 silvestres
393 261 497 296 callis
522 259 655 294 Eberh.
683 280 726 285 —-
752 259 793 294 P.
814 264 845 294 6.
861 263 904 294 35
931 269 1196 303 praeoccupare
1227 256 1328 291 suasi
1356 256 1474 292 Ὃο111.

137 309 246 344 Tull’
285 311 374 342 1860
411 319 447 352 Ρ.
473 311 534 351 23,
573 306 666 341 item
701 305 815 341 Koch.
856 304 1047 340 ‘Zeitschiu
1079 304 1104 339 f.
1137 304 1171 339 d.
1206 303 1346 339 G.-W.’
1384 308 1472 339 1861

138 369 172 401 Ρ.
199 359 285 399 386,
322 353 444 388 Halm.
471 354 521 397 II,
558 353 643 397 Eb.‚
675 354 838 388 stabulae
868 353 1058 398 praeclare
1089 351 1163 396 (vel
1190 352 1384 396 praeclare)
1416 351 1473 394 P¹,

137 414 229 438 corr.
261 413 308 436 m.
332 406 349 435 1
378 402 563 446 praeclari
594 400 666 445 (vel
697 401 904 445 praeclari),
935 411 982 434 m.
1009 403 1029 433 2
1062 399 1101 433 et
1131 398 1163 432 G
1192 399 1336 434 stabula
1366 409 1474 443 prae-

138 451 256 492 clara,
282 448 330 482 W
355 449 490 483 stabuli
517 448 730 493 praeclara,
757 458 954 492 perayrare
982 446 1102 480 Madv.
1128 457 1163 490 p.
1185 450 1253 479 444
1274 457 1343 489 sq.,
1375 444 1476 480 idem

141 498 207 530 aut
233 497 430 541 pervayari
463 494 595 539 (quod
625 505 699 528 non
729 494 931 538 praefero’)
958 492 1148 536 Wesenb.‚
1181 497 1372 538 penetrare
1403 491 1474 535 Or.,

134 544 358 589 perlustrare
377 541 554 585 Koechly,
574 543 813 586 praecepisset
837 540 897 574 vel
915 541 1102 585 praesidio
1126 541 1312 585 saepsisset
1335 539 1474 582 Jacob„

139 594 272 626 aestate
296 591 451 635 inteyra,
475 592 604 623 nactus
628 589 675 623 It.
702 589 805 623 colles
829 592 863 622 et
884 591 980 633 past.
1005 588 1161 631 stabula,
1182 587 1361 631 praedari
1385 585 1475 620 Bak.

139 650 175 682 p.
202 641 245 672 56
272 647 346 680 sq„
380 636 557 681 praeclari
581 634 703 669 Halm.
726 636 756 678 I,
783 634 911 678 Kays,
938 635 1133 679 praeclara
1156 634 1385 679 praedonum
1408 633 1477 668 illa

135 684 328 730 praesidia
356 683 502 727 cepisset
527 681 673 716 Tittler.
700 681 879 715 Fleckeis.
906 692 988 715 ann.
1010 685 1099 716 1865
1125 692 1160 725 p.
1182 685 1266 724 394,
1297 681 1477 715 recludere

141 730 251 765 Wirz.
277 730 328 764 ib.
351 733 440 764 1875
465 741 501 774 p.
522 733 606 772 489,
638 730 680 764 in
708 729 851 764 Galliae
876 729 982 763 calles
1005 732 1039 763 et
1062 728 1257 773 praeclara
1281 728 1369 762 stab.
1397 738 1476 762 eva-

139 779 223 824 yari
253 788 346 822 coep.
380 775 538 810 Urlichs.
572 789 605 821 p.
630 780 712 819 151,
746 777 912 820 precario
943 776 1087 820 cepisset
1113 774 1290 808 Binsfeld.
1317 786 1352 818 p.
1375 778 1406 808 6.
1434 795 1473 799 —

140 826 180 859 P.
203 829 293 860 7.11
315 835 368 867 sq.
395 835 419 858 α
447 823 486 868 Q.
507 823 704 858 Hortensio
729 827 778 857 est
806 824 914 856 ‘unus
941 821 1053 856 Oxon.
1080 833 1163 856 cum
1188 820 1271 855 aliis
1297 820 1336 854 111
1361 831 1476 865 marg.

141 871 298 914 Lamb.'‚
323 870 498 905 Wesenb.
525 882 559 914 p.
582 874 636 912 62,
662 869 799 911 Klotz,
827 873 876 904 est
901 880 971 903 om.
991 867 1147 910 PG1W;
1175 868 1222 903 ad
1246 880 1281 912 p.
1303 872 1335 903 6.
1350 872 1404 902 20.
1432 887 1478 892 -

141 918 181 953 P.
204 923 234 953 7.
252 922 293 953 12
319 918 422 953 modo
449 918 642 952 omnium
666 917 739 952 vid.
765 916 868 950 Paul.
893 927 928 960 p.
950 919 1028 958 310,
1054 915 1153 959 quod
1176 915 1216 948 in
1240 916 1268 950 P
1294 916 1351 949 est
1375 915 1478 949 modo

140 977 216 1000 non
239 965 323 1007 vicl„
352 964 417 998 sed
443 975 534 998 corr.
560 975 609 998 m.
631 968 666 1006 1;
696 962 743 997 ad
767 974 802 1007 p.
825 967 950 997 20:32.
971 982 1013 987 —
1039 962 1079 996 P.
1101 967 1132 997 7.
1147 967 1190 997 27
1210 961 1478 1008 [insectantur]

142 1011 335 1046 Wicherto
351 1013 389 1045 et
397 1010 598 1045 Weidnero
613 1009 692 1055 (qui
705 1022 740 1054 p.
753 1014 771 1044 9
785 1021 837 1044 ex.
854 1009 954 1043 suad.
970 1010 1190 1051 insectando)
1206 1010 1317 1043 aucit.
1332 1008 1478 1051 Eberh.,

83 1057 88 1063 “
142 1059 249 1103 impr.
276 1057 451 1102 Kimmig.
476 1069 512 1102 p.
536 1062 597 1101 19,
629 1056 689 1091 cui
720 1056 919 1100 assentior,
951 1056 1186 1090 ‘alterutrum
1217 1055 1250 1089 si
1281 1055 1480 1089 delendum

142 1106 249 1149 foret,
269 1116 344 1139 non
362 1106 596 1147 insectantur,
618 1103 683 1138 sed
700 1114 735 1138 se
755 1104 923 1147 offerunt’
942 1107 975 1146 (e
988 1114 1021 1137 V.
1035 1107 1078 1137 29
1092 1102 1266 1147 petitum)
1281 1101 1480 1136 delendum

143 1151 321 1195 censenti,
346 1153 589 1187 insectentur
613 1150 654 1184 G.
673 1149 850 1194 Krueger.
870 1150 962 1185 Mus.
983 1149 1097 1183 Rhen.
1119 1154 1207 1184 1872
1227 1161 1262 1193 p.
1279 1153 1344 1183 491
1361 1160 1413 1193 sq.
1434 1169 1478 1173 —

145 1200 182 1234 P.
207 1204 235 1234 7.
253 1203 296 1233 33
318 1210 370 1242 sq.
397 1200 446 1234 acl
470 1199 698 1242 reficiendam
723 1198 875 1232 salutem
899 1208 1115 1231 communem
1139 1195 1243 1230 Paul.
1263 1208 1298 1240 p.
1321 1200 1405 1238 3093
1434 1194 1480 1229 ad

142 1258 178 1291 p.
207 1250 333 1281 45.14.
362 1266 403 1270 ——
432 1245 470 1280 P.
500 1250 529 1280 7.
545 1249 589 1280 35
620 1246 696 1280 iam
725 1255 804 1288 pro·
824 1248 899 1278 tam
923 1242 1045 1277 Madv.
1073 1244 1168 1277 auch.
1193 1242 1316 1276 Halm.
1341 1242 1374 1285 Ι,
1402 1241 1480 1276 sine

145 1303 251 1327 cruce
269 1292 391 1336 Kays,
414 1292 583 1327 Futurus
601 1296 679 1327 erat
697 1292 758 1326 ille
778 1302 897 1325 annus
915 1292 991 1325 iam
1008 1289 1140 1333 Klotz,
1163 1289 1303 1325 Furere
1321 1293 1482 1334 coeperat

143 1341 204 1375 ille
235 1351 355 1374 armus
385 1341 459 1374 iam
489 1338 610 1373 Halm.
636 1339 687 1381 ΙΙ,
719 1339 883 1382 funestus
913 1338 973 1372 ille
1003 1348 1123 1372 annus
1151 1338 1226 1372 iam
1256 1337 1481 1382 impendebat

145 1388 199 1422 rei
225 1399 264 1431 p.
297 1386 450 1429 Eberh.,
484 1385 585 1420 idem
616 1384 709 1420 coni.
737 1384 900 1419 omnium
933 1384 1087 1428 optime,
1119 1384 1162 1417 ut
1198 1382 1292 1417 mihi
1321 1382 1479 1425 videtur,

144 1434 272 1469 ruebat
295 1434 356 1468 ille
381 1443 500 1468 annus
524 1434 599 1468 iam
623 1434 665 1467 in
688 1443 762 1467 rem
782 1443 833 1477 p.,
859 1432 1033 1466 Nondum
1051 1434 1151 1467 ortus
1175 1431 1298 1474 fuerat
1315 1430 1376 1465 ille
1395 1441 1480 1464 ann.

118 1493 122 1495 ⁴
144 1485 220 1516 tam
243 1481 396 1524 infestus
420 1481 474 1515 rei
493 1491 531 1525 p.
559 1478 718 1514 Urlichs.
743 1491 779 1523 p.
802 1482 878 1521 152,
907 1478 1071 1524 Fuyerat
1094 1478 1156 1512 ille
1180 1489 1213 1512 a.
1239 1478 1314 1512 iam
1338 1478 1481 1521 inrepa-

144 1528 275 1562 rabilis
298 1529 352 1562 rei
378 1539 417 1572 p.
450 1526 574 1560 Hertz.
599 1538 635 1571 p.
657 1530 711 1569 37,
744 1526 1005 1569 Labefactarat
1033 1526 1058 1560 i.
1079 1537 1113 1560 a.
1138 1526 1213 1559 iam
1243 1528 1320 1559 tum
1343 1535 1417 1559 reni
1441 1535 1480 1568 p.

145 1573 344 1618 Landgraf.
379 1573 540 1608 ‘Blabter
575 1572 600 1607 f.
634 1572 667 1608 d.
698 1573 823 1616 bayer.
858 1571 992 1607 G.-W.’
1028 1575 1117 1606 1883
1154 1583 1190 1616 p.
1217 1575 1261 1605 48
1300 1572 1337 1605 ef,
1372 1570 1482 1605 εΡΙ111.

145 1620 386 1654 Rundschau’
423 1625 524 1655 1883.
558 1624 647 1655 1612
681 1619 726 1654 cf.
753 1619 855 1654 Vei-r.
882 1618 932 1652 III
961 1622 1014 1653 18.
1030 1623 1074 1654 47
1106 1629 1177 1660 ex.,
1216 1617 1282 1652 alii
1320 1616 1406 1651 alia.
1439 1637 1483 1642 --

147 1667 187 1702 P.
207 1671 240 1703 8.
264 1672 281 1701 1
312 1679 397 1703 vera
428 1678 498 1702 om.
525 1667 604 1701 cod.
630 1666 675 1700 Pl
707 1666 824 1709 solus,
859 1667 901 1699 ut
931 1665 1094 1708 videtur,
1126 1664 1267 1707 Halm.;
1298 1675 1331 1699 v.
1358 1663 1483 1698 Hertz.

146 1726 181 1758 p.
205 1717 247 1748 12
273 1725 308 1748 n.
331 1718 363 1748 7.
392 1734 431 1739 ——
459 1714 497 1748 P.
525 1719 556 1749 8.
572 1717 592 1748 8
618 1714 910 1759 conylutinatus?
935 1733 979 1738 -
1005 1711 1059 1747 Ib.
1086 1723 1138 1756 sq.
1164 1711 1328 1746 Richter.
1358 1722 1394 1755 Ρ.
1415 1714 1483 1745 272

147 1765 259 1796 natus
282 1771 357 1795 non
379 1761 494 1795 solum
517 1762 593 1805 ipse
617 1762 774 1805 turpiter
796 1760 971 1805 neglexit,
997 1770 1118 1794 verum
1141 1760 1251 1793 etiam
1274 1759 1485 1802 Pompeium

149 1820 173 1842 a
191 1819 245 1842 me
265 1808 395 1842 avertit
407 1819 543 1852 parum
561 1818 596 1842 se
613 1808 641 1851 f.
655 1808 876 1842 violaturum
893 1807 1104 1849 arbitratus,
1122 1807 1206 1840 nisi.
1219 1825 1261 1830 —-
1276 1804 1314 1839 P.
1330 1808 1362 1839 8.
1377 1808 1420 1838 14
1431 1815 1483 1847 sq.

144 1859 305 1899 putaret
330 1853 445 1888 etiam
464 1853 512 1887 W
531 1855 574 1887 ut
597 1853 703 1888 codd.
725 1852 839 1888 ceteri
865 1863 990 1887 omnes
1012 1854 1159 1897 (putare
1178 1851 1238 1895 ΡΙ)
1257 1852 1409 1895 propter
1432 1854 1483 1893 ut,

150 1901 250 1944 quod
276 1911 520 1935 commemoro
544 1899 705 1934 maxime
731 1911 857 1934 eorum
883 1909 1006 1941 causa,
1033 1898 1096 1942 qui
1118 1898 1210 1932 Mur.
1233 1901 1286 1932 12.
1303 1901 1345 1931 27
1365 1909 1413 1932 m.
1434 1898 1484 1941 (p.

149 1959 198 1982 m.
218 1952 297 1982 311.
312 1949 347 1992 3)
367 1952 409 1982 ut
429 1969 470 1972 —
486 1951 662 1992 putarent
682 1946 902 1981 servandum
922 1955 1001 1980 esse
1022 1944 1170 1979 ducunt.
1203 1943 1384 1978 Similiter
1401 1943 1484 1979 infr.

150 2006 185 2038 p.
212 1998 328 2029 33.10
353 1994 402 2027 W
426 1998 468 2029 ut
497 1995 639 2036 sciatis,
671 1997 810 2028 310.13
837 1992 863 2026 C
887 1996 929 2027 ut
958 2002 1160 2035 cernamus,
1193 1995 1330 2026 317.12
1357 2001 1485 2025 omnes

151 2042 241 2085 quin
265 2042 480 2076 celebremur
505 2042 672 2083 (entur),
704 2043 841 2074 366.17
866 2039 891 2073 b
915 2043 956 2074 ut
980 2039 1140 2081 solverit,
1172 2042 1251 2074 413.
1267 2041 1310 2072 28
1333 2038 1381 2082 gt
1405 2049 1487 2072 cum

153 2089 281 2131 liceret,
306 2092 444 2123 435.16
466 2098 488 2121 a
511 2091 553 2122 ut
577 2087 736 2130 faciatis,
762 2090 841 2121 438.
855 2090 876 2121 3
898 2085 984 2129 abg
1008 2090 1049 2120 ut
1070 2088 1245 2129 exoptent,
1272 2089 1350 2119 535.
1365 2088 1387 2118 4
1406 2096 1487 2119 cum

153 2134 252 2178 (add.
278 2133 325 2179 D)
350 2135 541 2178 fateamur,
571 2133 618 2167 ad
642 2144 678 2177 p.
699 2136 754 2167 68.
771 2137 806 2177 1,
833 2136 911 2168 304.
927 2137 988 2175 373
1022 2142 1089 2167 scr.
1114 2131 1198 2167 Ern.
1224 2142 1299 2166 non
1317 2132 1486 2177 putabat,

153 2180 219 2215 sed
239 2185 358 2225 putat.
386 2202 428 2206 —
456 2180 494 2214 P.
521 2184 612 2215 8.15
637 2180 728 2214 ‘mihi
753 2190 823 2214 om.
850 2179 962 2214 schol.
989 2177 1094 2222 Bob.,
1120 2178 1242 2213 Halm.
1268 2178 1301 2221 I,
1333 2179 1488 2213 miratus

153 2227 259 2263 codd.
292 2227 334 2262 V.
357 2232 376 2262 3
403 2229 450 2271 (v.
471 2231 515 2261 20
543 2225 631 2270 Or.2,
656 2237 730 2260 non
755 2228 814 2271 21)
835 2226 881 2260 P¹
903 2225 1020 2259 habet
1043 2226 1237 2260 michirati.
1264 2245 1308 2250 —
1333 2224 1372 2260 P.
1394 2228 1426 2259 8.
1441 2228 1486 2259 20

153 2276 348 2320 exsanquis
367 2273 482 2308 Koch.
506 2272 697 2308 ‘Zeitschn
718 2273 741 2307 f.
764 2273 797 2308 d.
816 2272 951 2308 (ἔῃ-Ἦ)
976 2275 1064 2306 1861
1090 2283 1126 2316 p.
1147 2276 1216 2307 384
1240 2271 1286 2305 cf.
1306 2282 1342 2315 p.
1365 2275 1487 2313 11.10,

154 2321 274 2355 Halm.
296 2321 340 2365 II,
366 2320 444 2364 Eb„
470 2321 595 2356 insani
620 2319 738 2363 codd„
762 2319 791 2354 P
816 2330 908 2354 corr.
928 2329 971 2353 ex
996 2320 1138 2363 insane,
1163 2317 1285 2354 Halm.
1306 2318 1339 2361 I,
1364 2317 1488 2362 Kays,
