1671 2543
191 91 279 133 236
541 89 636 126 PRO
663 89 736 125 CN.
762 87 967 123 PLANCIO
995 87 1185 123 ORATIO.

191 203 287 241 tum
313 199 517 253 sanxisse,
542 201 592 239 ut
617 196 950 238 miserabiliores
971 195 1165 251 epilogos
1184 209 1358 250 possem
1377 195 1527 237 dicere.

191 257 342 300 Nonne
384 257 507 298 vobis
550 256 720 297 videtur
764 269 880 296 cum·
904 255 1048 309 aliquo
1095 254 1400 308 declamatore,
1440 268 1529 296 non

132 326 178 357 84
193 331 290 358 cum
315 316 477 357 laboris
505 318 547 355 et
572 314 656 355 fori
682 313 890 367 discipulo
918 313 1166 368 disputare?
1210 312 1368 354 ‘Rhodi
1386 312 1528 366 enim’,

190 375 344 429 inquit,
377 374 471 428 ego
497 387 584 414 non
609 371 685 413 fui'
719 371 804 427 (me
829 372 923 413 vult
947 370 1113 426 fuisse),
1145 370 1235 412 sed
1259 369 1336 412 fui'
1339 371 1528 426 ,inquit,

192 432 453 488 (putabam
442 447 488 472 111
513 430 718 472 Vaccaeis
745 429 977 486 dicturum)
1012 430 1130 471 bis
1118 445 1164 471 111
1188 404 1422 495 Bithynia?
1480 428 1523 471 Si
1563 441 1580 466 5

190 492 310 533 locus
336 491 469 532 habet
495 489 837 543 reprehensionis
864 504 1013 530 ansam
1039 489 1239 543 aliquam,
1268 488 1426 542 nescio,
1455 502 1529 530 cur

191 550 450 591 severiorem
470 547 677 589 Nicaeam
700 550 825 602 putes
850 562 979 601 quam
995 547 1214 601 Rhodum3
1241 546 1277 587 si
1297 547 1530 601 spectanda

192 622 322 650 causa
358 610 440 661 est,
485 610 528 648 et
566 609 615 647 tu
651 607 698 647 in
732 606 940 660 Bithynia
978 621 1145 647 summa
1183 620 1280 647 cum
1317 605 1528 661 dignitate

191 666 315 707 fuisti
353 669 395 707 et
433 679 512 720 ego
551 664 695 706 Rhodi
730 679 818 706 non
855 665 1029 706 minore.
1093 663 1208 706 Na'm
1247 664 1361 718 quod
1396 664 1443 705 in
1478 678 1528 705 60

192 739 259 766 me
304 723 635 779 reprehendisti,
679 723 794 777 quod
829 723 1012 764 nimium
1049 723 1210 764 multos
1249 722 1528 776 defenderem,
1549 739 1584 763 ιο

192 784 364 824 1111116111
380 786 423 824 61
443 785 503 836 111,
530 782 603 836 qui
622 785 760 836 potes,
787 785 830 823 et
850 782 992 836 ceteri,
1019 782 1093 836 qui
1112 781 1349 836 defugiunt,
1371 781 1530 822 vellent

193 857 260 883 me
292 842 439 883 labore
470 841 553 882 hoc
583 841 743 882 levare!
807 839 890 882 Sed
920 840 971 881 fit
1001 843 1146 882 vestra
1177 840 1420 895 diligentia,
1457 839 1531 894 qui

194 901 333 941 causis
370 899 657 954 ponderandis
696 899 834 940 omnis
872 899 960 940 fere
998 898 1251 953 repudiatis,
1288 901 1338 939 ut
1368 898 1421 940 ad
1450 912 1530 939 nos

192 959 422 1013 pleraeque
449 958 679 1011 confluant,
706 958 778 1012 qui
804 957 972 999 miseris
993 961 1037 999 61
1055 957 1353 999 laborantibus
1372 971 1530 1012 negare

135 1029 178 1059 85
193 1018 302 1058 nihil
346 1031 588 1072 possumus.
655 1016 934 1073 Admonuisti
977 1016 1126 1070 etiam,
1171 1015 1284 1070 quod
1320 1016 1365 1056 in
1403 1014 1585 1058 0161615

192 1076 360 1130 fuisses,
381 1076 544 1117 dictum
564 1075 738 1130 aliquod
758 1075 804 1116 in
816 1075 1073 1129 petitionem
1086 1078 1206 1116 tuam
1221 1074 1304 1116 dici
1316 1074 1533 1129 potuisse3

194 1150 261 1176 me
298 1135 341 1176 id
378 1134 627 1199 perdidisse.
688 1133 797 1175 Uter
834 1134 969 1188 igitur
1005 1136 1203 1175 nostrum
1241 1135 1307 1174 est
1339 1132 1533 1187 cupidior

193 1193 328 1235 dicti?
367 1206 520 1248 egone,
556 1192 646 1257 qui,
679 1192 792 1245 quod
823 1192 907 1233 (1161
937 1192 1099 1246 potuit,
1129 1206 1218 1233 non
1248 1192 1446 1246 dixerim,
1479 1206 1533 1232 an

194 1255 260 1305 tu,
299 1251 373 1306 qui
404 1251 537 1292 etiam
572 1251 665 1304 ipse
702 1251 748 1291 in
781 1253 824 1291 te
857 1250 1042 1292 dixeris?
1096 1250 1156 1291 Te
1189 1250 1331 1291 aiebas
1364 1250 1414 1291 de
1445 1249 1531 1291 11118

193 1311 321 1351 rebus
342 1309 477 1364 gestis
491 1309 812 1349 nullaslitteras
827 1308 1008 1361 misisse,
1028 1308 1142 1362 quod
1155 1308 1262 1349 mihi
1275 1322 1405 1362 meae,
1425 1321 1532 1362 quas
1552 1327 1588 1351 20

195 1369 248 1410 ad
263 1368 449 1422 aliquem
462 1367 687 1421 misissem,
707 1366 958 1408 obfuissent.
991 1367 1105 1416 Quas
1126 1380 1206 1421 ego
1221 1366 1327 1407 mihi
1342 1365 1531 1408 obfuisse

194 1441 282 1468 non
317 1426 542 1480 intellego,
583 1426 646 1466 rei
687 1425 884 1480 publicae
927 1425 1048 1467 video
1085 1425 1288 1479 prodesse
1326 1425 1532 1479 potuisse.

124 1472 180 1514 35
287 1483 369 1526 Sed
390 1488 491 1525 sunt
510 1484 615 1525 haec
634 1484 808 1538 leviora,
833 1484 909 1525 illa
927 1498 1027 1525 vero
1048 1484 1196 1539 gravia
1215 1486 1344 1538 atque
1364 1497 1533 1539 magna,

136 1532 180 1564 86
196 1543 309 1598 quod
336 1557 478 1583 meum
498 1542 744 1596 discessum,
771 1557 896 1597 quem
916 1557 1041 1597 saepe
1061 1542 1252 1595 defleras,
1276 1556 1389 1584 nunc
1409 1542 1532 1596 quasi

195 1601 503 1656 reprehendere
551 1604 594 1641 et
639 1601 920 1642 subaccusare
964 1601 1154 1642 voluisti.
1219 1600 1382 1642 Dixisti
1419 1601 1532 1642 enim
1551 1619 1586 1644 25

194 1675 283 1702 non
308 1659 514 1701 auxilium
540 1659 659 1714 mihi,
686 1659 759 1700 sed
785 1674 852 1701 me
879 1659 1037 1701 auxilio
1064 1659 1261 1701 defuisse.
1309 1659 1405 1714 Ego
1431 1674 1532 1701 vero

194 1719 334 1760 fateor
371 1733 457 1772 1116,
496 1718 609 1772 quod
645 1717 826 1759 viderim
862 1718 969 1759 mihi
1008 1718 1215 1759 auxilium
1251 1732 1339 1759 non
1375 1718 1533 1772 deesse,

194 1778 354 1819 idcirco
393 1791 459 1818 me
497 1777 562 1817 illi
600 1776 759 1818 auxilio
797 1777 1051 1831 pepercisse.
1114 1776 1197 1825 Qui
1234 1776 1347 1817 enim
1380 1779 1534 1831 status,

197 1836 311 1890 quod
348 1835 593 1888 discrimen,
633 1849 739 1890 quae
777 1835 907 1876 fuerit
938 1835 984 1876 in
1014 1850 1059 1876 re
1091 1835 1265 1889 publica
1296 1837 1531 1889 tempestas

194 1895 282 1948 illa,
315 1895 410 1948 quis
435 1894 602 1936 nescit?
657 1893 930 1935 Tribunicius
957 1908 1024 1935 me
1050 1896 1189 1935 terror
1215 1908 1270 1934 an
1295 1893 1532 1935 consularis
1551 1912 1590 1937 30

194 1953 316 1994 furor
345 1952 509 1994 movit?
565 1951 796 1994 Decertare
823 1952 931 1993 mihi
955 1952 1069 1994 ferro
1096 1965 1302 2007 magnum
1326 1951 1411 1992 fuit
1437 1966 1533 1993 cum

195 2011 389 2065 reliquiis
416 2025 575 2065 eorum,
608 2025 715 2065 quos
742 2024 822 2066 ego
848 2011 1041 2052 florentis
1069 2013 1196 2065 atque
1222 2010 1416 2065 integros
1442 2010 1532 2051 81116

196 2070 310 2111 ferro
354 2070 571 2111 viceram?
633 2068 841 2112 Consules
885 2072 986 2123 post
1022 2069 1246 2110 hominum
1282 2067 1533 2109 memoriam

197 2128 436 2169 taeterrimi
467 2131 596 2182 atque
628 2127 887 2182 turpissimi,
926 2128 1038 2169 sicut
1069 2130 1112 2169 et
1143 2127 1219 2168 illa
1247 2126 1459 2181 principia
1489 2130 1533 2167 61

196 2186 243 2226 hi
286 2189 477 2227 recentes
515 2201 658 2227 rerum
696 2186 836 2227 exitus
874 2186 1163 2239 declararunt,
1205 2198 1386 2239 quorum
1423 2184 1533 2226 alter
1551 2202 1587 2228 35

198 2244 432 2286 exercitum
462 2245 660 2298 perdidit,
692 2245 802 2286 alter
829 2244 1032 2298 vendidit,
1063 2243 1219 2298 emptis
1244 2242 1477 2297 provinciis
1508 2258 1534 2284 a

198 2305 361 2355 senatu,
393 2317 418 2343 6
448 2317 494 2343 re
524 2303 709 2356 publica,
741 2317 766 2344 a
793 2303 918 2344 bonis
945 2302 1143 2344 omnibus
1169 2300 1428 2356 defecerant3
1460 2302 1533 2354 qui
