1671 2543
197 91 282 132 518
370 90 420 126 IN
446 90 495 125 M.
522 89 785 125 ANTONIUM
811 88 991 125 ORATIO
1018 89 1288 124 PHILIPPICA
1314 89 1375 124 XI.

198 199 297 252 erit,
347 199 419 254 qui
471 213 564 240 eam
614 197 880 252 provinciam
931 200 1024 238 tum
1072 196 1305 251 optinebit,
1355 211 1451 238 cum
1495 195 1542 239 C.

141 261 182 292 31
201 258 374 301 Cassius
402 272 480 312 pro
502 257 676 298 consule
697 256 741 297 in
762 270 855 297 eam
876 255 1142 310 provinciam
1162 255 1338 297 venerit.
1377 255 1542 311 Regem

196 317 451 359 Deiotamm
482 318 651 370 patrem
682 318 726 356 et
757 328 903 370 regem
934 314 1192 356 Deiotarum
1224 315 1380 367 filium,
1412 314 1462 369 si,
1492 316 1542 356 ut

197 376 346 417 multis
385 375 510 417 bellis
545 388 670 428 saepe
702 388 880 415 numero
913 373 1141 428 imperium
1173 373 1322 428 populi
1355 372 1540 414 Romani

196 435 401 488 iuverint,
445 434 551 475 item
596 432 639 475 C.
685 431 883 475 Cassium
926 447 1004 487 pro
1050 432 1223 474 consule
1269 432 1405 487 copiis
1451 432 1540 473 suis
1579 442 1596 468 ⁵

197 494 435 548 opibusque
455 492 677 546 iuvissent,
698 491 867 532 senatui
886 491 1130 546 populoque
1151 490 1346 532 Romano
1368 493 1543 546 gratum

197 567 288 594 esse
333 552 537 593 facturos.
610 550 806 604 Itemque
852 550 888 591 si
932 550 1062 592 ceteri
1107 563 1248 605 reges,
1298 549 1542 591 tetrarchae

197 612 489 665 dynastaeque
514 609 729 659 fecissent,
757 611 953 650 senatum
978 609 1270 663 populumque
1298 607 1542 650 Romanum

197 684 346 711 eorum
391 669 653 711 officii'non
689 668 985 709 immemorem
1021 667 1227 708 futurum.
1295 666 1456 721 Utique
1496 665 1540 709 C.

196 728 340 770 Pansa
371 728 421 770 A.
454 727 625 769 Hirtius
658 727 867 780 consules,
903 726 1012 768 alter
1044 726 1236 780 ambove,
1269 726 1305 767 si
1338 726 1397 767 eis
1429 725 1542 767 vide-
1563 735 1596 762 ιο

197 790 328 841 retur,
355 802 399 828 re
424 787 599 841 publica
625 789 875 840 recuperata
901 786 950 826 de
977 785 1211 839 provinciis
1232 784 1543 838 consularibus,

198 847 427 901 praetoriis
473 845 524 895 ad
567 845 681 886 hunc
725 845 918 886 ordinem
961 844 1100 898 primo
1140 857 1309 898 quoque
1348 847 1542 898 tempore

198 905 397 946 referant.
453 904 625 945 Interea
655 903 900 958 provinciae
933 903 985 944 ab
1019 903 1085 956 iis,
1117 917 1141 944 a
1168 903 1322 956 quibus
1350 902 1543 957 optinen-

199 967 288 1018 tur,
331 963 626 1018 optineantur,
670 962 810 1016 quoad
849 962 1001 1016 cuique
1040 976 1091 1003 ex
1129 964 1304 1002 senatus
1343 961 1541 1003 consulto

200 1037 443 1065 successum
477 1021 561 1063 sit.'
882 1043 884 1046 >
1563 1029 1597 1055 15

132 1065 184 1107 13
287 1081 383 1123 Hoc
426 1084 601 1123 senatus
641 1080 837 1122 consulto
877 1079 1096 1121 ardentem
1135 1078 1462 1120 inflammabitis
1500 1080 1544 1119 et

141 1126 184 1157 3²
201 1143 413 1182 armatum
452 1139 676 1181 armabitis
710 1138 925 1193 Cassium3
962 1152 1039 1180 nec
1077 1138 1192 1179 enim
1229 1138 1420 1179 animum
1451 1136 1542 1178 eius

198 1199 384 1255 potestis
421 1198 621 1254 ignorare
659 1212 744 1239 nec-
775 1197 931 1252 copias.
993 1197 1178 1238 Animus
1216 1197 1253 1238 is
1294 1198 1378 1250 est,
1416 1209 1543 1251 quem

199 1259 373 1311 videtis,
412 1258 578 1311 copiae,
611 1271 716 1311 quas
750 1256 948 1309 audistis,
980 1254 1080 1281 *²³⁸*
1111 1255 1238 1297 fortis
1271 1258 1314 1296 et
1347 1256 1542 1296 constan-

201 1318 258 1358 tis
309 1317 408 1369 viri,
459 1316 531 1370 qui
574 1330 627 1356 ne
671 1315 768 1356 vivo
815 1315 986 1369 quidem
1029 1313 1244 1355 Trebonio
1289 1312 1541 1354 Dolabellae
1562 1324 1597 1349 20

200 1376 477 1418 latrocinium
520 1375 565 1415 in
604 1373 774 1428 Syriam
817 1375 1041 1427 penetrare
1081 1373 1263 1414 sivisset.
1332 1371 1542 1424 Allienus,

199 1434 427 1477 familiaris
459 1435 502 1474 et
526 1432 792 1474 necessarius
819 1446 950 1485 meus,
981 1434 1082 1486 post
1106 1431 1331 1472 interitum
1356 1430 1544 1472 Treboni

199 1493 395 1549 profecto
427 1506 479 1533 ne
513 1492 595 1533 dici
629 1491 800 1545 quidem
833 1504 876 1532 se
908 1490 1101 1545 legatum
1131 1489 1383 1531 Dolabellae
1415 1488 1543 1531 volet.

199 1553 282 1595 Est
315 1551 362 1601 Q.
395 1550 553 1593 Caecili
587 1550 723 1603 Bassi,
754 1549 912 1604 privati
945 1549 1062 1590 illius
1095 1549 1278 1603 quidem,
1311 1547 1384 1590 sed
1415 1547 1542 1589 fortis

145 1619 187 1650 33
202 1615 245 1653 et
276 1610 486 1666 praeclari
518 1609 617 1662 viri,
650 1609 854 1650 robustus
887 1610 930 1649 et
960 1607 1099 1649 victor
1131 1607 1355 1648 exercitus.
1416 1605 1543 1648 Deio·
1562 1616 1597 1643 25

202 1671 285 1712 tari
318 1670 432 1725 regis
466 1672 509 1710 et
539 1668 676 1723 patris
710 1670 752 1708 et
784 1667 862 1708 filii
895 1670 938 1708 et
971 1680 1152 1722 magnus
1180 1669 1223 1707 et
1247 1668 1398 1707 nostro
1425 1679 1544 1707 more

201 1729 430 1771 institutus
469 1728 697 1780 exercitus,
737 1740 903 1767 summa
934 1725 979 1766 in
1010 1725 1100 1766 filio
1133 1739 1248 1779 spes,
1285 1738 1453 1766 summa
1483 1723 1545 1765 in-

202 1788 317 1844 genii
343 1787 508 1828 indoles
536 1799 785 1840 summaque
812 1785 961 1826 virtus.
1013 1783 1124 1833 Quid
1150 1784 1289 1825 dicam
1315 1783 1364 1824 de
1389 1782 1543 1837 patre?

203 1847 322 1889 cuius
368 1845 660 1887 benivolentia
697 1845 741 1885 in
778 1843 986 1898 populum
1023 1842 1267 1884 Romanum
1304 1843 1371 1882 est
1407 1841 1542 1895 ipsius

203 1905 394 1961 aequalis
439 1904 590 1958 aetati3
635 1903 707 1957 qui
749 1917 836 1944 non
877 1902 1016 1943 solum
1055 1901 1195 1942 socius
1233 1901 1543 1954 imperatorum
1563 1910 1599 1936 30

202 1968 450 2006 nostrorum
487 1962 572 2004 fuit
608 1962 653 2003 in
684 1961 827 2015 bellis,
865 1975 1013 2001 verum
1044 1960 1175 2001 etiam
1207 1959 1291 2000 dux
1323 1959 1543 2012 copiarum

204 2038 389 2065 suarum.
453 2021 569 2070 Quae
603 2021 652 2062 de
685 2020 760 2061 illo
793 2020 884 2061 viro
913 2018 1044 2072 Sulla,
1077 2033 1184 2072 quae
1211 2017 1403 2071 Murena,
1435 2031 1544 2071 quae

205 2081 424 2134 Servilius,
451 2095 558 2135 quae
578 2079 784 2121 Lucullus
811 2093 940 2132 quam
961 2079 1132 2131 ornate,
1150 2091 1279 2131 quam
1297 2075 1544 2127 honorifice,

147 2151 190 2181 34
206 2155 332 2195 quam
365 2139 555 2196 graviter
587 2152 713 2192 saepe
745 2138 790 2178 in
822 2139 974 2178 senatu
1005 2135 1375 2190 praedicaverunt!
1432 2133 1543 2182 Quid

206 2200 255 2241 de
283 2198 357 2241 Cn.
384 2198 590 2252 Pompeio
622 2196 803 2250 loquar?
837 2196 910 2250 qui
941 2209 1073 2236 unum
1099 2193 1354 2235 Deiotarum
1378 2192 1423 2233 in
1447 2193 1542 2232 toto
1563 2202 1597 2228 ³5

206 2258 308 2299 orbe
347 2261 560 2298 terrarum
599 2270 650 2297 ex
681 2255 823 2296 animo
857 2254 1043 2295 amicum
1074 2267 1255 2306 vereque
1287 2249 1543 2302 benivolum,

204 2331 335 2356 unum
368 2315 537 2356 fidelem
569 2314 728 2369 populo
761 2313 956 2354 Romano
989 2311 1205 2353 iudicavit.
1259 2309 1437 2350 Fuimus
1468 2308 1545 2349 im-
