1671 2543
529 66 630 101 CAP.
659 71 796 103 16—18
824 71 843 110 ς
869 72 1019 103 39—45.
1364 69 1451 110 219

103 176 199 214 tum
252 178 468 228 putarem,
523 189 660 228 neque
712 190 825 217 nunc
875 175 1012 217 multo
1064 190 1186 218 secus
1236 176 1450 218 existimo.

104 232 213 274 Cum
257 233 370 274 enim
412 233 491 274 has
535 233 676 274 tribus
718 234 909 288 edidisti,
952 234 1116 290 ignotis
1154 237 1198 276 te
1236 235 1448 276 iudicibus

103 291 168 332 uti
206 291 333 332 malle
373 306 502 345 quam
538 292 654 333 notis
693 292 957 347 indicavisti3
994 293 1149 349 fugisti
1188 293 1449 335 sententiam

103 349 230 405 legis,
269 351 531 404 aequitatem
570 365 741 392 omnem
773 351 979 406 reiecisti,
1017 352 1063 393 in
1094 352 1285 393 tenebris
1318 367 1447 406 quam

68 425 83 450 5
103 409 149 450 in
179 408 274 450 luce
307 423 479 450 causam
511 410 673 450 versari
705 410 910 451 maluisti.
975 410 1187 452 ‘Voltinia
1218 411 1359 452 tribus
1393 411 1446 452 ab
1463 418 1508 448 43

102 467 185 509 hoc
234 470 456 522 corrupta,
505 468 750 509 Teretinam
799 469 1012 511 habuerat
1055 470 1261 511 venalem.
1336 469 1449 518 Quid

102 526 262 567 diceret
299 526 412 580 apud
449 526 735 568 Voltiniensis
774 531 850 569 aut
888 528 999 582 apud
1037 528 1211 569 tribulis
1251 542 1351 569 suos
1389 528 1450 569 iu-

102 584 262 626 dices?'
325 584 464 626 Immo
505 600 606 627 vero
645 589 694 627 tu
733 587 835 640 quid
873 587 1065 628 diceres?
1104 601 1232 641 quem
1262 587 1448 628 iudicem

102 658 153 684 ex
190 643 277 684 illis
317 647 391 684 aut
429 644 612 686 tacitum
649 647 808 686 testem
845 645 1026 687 haberes
1066 649 1141 687 aut
1181 660 1281 687 vero
1315 646 1448 687 etiam

52 719 84 744 10
104 702 343 744 excitares?
405 703 599 757 Etenim,
631 704 668 744 si
700 718 798 745 reus
831 705 970 745 tribus
1004 705 1167 758 ederet,
1206 703 1450 746 Voltiniam

101 760 288 802 fortasse
320 761 521 803 Plancius
559 765 739 816 propter
775 763 1138 804 necessitudinem
1177 777 1225 804 ac
1256 763 1451 805 vicinita-

102 822 204 873 tem,
236 833 359 861 suam
390 835 491 862 vero
524 824 640 862 certe
667 821 883 863 edidisset.
938 821 1009 875 Et,
1042 822 1079 862 si
1106 821 1325 876 quaesitor
1350 822 1451 863 huic

103 878 289 919 edendus
338 878 512 933 fuisset,
562 894 689 934 quem
739 880 913 921 tandem
962 880 1107 934 potius
1158 895 1287 935 quam
1336 880 1451 922 hunc

103 936 149 979 C.
187 937 367 991 Alfium,
413 952 539 991 quem
583 938 733 992 habet,
776 939 843 980 cui
881 939 1136 980 notissimus
1174 953 1267 980 esse
1306 939 1451 991 debet,

56 1011 86 1038 15
105 995 306 1049 vicinum,
332 996 550 1051 tribulem,
576 997 882 1051 gravissimum
906 997 1127 1039 hominem
1146 998 1451 1039 iustissimum-

105 1069 204 1109 que,
240 1055 473 1096 edidisset?
506 1055 625 1097 cuius
659 1056 832 1109 quidem
864 1057 1059 1110 aequitas
1092 1059 1136 1098 et
1168 1071 1217 1097 ea
1248 1056 1450 1098 voluntas

104 1127 207 1168 erga
239 1112 314 1155 Cn.
347 1113 495 1155 Planci
534 1114 736 1168 salutem,
775 1129 904 1169 quam
942 1115 1015 1156 ille
1048 1115 1139 1156 sine
1171 1114 1260 1156 ulla
1292 1115 1452 1169 cupidi-

103 1172 209 1213 tatis
262 1173 506 1226 suspicione
555 1187 657 1226 prae
708 1187 752 1214 se
801 1173 904 1227 fert,
954 1173 1080 1215 facile
1131 1173 1322 1215 declarat
1364 1188 1452 1215 non

103 1230 236 1272 fuisse
268 1230 496 1286 fugiendos
528 1231 703 1273 tribulis
729 1231 828 1273 huic
858 1232 1031 1286 iudices,
1064 1232 1133 1274 cui
1160 1232 1451 1286 quaesitorem

50 1305 85 1330 20
104 1290 310 1331 tribulem
365 1290 655 1344 exoptandum
710 1290 844 1332 fuisse
893 1291 1086 1332 videatis.
1168 1290 1320 1345 Neque
1371 1304 1451 1346 ego
1466 1321 1512 1352 44

102 1363 215 1390 nunc
259 1349 487 1390 consilium
530 1349 794 1403 reprehendo
839 1352 979 1404 tuum,
1025 1350 1138 1404 quod
1181 1364 1252 1391 eas
1297 1350 1452 1404 tribus,

105 1407 260 1461 quibus
309 1410 402 1449 erat
450 1408 521 1449 hic
571 1408 756 1449 maxime
799 1411 947 1461 notus,
996 1423 1085 1450 non
1128 1408 1328 1462 edideris,
1379 1409 1452 1450 sed

105 1480 130 1506 a
160 1468 204 1507 te
236 1466 366 1508 doceo
399 1467 627 1508 consilium
658 1481 747 1508 non
778 1470 996 1508 servatum
1027 1470 1214 1508 senatus.
1275 1467 1450 1508 Etenim

107 1524 203 1578 quis
257 1527 301 1565 te
356 1527 450 1566 tum
505 1525 673 1566 audiret
727 1526 920 1579 illorum,
976 1529 1051 1567 aut
1108 1526 1209 1581 quid
1259 1526 1452 1568 diceres?

52 1597 87 1623 25
109 1582 437 1637 Sequestremne
485 1583 740 1625 Plancium?
815 1584 1085 1638 Respuerent
1135 1599 1277 1638 aures,
1325 1599 1452 1626 nemo

107 1644 372 1697 agnosceret,
403 1642 690 1696 repudiarent.
746 1642 816 1684 An
842 1643 1113 1698 gratiosum?
1169 1643 1241 1683 Illi
1266 1643 1454 1684 libenter

107 1700 321 1752 audirent,
360 1714 440 1741 nos
482 1714 571 1741 non
612 1701 762 1742 timide
807 1702 1121 1742 confiteremur.
1190 1700 1293 1742 Noli
1338 1701 1452 1742 enim

106 1761 271 1813 putare,
303 1757 562 1812 Laterensis,
594 1759 763 1814 legibus
794 1760 906 1814 istis,
940 1774 1046 1813 quas
1079 1762 1254 1800 senatus
1287 1760 1338 1800 de
1367 1774 1453 1800 am—

107 1818 203 1858 bitu
247 1817 405 1858 sanciri
442 1817 645 1871 voluerit,
683 1817 726 1858 id
765 1832 856 1858 esse
896 1821 1057 1872 actum,
1097 1821 1148 1858 ut
1185 1817 1453 1872 suffragatio,

53 1894 88 1920 30
108 1879 157 1917 ut
189 1876 480 1929 observantia,
511 1878 560 1916 ut
591 1876 734 1931 gratia
765 1876 1002 1917 tolleretur.
1071 1875 1248 1930 Semper
1279 1876 1454 1917 fuerunt

107 1932 190 1976 viri
222 1935 336 1988 boni,
370 1934 444 1988 qui
475 1934 588 1988 apud
614 1934 787 1975 tribulis
818 1949 918 1976 suos
945 1934 1129 1989 gratiosi
1155 1949 1247 1976 esse
1273 1934 1453 1989 vellent3

106 2008 244 2048 neque
287 2007 388 2034 vero
432 1996 522 2034 tam
566 1992 696 2033 durus
740 1993 784 2034 in
821 1993 992 2046 plebem
1028 1996 1177 2035 noster
1215 1993 1318 2034 ordo
1357 1993 1512 2047 fuit,45

107 2055 158 2093 ut
189 2066 284 2093 eam
316 2052 400 2093 coli
425 2054 576 2093 nostra
601 2051 770 2092 modica
794 2051 1056 2092 liberalitate
1082 2052 1285 2105 noluerit,
1315 2066 1453 2106 neque

107 2111 190 2152 hoc
232 2110 382 2152 liberis
426 2110 589 2151 nostris
626 2110 967 2152 interdicendum
1008 2113 1092 2165 est,
1131 2125 1184 2151 ne
1224 2111 1454 2152 observent

0 2203 1 2223 ¹
56 2185 90 2211 35
110 2169 283 2211 tribulis
315 2183 428 2223 suos,
458 2184 511 2210 ne
544 2168 740 2223 diligant,
769 2183 823 2210 ne
850 2169 1058 2210 conficere
1083 2169 1337 2212 necessariis
1365 2169 1454 2210 suis

110 2241 232 2268 suam
275 2228 438 2269 tribum
481 2227 669 2282 possint,
711 2241 765 2268 ne
801 2242 880 2282 par
918 2227 970 2268 ab
1009 2227 1062 2268 iis
1101 2242 1256 2268 munus
1294 2229 1340 2269 in
1377 2242 1455 2269 sua

108 2286 319 2339 petitione
363 2288 624 2341 exspectent.
690 2285 810 2327 Haec
854 2286 968 2327 enim
1005 2286 1132 2340 plena
1170 2289 1270 2327 sunt
1309 2286 1454 2340 officii,
