1671 2543
556 93 656 128 CAP.
685 97 799 128 7—10
825 96 845 135 ἓ
873 96 1021 128 19—27.
1374 93 1460 134 563

119 199 240 241 misit
276 202 428 254 postea
459 200 509 241 de
541 199 818 254 Alexandria,
856 200 906 242 de
938 199 1176 254 Pharnace;
1211 199 1460 241 Pharsaliae

119 273 220 300 vero
257 272 426 314 pugnae
463 273 516 300 ne
554 259 821 313 triumphum
860 259 1030 313 quidem
1065 259 1166 314 egit.
1226 258 1316 299 Eos
1348 259 1461 299 enim

121 317 234 359 cives
271 331 417 372 pugna
453 317 529 358 illa
567 317 819 371 sustulerat,
862 317 1016 372 quibus
1052 331 1140 358 non
1177 317 1302 358 modo
1341 317 1461 370 vivis,
1504 337 1514 348 ι

121 376 195 418 sed
233 376 363 417 etiam
395 375 631 417 victoribus
662 376 889 417 incolumis
922 379 966 417 et
996 375 1152 417 florens
1184 375 1334 417 civitas
1368 390 1460 416 esse

83 437 280 488 5posset.
360 433 481 483 Quod
537 435 649 475 idem
704 435 945 489 contigerat
994 434 1285 488 superioribus
1333 434 1459 475 bellis
1475 442 1520 473 24

121 493 332 535 civilibus.
393 492 507 534 Nam
543 493 650 534 mihi
682 493 846 534 consuli
879 493 1135 547 supplicatio
1166 492 1297 534 nullis
1330 493 1459 533 armis

122 552 307 606 sumptis
326 566 414 593 non
434 552 488 593 ob
510 552 681 593 caedem
700 552 903 605 hostium,
924 552 996 593 sed
1017 553 1071 593 ob
1093 551 1461 593 conservationem

122 610 280 652 civium
322 625 433 652 novo
472 614 516 652 et
551 610 744 651 inaudito
784 624 937 665 genere
975 611 1145 652 decreta
1182 612 1259 652 est.
1323 610 1461 659 Quam

123 669 177 711 ob
215 683 305 710 rem
344 672 418 710 aut
453 669 710 723 supplicatio
743 684 787 710 re
819 669 991 723 publica
1021 669 1306 723 pulcherrime
1339 671 1462 723 gesta

70 749 104 774 10
122 728 445 782 postulantibus
496 728 657 769 nostris
706 728 1038 781 imperatoribus
1088 727 1335 782 deneganda
1384 729 1461 780 est,

123 787 237 840 quod
274 789 444 841 praeter
483 785 714 827 Gabinium
753 787 937 841 contigit
972 786 1151 839 nemini,
1192 788 1266 827 aut
1303 785 1461 839 suppli-

123 845 292 887 catione
329 845 592 886 decernenda
627 846 775 886 hostes
814 860 903 898 eos,
940 845 990 886 de
1029 845 1182 898 quibus
1222 843 1461 898 decernitis,

122 904 319 945 iudicetis
350 918 523 945 necesse
555 906 631 945 est.
684 903 806 953 Quod
839 917 940 958 ergo
969 903 1041 945 ille
1068 918 1123 957 re,
1154 903 1197 944 id
1223 916 1302 958 ego
1329 902 1499 944 etiam9

122 962 266 1017 verbo,
298 977 394 1004 cum
425 963 705 1016 imperatores
738 976 808 1003 eos
841 962 1028 1016 appello;
1058 962 1140 1003 hoc
1167 962 1262 1015 ipso
1287 961 1460 1002 nomine

124 1023 168 1062 et
205 1035 295 1075 eos,
334 1021 407 1075 qui
443 1021 530 1062 iam
569 1021 725 1063 devicti
757 1024 874 1074 sunt,
913 1023 956 1061 et
987 1035 1077 1074 eos,
1116 1020 1188 1074 qui
1221 1021 1462 1073 supersunt,

70 1088 103 1114 1⁵
122 1079 270 1121 hostes
301 1079 454 1133 iudico,
486 1094 583 1121 cum
613 1080 797 1121 victores
830 1079 997 1133 appello
1024 1079 1316 1132 imperatores.
1368 1077 1460 1127 Quo
1475 1087 1519 1117 25

123 1138 251 1179 modo
277 1138 391 1179 enim
415 1138 560 1192 potius
580 1138 765 1179 Pansam
786 1138 1009 1192 appellem,
1035 1137 1116 1179 etsi
1135 1137 1268 1178 habet
1286 1136 1462 1177 honoris

122 1211 280 1238 nomen
323 1196 597 1251 amplissimi,
641 1211 724 1250 quo
768 1196 990 1237 Hirtium?
1051 1195 1134 1236 Est
1175 1196 1247 1236 ille
1292 1195 1463 1249 quidem

124 1255 285 1309 consul,
311 1255 383 1296 sed
410 1255 593 1296 alterum
617 1270 772 1296 nomen
799 1254 994 1296 beneficii
1012 1254 1162 1308 populi
1180 1253 1365 1295 Romani
1385 1255 1464 1307 est,

124 1314 309 1355 alterum
356 1313 531 1354 virtutis
581 1316 708 1368 atque
755 1313 972 1354 victoriae.
1042 1312 1182 1361 Quid?
1236 1311 1462 1354 Caesarem

71 1383 105 1408 20
125 1372 301 1414 deorum
336 1372 544 1413 beneficio
582 1372 644 1414 rei
680 1372 876 1426 publicae
913 1374 1185 1426 procreatum
1216 1370 1463 1411 dubitemne

125 1431 342 1484 appellare
377 1431 710 1485 imperatorem?
755 1430 828 1484 qui
858 1430 1022 1484 primus
1053 1429 1217 1470 Antoni
1248 1429 1464 1469 inmanem

125 1492 169 1529 et
205 1488 375 1529 foedam
412 1489 709 1530 crudelitatem
746 1503 833 1530 non
870 1488 1008 1530 solum
1044 1502 1068 1528 a
1098 1487 1257 1542 iugulis
1289 1487 1464 1539 nostris,

125 1547 199 1588 sed
243 1547 372 1587 etiam
417 1561 441 1587 a
484 1548 688 1588 membris
732 1550 776 1588 et
817 1547 1051 1588 visceribus
1096 1545 1264 1586 avertit.
1325 1543 1464 1586 Unius

125 1607 271 1646 autem
308 1604 391 1646 diei
430 1608 536 1659 quot
573 1608 616 1646 et
654 1608 837 1658 quantae
875 1605 1074 1656 virtutes,
1112 1604 1154 1644 di
1185 1603 1464 1655 immortales,

72 1675 106 1700 25
125 1663 316 1705 fuerunt!
373 1663 576 1717 Princeps
608 1663 721 1704 enim
754 1662 944 1704 omnium
969 1662 1110 1702 Pansa
1134 1661 1287 1715 proelii
1311 1660 1465 1701 facien·
1478 1671 1523 1702 26

126 1722 169 1773 di
201 1725 244 1762 et
276 1736 371 1763 cum
403 1722 594 1762 Antonio
626 1720 881 1776 confligendi
912 1720 1013 1773 fuit,
1045 1720 1199 1774 dignus
1230 1719 1467 1772 imperator

124 1781 294 1835 legione
315 1780 486 1830 Martia,
506 1780 636 1834 digna
659 1779 771 1834 legio
793 1779 1062 1832 imperatore.
1107 1777 1238 1819 Cuius
1259 1778 1295 1818 si
1316 1777 1466 1818 acerri-

126 1854 245 1880 mum
276 1839 486 1892 impetum
518 1838 715 1879 cohibere
746 1837 886 1878 Pansa
916 1836 1148 1890 potuisset,
1185 1850 1269 1876 uno
1300 1835 1465 1889 proelio

127 1897 323 1939 confecta
366 1911 433 1937 res
477 1899 600 1937 esset.
669 1895 751 1937 Sed
795 1910 891 1936 cum
934 1894 1151 1935 libertatis
1192 1894 1315 1935 avida
1350 1893 1464 1948 legio

73 1966 108 1992 80
128 1955 373 1997 effrenatius
422 1955 468 1995 in
514 1955 649 1996 aciem
691 1954 882 1995 hostium
924 1953 1159 2007 inrupisset
1201 1952 1377 2006 ipseque
1420 1951 1467 1992 in

125 2014 277 2068 primis
310 2013 451 2055 Pansa
480 2015 705 2068 pugnaret,
737 2012 901 2053 duobus
932 2010 1185 2065 periculosis
1217 2010 1464 2051 vulneribus

126 2072 314 2126 acceptis
347 2072 541 2113 sublatus
574 2086 595 2112 e
620 2070 784 2125 proelio
811 2070 873 2111 rei
898 2069 1095 2124 publicae
1120 2069 1256 2110 vitam
1281 2071 1466 2110 reserva-

125 2131 200 2171 vit.
266 2130 362 2185 Ego
411 2144 510 2171 vero
553 2129 666 2171 hunc
710 2143 796 2170 non
840 2128 978 2169 solum
1020 2128 1344 2182 imperatorem,
1393 2127 1466 2167 sed

128 2189 260 2230 etiam
297 2188 582 2230 clarissimum
619 2188 923 2241 imperatorem
960 2186 1120 2240 iudico,
1157 2186 1231 2239 qui
1264 2200 1360 2227 cum
1392 2187 1467 2226 aut

73 2258 107 2283 35
128 2250 266 2288 morte
317 2249 391 2287 aut
439 2246 621 2287 victoria
668 2260 712 2286 se
757 2245 862 2286 satis
905 2244 1122 2286 facturum
1164 2244 1227 2284 rei
1268 2243 1465 2298 publicae

127 2305 446 2359 spopondisset,
494 2304 678 2345 alterum
723 2303 842 2357 fecit,
892 2303 1068 2344 alterius
1113 2302 1155 2343 ch·
1198 2302 1464 2343 immortales

127 2377 253 2404 omen
285 2363 496 2404 avertant!
549 2362 659 2412 Quid
691 2362 829 2403 dicam
860 2361 911 2403 de
941 2360 1116 2402 Hirtio?
1150 2360 1223 2415 qui
1248 2375 1293 2402 re
1320 2361 1466 2402 audita

1109 2427 1182 2463 36*

1482 2336 1536 2377 10

1480 2396 1523 2427 27
