1671 2543
190 63 295 137 ¹540
355 94 408 130 ΙΝ
434 95 481 131 Μ.
507 94 765 130 ANTONIUM
791 93 970 130 ORATIO
996 94 1262 130 PHILIPPICA
1287 94 1384 131 xm.

208 203 418 269 siquidem
450 204 577 245 licere
610 203 650 244 id
683 203 882 257 dicimus,
920 203 1032 257 quod
1064 203 1250 258 legibus,
1285 202 1398 257 quod
1429 217 1548 255 moto

208 262 420 304 maiorum
448 261 747 328 institutisque
780 262 1036 304 conceditur.
1096 260 1247 316 Neque
1279 262 1403 316 enim,
1434 261 1547 316 quod

208 321 387 375 quisque
419 323 576 376 potest,
608 320 650 362 id
682 320 719 362 ei
746 321 858 373 licet,
889 335 977 369 nec,
1009 320 1046 362 si
1070 334 1158 362 non
1183 320 1394 374 obstatur,
1423 334 1547 375 prop-

206 382 325 421 terea
351 379 483 421 etiam
508 379 786 434 permittitur.
837 379 933 421 Tibi
960 379 1073 421 enim
1099 379 1345 433 exercitum,
1376 377 1548 434 Lepide,

206 441 297 480 tam
336 453 464 492 quam
501 438 735 480 maioribus
774 438 861 479 tuis
898 438 1039 493 patria
1075 452 1153 492 pro
1191 452 1236 479 se
1268 437 1393 480 dedit.
1453 437 1547 480 Hoc
1582 448 1601 476 ⁶

206 500 254 539 tu
293 497 458 539 arcebis
494 497 684 550 hostem,
721 497 827 538 fines
864 497 1033 551 imperii
1064 496 1344 552 propagabis3
1380 496 1547 539 senatui

206 556 450 610 populoque
482 555 677 597 Romano
710 556 892 610 parebis,
924 556 960 597 si
992 570 1121 610 quam
1153 556 1206 597 ad
1237 555 1365 597 aliam
1390 569 1480 598 rem
1506 558 1548 598 te

206 614 318 656 forte
351 615 602 656 traduxerit.

295 673 413 715 Haec
446 673 483 715 si
514 673 694 729 cogitas,
725 687 769 715 es
796 673 852 714 M.
878 672 1077 728 Lepidus,
1106 672 1301 728 pontifex
1326 673 1550 727 maximus,
1640 713 1649 727 ,

206 731 263 773 Μ.
284 731 447 787 Lepidi,
478 732 693 787 pontificis
725 732 912 786 maximi,
942 746 1173 787 pronepos3
1205 732 1272 774 sin
1301 731 1548 774 hominibus
1568 743 1602 769 ¹0
1639 730 1650 788 ξ

206 794 378 832 tantum
399 791 527 833 licere
546 791 721 845 iudicas,
748 794 957 845 quantum
976 794 1170 846 possunt,
1194 791 1301 844 vide,
1325 805 1378 832 ne
1399 790 1549 832 alienis
1638 789 1649 798 ’

208 850 431 904 exemplis,
468 850 606 904 iisque
644 850 905 904 recentibus,
941 850 1007 892 uti
1045 864 1173 904 quam
1211 853 1254 892 et
1285 849 1475 904 antiquis
1507 852 1550 891 et
1641 899 1646 904 ⁷

207 909 455 951 domesticis
493 909 620 950 malle
652 908 832 951 videare.
895 908 1056 958 Quodsi
1088 909 1390 950 auctoritatem
1421 908 1550 950 inter-
1634 907 1645 961 ³,

206 968 331 1022 ponis
365 968 455 1009 sine
488 968 636 1021 armis,
673 968 812 1023 magis
844 967 1041 1022 equidem
1071 968 1216 1021 laudo,
1249 967 1322 1009 sed
1353 967 1466 1021 vide,
1495 980 1550 1009 ne
1636 975 1646 1027 ’ἶ

206 1026 289 1068 1100
338 1026 479 1081 ipsum
528 1041 615 1068 non
659 1027 716 1068 sit
758 1041 940 1068 necesse.
1015 1026 1284 1080 Quamquam
1328 1026 1440 1068 enim
1484 1028 1550 1067 est
1570 1036 1603 1064 1⁵
1641 1036 1647 1060 2

208 1087 332 1127 tanta
356 1085 402 1126 in
427 1088 469 1127 te
497 1085 744 1140 auctoritas,
773 1088 933 1140 quanta
957 1085 1085 1127 debet
1109 1085 1155 1126 in
1178 1085 1351 1127 homine
1376 1084 1551 1126 nobilis·
1643 1083 1645 1088 ’

209 1144 335 1198 311110,
373 1147 518 1186 tamen
551 1147 724 1186 senatus
757 1159 802 1186 se
832 1145 923 1199 ipse
954 1159 1042 1186 non
1073 1144 1310 1186 contemnit
1340 1157 1420 1186 nec
1449 1157 1550 1186 vero

207 1203 291 1244 fuit
334 1217 539 1257 umquam
583 1203 772 1258 gravior,
817 1203 1101 1257 constantior,
1144 1202 1311 1244 fortior.
1380 1201 1550 1244 Incensi

209 1276 356 1303 omnes
378 1262 569 1316 rapimur
589 1262 641 1303 ad
660 1262 907 1303 libertatem
927 1262 1276 1316 recuperandam,
1300 1275 1386 1303 non
1404 1262 1550 1315 potest

207 1320 338 1361 ullius
383 1320 641 1361 auctoritate
685 1323 832 1362 tantus
878 1323 1052 1362 senatus
1094 1320 1326 1374 populique
1366 1319 1604 1360 Romam'm

209 1378 336 1420 ardor
367 1379 579 1433 extingui,
617 1379 802 1432 odimus,
833 1379 934 1420 irati
965 1392 1225 1434 pugnamus,
1256 1377 1501 1432 extorqueri
1531 1391 1552 1419 e

208 1437 406 1479 manibus
445 1452 563 1478 arma
600 1451 685 1478 non
722 1440 922 1491 possunt,
959 1437 1147 1491 receptui
1183 1437 1354 1492 signum
1387 1439 1461 1478 aut
1490 1451 1552 1478 re-

209 1496 478 1537 vocationem
522 1511 546 1537 a
583 1496 696 1537 bello
736 1496 881 1537 audire
919 1510 1005 1537 non
1041 1509 1287 1550 possumus,
1331 1509 1551 1550 speramus

210 1554 390 1609 optima,
434 1555 526 1609 pati
570 1555 636 1596 vel
674 1554 928 1596 difficillima
965 1555 1176 1595 malumus
1216 1568 1344 1608 quam
1381 1553 1551 1595 servire.

154 1626 194 1657 16
210 1612 368 1655 Caesar
418 1613 602 1655 confecit
646 1613 854 1655 invictum
898 1613 1149 1667 exercitum3
1197 1613 1280 1654 duo
1323 1611 1551 1654 fortissimi
1570 1622 1641 1659 2⁵}

210 1672 407 1714 consules
440 1673 596 1714 adsunt
628 1687 724 1714 cum
759 1672 912 1726 copiis3
949 1671 994 1713 L.
1022 1671 1188 1725 Planci,
1226 1671 1414 1713 consulis
1446 1671 1551 1712 desi·
1628 1671 1645 1730 ξ

209 1731 344 1786 gnati,
375 1731 493 1772 varia
525 1734 568 1772 et
600 1744 757 1786 magna
781 1731 940 1772 auxilia
965 1745 1049 1772 non
1076 1731 1246 1784 desunt3
1279 1730 1325 1771 in
1348 1729 1400 1771 D.
1425 1729 1551 1772 Bruti
1629 1733 1646 1774 ’ῐ

1631 1792 1643 1855 ι’

1630 1893 1645 1919 ⁴

1637 1935 1646 1960 t

168 649 190 689 7

151 708 192 740 15

210 1790 348 1831 salute
384 1792 590 1843 certatur;
627 1804 736 1831 unus
768 1789 955 1831 furiosus
987 1789 1202 1845 gladiator
1233 1803 1330 1831 cum
1360 1788 1551 1830 taeterri-

209 1863 378 1890 morum
415 1848 633 1890 latronum
671 1863 798 1890 manu
837 1851 987 1890 contra
1024 1847 1227 1902 patriam,
1264 1849 1414 1889 contra
1451 1847 1551 1890 (1003

209 1910 404 1961 penates,
447 1910 597 1949 contra
635 1921 730 1949 aras
769 1910 812 1948 et
848 1906 984 1959 focos,
1029 1909 1178 1947 contra
1215 1907 1419 1960 quattuor
1456 1916 1605 1948 con-³⁰

210 1965 323 2007 sules
355 1966 468 2021 gerit
500 1966 671 2007 bellum
733 1965 846 2007 Huic
879 1966 1087 2018 cedamus,
1121 1965 1249 2006 huius
1281 1963 1549 2006 condiciones

211 2024 450 2078 audiamus,
483 2039 579 2066 cum
609 2024 691 2066 hoc
723 2039 872 2078 pacem
902 2024 995 2065 fieri
1025 2037 1150 2078 posse
1184 2023 1433 2066 credamus?

170 2091 194 2129 8
297 2082 359 2124 At
396 2083 634 2148 periculum
672 2085 754 2136 est,
796 2097 849 2124 ne
887 2082 1190 2137 opprimamur.
1257 2081 1357 2124 Non
1394 2083 1551 2135 metuo,

210 2156 262 2182 ne
299 2142 355 2195 is,
393 2141 466 2195 qui
503 2142 592 2183 suis
624 2117 902 2196 amplissimis
934 2140 1117 2182 fortunis
1149 2140 1232 2183 nisi
1265 2140 1389 2182 bonis
1420 2139 1548 2182 salvis

210 2199 294 2240 frui
332 2214 419 2241 non
456 2202 617 2254 potest,
654 2200 809 2254 prodat
846 2200 1028 2241 salutem
1065 2213 1196 2241 suam.
1262 2198 1407 2241 Bonos
1444 2198 1602 2239 civisaae

211 2258 397 2310 primum
428 2261 584 2300 natura
614 2258 759 2312 efficit,
791 2258 964 2300 adiuvat
995 2258 1143 2299 deinde
1172 2257 1355 2300 fortuna.
1406 2255 1550 2298 Omni-

211 2316 289 2356 bus
334 2317 448 2358 enim
485 2317 610 2358 bonis
655 2317 824 2371 expedit
868 2316 1030 2358 salvam
1068 2330 1160 2357 esse
1197 2330 1285 2356 rem
1321 2314 1548 2368 publicam.
