1671 2543
535 92 636 128 CAP.
663 97 803 128 12—14
827 97 848 136 ς
874 97 955 130 31-
967 97 1023 130 35.
1377 95 1459 136 127

113 204 188 243 aut
219 201 362 243 infidis
395 204 470 242 aut
500 201 735 257 incognitis
768 204 843 242 aut
870 205 985 243 certe
1009 202 1270 243 immanibus
1297 205 1341 243 et
1366 202 1460 243 bar-

112 260 230 301 baris
274 263 317 301 et
360 260 578 302 bellicosis
622 261 898 315 tenebantur3
942 275 1048 315 quas
1091 260 1288 302 nationes
1331 276 1457 302 nemo

112 333 318 373 umquam
355 318 438 360 fuit
477 319 581 373 quin
611 318 754 374 frangi
787 319 1036 374 domarique
1069 322 1255 385 cuperet.
1317 318 1457 361 Nemo

113 378 330 443 sapienter
367 378 416 418 de
454 392 499 419 re
536 353 736 432 1111101103ω
746 381 897 419 nostra
935 378 1145 433 cogitavit
1182 378 1270 419 iam
1303 378 1402 420 inde
1435 394 1459 419 a

75 447 92 473 5
112 436 324 490 principio
355 436 483 477 huius
515 436 703 491 imperii,
736 436 840 490 quin
873 436 1059 478 Galliam
1090 437 1274 478 maxime
1307 437 1459 478 timen-

112 495 211 536 dam
235 495 372 536 huic
361 495 542 549 imperio
568 498 760 549 putaiet3
787 496 860 536 sed
885 498 1064 550 propter
1086 496 1175 537 vim
1195 510 1244 537 ac
1263 496 1458 537 multitu-

113 554 255 595 dinem
281 554 476 608 gentium
501 554 676 595 illarum
699 568 937 608 numquam
963 557 1030 596 est
1056 557 1183 595 antea
1206 569 1303 596 cum
1324 555 1457 596 omni·

111 613 193 653 bus
243 612 513 666 dimicatum3
557 612 798 654 restitimus
847 627 1015 667 semper
1063 613 1266 654 lacessiti.
1331 613 1458 655 Nunc

112 671 294 724 denique
327 674 392 712 est
423 671 674 725 perfectum,
706 674 755 712 ut
786 672 958 725 imperii
987 672 1128 713 nostri
1160 675 1456 726 terrarumque

59 743 93 768 10
112 729 283 770 illarum
304 729 417 771 idem
437 733 552 771 esset
572 733 822 771 extremum.
848 730 1034 784 Alpibus
1055 730 1229 771 Italiam
1243 731 1458 772 munierat

113 791 240 829 antea
274 791 430 829 natura
468 803 556 830 non
593 789 683 829 sine
721 789 865 842 aliquo
904 789 1047 830 divino
1084 789 1269 830 numine.
1331 789 1458 843 Nam,

113 847 150 888 si
204 847 276 888 ille
327 847 468 888 aditus
520 846 743 888 Gallorum
792 847 1055 888 immanitati
1104 848 1456 902 multitudinique

112 906 341 960 patuisset,
375 920 611 959 numquam
641 906 747 947 haec
778 907 881 947 urbs
914 921 1081 947 summo
1112 906 1293 960 imperio
1326 907 1458 950 domi-

113 964 260 1006 cilium
286 979 334 1005 ac
360 964 503 1005 sedem
528 965 808 1018 praebuisset.
849 965 966 1013 Quae
992 965 1079 1006 iam
1097 965 1200 1006 licet
1221 965 1457 1006 considant.

60 1037 93 1062 15
113 1022 235 1064 Nihil
265 1026 330 1064 est
356 1023 471 1064 enim
495 1023 611 1064 ultra
637 1023 757 1064 illam
783 1023 1057 1065 altitudinem
1083 1024 1296 1065 montium
1321 1038 1456 1077 usque

114 1082 166 1122 ad
202 1081 436 1135 Oceanum,
475 1082 588 1135 quod
626 1081 683 1122 sit
720 1081 873 1123 Italiae
910 1082 1311 1136 pertimescendum.
1375 1081 1455 1123 Sed

113 1143 259 1181 tamen
295 1155 381 1181 una
418 1142 546 1194 atque
586 1140 722 1181 altera
760 1143 900 1181 aestas
937 1141 1003 1181 vel
1034 1143 1153 1181 metu
1184 1141 1250 1182 vel
1283 1155 1357 1195 spe
1390 1141 1457 1182 vel

111 1213 250 1252 poena
280 1199 347 1239 vel
378 1199 581 1252 praemiis
607 1199 674 1240 vel
701 1199 831 1240 armis
858 1199 925 1240 vel
950 1199 1120 1253 legibus
1145 1202 1292 1253 potest
1318 1202 1458 1240 totam

114 1256 301 1298 Galliam
343 1257 616 1311 sempiternis
661 1257 842 1298 vinculis
881 1258 1160 1312 adstringere.
1226 1257 1457 1312 Impolitae

60 1331 94 1355 20
112 1330 213 1356 vero
247 1330 314 1357 res
346 1318 389 1356 et
422 1316 601 1357 acerbae
633 1316 668 1357 si
701 1319 826 1357 erunt
852 1316 1038 1369 relictae,
1071 1331 1331 1370 quamquam
1357 1320 1458 1357 sunt

113 1374 288 1428 accisae,
317 1377 463 1416 tamen
487 1374 663 1415 efferent
690 1389 733 1415 se
761 1375 990 1428 aliquando
1018 1378 1062 1415 et
1088 1375 1140 1416 ad
1165 1376 1458 1416 renovandum

112 1433 274 1473 bellum
311 1433 582 1474 revirescent.
639 1433 778 1482 Quare
818 1434 875 1474 sit
912 1434 958 1474 in
995 1434 1086 1474 eius
1124 1433 1264 1474 tutela
1302 1433 1456 1486 Gallia,
1471 1441 1516 1472 35

114 1491 233 1532 cuius
268 1491 378 1544 fidei,
410 1492 574 1545 virtuti,
605 1491 806 1533 felicitati
833 1492 1131 1533 commendata
1163 1495 1240 1533 est.
1305 1492 1388 1541 Qui
1419 1493 1457 1533 si

113 1549 330 1590 Fortunae
362 1550 610 1591 muneribus
643 1550 919 1604 amplissimis
953 1554 1130 1591 ornatus
1163 1550 1333 1604 saepius
1366 1551 1457 1592 eius

60 1623 93 1648 25
114 1609 215 1649 deae
249 1608 484 1661 periculum
513 1608 647 1650 facere
672 1609 820 1662 nollet,
852 1609 889 1650 si
914 1609 959 1650 in
983 1609 1183 1663 patriam,
1215 1609 1251 1650 si
1278 1609 1330 1650 ad
1356 1609 1457 1650 deos

113 1666 298 1721 penatiS‚
336 1667 373 1707 si
405 1667 457 1707 ad
489 1682 583 1708 eam
614 1667 889 1722 dignitatem,
929 1682 1057 1720 quam
1087 1668 1135 1707 in
1165 1667 1340 1708 civitate
1374 1668 1457 1708 sibi

112 1724 381 1779 propositam
418 1725 552 1778 videt,
590 1726 627 1766 si
664 1726 716 1766 ad
752 1725 1084 1767 iucundissimos
1118 1725 1297 1778 liberos,
1336 1726 1373 1766 si
1405 1726 1457 1766 ad

115 1783 402 1825 clarissimum
433 1797 638 1837 generum
670 1784 806 1824 redire
838 1786 1107 1837 properaret,
1141 1783 1178 1824 si
1209 1783 1255 1824 in
1286 1783 1458 1837 Capito-

114 1842 220 1883 lium
254 1841 397 1882 invehi
428 1841 567 1882 victor
599 1856 696 1882 cum
726 1842 803 1882 illa
832 1842 994 1896 insigni
1025 1842 1149 1882 laude
1182 1842 1382 1895 gestiret,
1421 1842 1458 1882 si

60 1917 95 1943 30
115 1900 295 1953 denique
322 1900 496 1941 timeret
521 1914 668 1940 casum
693 1900 891 1953 aliquem,
917 1900 990 1953 qui
1016 1900 1081 1940 illi
1108 1902 1279 1940 tantum
1305 1900 1457 1940 addere

114 1959 200 2000 iam
224 1973 312 1999 non
336 1961 494 2012 potest,
521 1960 730 2011 quantum
756 1957 934 2011 auferre,
958 1972 1037 1998 nos
1064 1961 1211 1999 tamen
1237 1961 1456 2012 oporteret

114 2017 167 2058 ab
206 2017 355 2058 eodem
391 2017 467 2057 illa
505 2016 660 2069 omnia7
695 2031 720 2056 a
757 2030 840 2070 quo
878 2016 1112 2071 profligata
1149 2019 1266 2068 sunt,
1305 2017 1457 2058 confici

112 2075 233 2117 velle.
301 2074 409 2117 Cum
456 2089 556 2116 vero
594 2074 666 2115 ille
705 2089 806 2115 suae
844 2074 1007 2129 gloriae
1045 2075 1132 2115 iam
1168 2074 1353 2128 pridem,
1397 2075 1458 2116 rei

112 2134 309 2188 publicae
346 2133 536 2175 nondum
567 2133 674 2174 satis
705 2132 855 2174 fecerit
887 2135 930 2173 et
961 2133 1086 2173 malit
1116 2135 1263 2173 tamen
1293 2133 1457 2174 tardius

60 2207 95 2233 35
115 2192 167 2233 ad
204 2207 380 2233 suorum
417 2192 615 2233 laborum
651 2191 817 2232 fructus
854 2192 1076 2245 pervenire
1113 2205 1242 2244 quam
1272 2206 1360 2232 non
1392 2206 1458 2232 ex-

114 2250 230 2304 plere
263 2253 509 2304 susceptum
542 2250 603 2291 rei
628 2249 824 2303 publicae
850 2264 1016 2303 munus,
1047 2264 1125 2290 nec
1150 2249 1458 2303 imperatorem

113 2308 335 2351 incensum
373 2309 425 2349 ad
462 2323 553 2349 rem
588 2307 807 2361 publicam
845 2308 952 2350 bene
990 2308 1223 2362 gerendam
1257 2322 1456 2350 revocare

1475 708 1529 749 14

1471 768 1517 799 34
