1671 2543
463 400 524 446 M.
565 399 754 446 TULLI
791 398 1118 447 CICERONIS

123 519 196 574 IN
238 521 307 574 M.
353 519 714 575 ANTONIUM
758 520 1008 575 ORATIO
1054 519 1459 576 PHILIPPICA

602 625 983 682 UNDECIMA.

595 846 979 886 ARGUMENTUM.

220 946 387 982 Diximus
425 946 611 992 superiore
649 949 866 992 argumento
900 946 936 982 C.
970 946 1152 990 Cassium,
1191 947 1249 982 cui
1279 947 1350 981 hoe
1381 949 1462 981 erat

125 992 399 1036 demandatum,
426 996 469 1028 ut
487 993 635 1029 Cretam
660 997 698 1029 et
717 994 877 1047 Cyrenas
903 994 951 1028 ad
977 994 1201 1028 frumentum
1222 993 1458 1028 coemendum

123 1023 429 1085 proficisceretur,
454 1042 579 1086 potius
603 1041 640 1075 in
666 1041 896 1086 provinciam
918 1041 1071 1085 Syriam,
1098 1051 1192 1084 quae
1218 1040 1253 1075 ei
1269 1041 1463 1094 provincia

125 1087 220 1122 actis
247 1088 284 1124 C
313 1087 480 1123 Caesaris
516 1089 598 1123 erat
623 1088 728 1131 data,
761 1099 799 1122 se
825 1088 1026 1123 contulisse
1053 1098 1221 1141 eamque·
1234 1089 1462 1132 provinciam

126 1145 338 1180 occupasse.
396 1136 541 1170 Interea
576 1146 622 1169 ne
659 1135 698 1170 P.
731 1135 880 1180 quidem
911 1134 1126 1179 Dolabella,
1165 1135 1224 1169 cui
1255 1136 1387 1179 postea
1418 1146 1463 1170 ea

125 1182 316 1226 provincia
341 1183 491 1217 auctore
510 1182 558 1216 M.
579 1181 741 1217 Antonio
763 1193 785 1216 a
805 1183 935 1216 senatu
955 1184 1036 1217 erat
1054 1182 1214 1224 decreta,
1241 1184 1462 1226 cessaverat,

126 1228 191 1263 sed
229 1228 301 1263 iter
332 1228 371 1263 in
402 1229 632 1273 provinciam
664 1231 886 1274 susceperat.
942 1228 1020 1271 Quo
1052 1229 1091 1263 in
1120 1228 1254 1263 itinere
1287 1240 1369 1263 cum
1399 1240 1461 1263 ve·

124 1275 269 1310 nissent
304 1276 344 1311 in
375 1275 503 1310 Asiam
533 1275 779 1320 provinciam
817 1275 960 1310 invenit
989 1276 1041 1310 ibi
1073 1275 1108 1311 C.
1143 1276 1364 1310 Trebonium
1394 1288 1461 1321 pro

125 1323 292 1365 consule,
325 1323 389 1367 qui
421 1335 503 1358 cum
528 1323 576 1358 M.
603 1323 718 1358 Bruto
750 1325 788 1358 et
813 1323 850 1357 C.
878 1323 1004 1357 Cassio
1037 1324 1076 1356 et
1106 1322 1238 1358 ceteris
1271 1324 1399 1357 contra
1424 1322 1463 1359 C.

125 1351 320 1404 caesare'm
358 1370 626 1405 coniuraverat
680 1370 716 1404 Is
746 1370 963 1405 Dolabellae
999 1369 1137 1404 invitus
1175 1369 1247 1404 iter
1283 1381 1348 1415 per
1379 1381 1461 1423 pro

124 1416 286 1452 vinciam
319 1428 423 1451 suam
454 1428 499 1452 ea
530 1417 746 1452 condicione
778 1417 976 1460 concessit,
1008 1418 1050 1450 ut
1077 1416 1216 1461 oppida
1240 1416 1384 1451 munita
1408 1417 1461 1451 vi-

126 1464 235 1498 taret.
286 1462 358 1498 Sed
391 1475 473 1498 eum
499 1464 674 1509 Zmyrnae
700 1464 738 1499 P.
765 1464 961 1499 Dolabella
986 1474 1051 1508 per
1076 1463 1244 1498 fraudem
1269 1465 1381 1508 atque
1406 1464 1461 1498 in-

127 1509 242 1544 sidias
269 1512 503 1554 oppresserat
528 1513 639 1555 atque
664 1511 913 1546 interfecerat.
959 1510 1065 1553 Quod
1091 1521 1173 1544 cum
1198 1510 1337 1546 Romae
1357 1511 1461 1546 audi

127 1558 206 1590 tum
233 1558 341 1600 esset,
368 1556 405 1592 C.
431 1557 552 1592 Pansa
578 1558 798 1593 convocavit
823 1559 1003 1600 senatum,
1030 1558 1068 1591 in
1094 1567 1166 1600 quo
1193 1557 1238 1591 de
1265 1567 1307 1592 eo
1333 1568 1462 1593 consu-

125 1603 213 1646 luit,
251 1614 360 1647 quem
397 1604 444 1637 ad
475 1604 625 1640 modum
655 1607 780 1648 patres
811 1604 1011 1648 conscripti
1044 1604 1081 1638 C.
1115 1603 1276 1638 Treboni
1306 1607 1463 1639 mortem

126 1650 256 1684 ulcisci
288 1651 472 1695 cuperent.
522 1652 569 1686 M.
596 1650 722 1686 Cicero
754 1662 819 1685 suo
845 1652 927 1686 loco
954 1649 1178 1685 sententiam
1202 1653 1354 1694 rogatus
1380 1663 1462 1686 cen-

128 1696 204 1731 suit
233 1696 348 1740 idem,
381 1697 480 1741 quod
511 1696 552 1739 Q.
583 1697 707 1732 Fufius
739 1698 896 1733 Calenus
928 1699 1014 1732 ante
1047 1707 1085 1731 se
1118 1703 1331 1741 censuerat,
1357 1700 1399 1732 ut
1423 1698 1462 1734 P.

126 1743 325 1779 Dolabella
360 1743 479 1779 hostis
515 1744 661 1788 patriae
697 1744 924 1779 iudicaretur
960 1745 1071 1787 atque
1101 1743 1140 1777 id
1169 1743 1326 1787 bellum,
1365 1745 1464 1788 quod

128 1792 258 1825 contra
295 1801 378 1825 eum
411 1790 684 1835 suscipiendum
716 1793 830 1834 esset,
869 1790 907 1825 C.
939 1790 1065 1825 Cassio
1097 1790 1316 1826 traderetur.
1371 1791 1464 1826 Eam

128 1838 351 1872 sententiam
370 1837 417 1871 M.
441 1837 565 1872 Cicero
592 1837 672 1880 hac,
699 1848 794 1882 quae
819 1838 916 1871 infra
934 1837 1081 1881 legitur,
1108 1837 1275 1872 oratione
1294 1838 1463 1883 patribus

127 1884 347 1929 conscriptis
374 1884 619 1919 commendat.

215 2085 375 2140 Magno
413 2085 458 2126 in
495 2085 658 2138 dolore,
694 2087 837 2139 patres
882 2085 1132 2140 conscripti,
1167 2085 1234 2126 vel
1272 2066 1502 2157 maerore}

126 2144 284 2198 potius,
311 2157 437 2198 quem
463 2157 514 2184 ex
539 2143 698 2184 crudeli
725 2146 768 2184 et
786 2143 1021 2185 miserabili
1041 2146 1180 2185 morte
1202 2143 1247 2186 C.
1266 2143 1464 2199 Treboni,

129 2203 283 2256 optimi
340 2202 444 2243 civis
493 2201 908 2256 moderatissimique
957 2202 1162 2257 hominis,
1212 2203 1465 2258 accepimus,

127 2261 241 2302 inest
284 2263 430 2302 tamen
474 2260 651 2314 aliquid,
695 2260 807 2314 quod
850 2260 911 2301 rei
953 2261 1149 2314 publicae
1192 2260 1465 2315 profuturum

91 2329 109 2355 ⁶
127 2321 285 2373 putem.
346 2319 647 2373 Perspeximus
680 2319 808 2372 enim,
841 2321 1001 2372 quanta
1031 2319 1077 2360 in
1107 2319 1172 2374 iis,
1209 2319 1282 2373 qui
1315 2323 1464 2362 contra
