1671 2543
218 112 305 153 104
593 110 687 146 PRO
712 110 760 146 M.
789 109 959 145 CAELIO
987 110 1174 146 ORATIO.

218 219 334 273 quod
362 219 408 260 in
437 218 616 260 alicuius
643 218 827 273 agrestis
853 219 1044 272 periculo
1069 234 1157 260 non
1181 219 1560 274 praetermitteret,

216 278 264 317 id.
291 277 421 318 homo
455 278 647 318 eruditus
679 278 725 318 in
755 277 922 318 insidiis
954 278 1195 319 doctissimi
1225 278 1413 319 hominis
1440 279 1561 319 dissi—

160 341 203 373 55
219 336 468 377 mulandum
488 336 689 389 putaret?
726 334 809 376 Sed
829 350 903 377 cur
922 336 1084 377 diutius
1104 351 1193 390 Vos,
1212 336 1384 390 iudices,
1403 337 1558 378 teneo?

146 1426 201 1468 23

158 1487 178 1516 5

217 393 361 448 Ipsius
381 394 512 435 iurati
532 394 785 448 religionem
806 395 1193 448 auctoritatemque
1207 395 1416 449 percipite
1431 398 1558 449 atque

219 452 363 494 omnia
395 452 624 507 diligenter
655 452 894 494 testimonii
925 453 1056 494 verba
1087 453 1346 508 cognoscite.
1395 453 1558 495 Recita.

217 510 264 552 L.
284 510 460 551 LUCCEI
487 522 811 552 TESTIMONIUM.
863 510 973 560 Quid
998 511 1233 565 expectatis
1259 511 1472 566 amplius?
1505 526 1558 553 an

218 569 408 622 aliquam
440 583 587 610 vocem
618 569 783 622 putatis
816 569 954 622 ipsam
985 584 1062 623 pro
1096 584 1140 610 se
1173 584 1346 611 causam
1378 573 1422 611 et
1452 570 1558 611 veri-

218 630 353 668 tatem
385 641 511 681 posse
543 627 746 668 mittere‘.>
806 627 925 669 Haec
957 630 1023 669 est
1054 628 1322 669 innocentiae
1355 628 1558 682 defensio,

216 686 323 727 haec
354 686 489 740 ipsius
523 700 674 726 causae
707 686 858 739 oratio,
889 686 994 727 haec
1024 701 1107 727 una
1132 701 1214 727 vox
1239 687 1446 727 veritatis.
1507 686 1557 727 In

218 744 394 786 crimine
430 744 523 798 ipso
555 744 675 785 nulla
706 745 892 798 suspicio
925 748 1008 798 est,
1044 745 1089 785 in
1120 760 1166 786 re
1196 745 1305 785 nihil
1338 748 1404 786 est
1435 758 1556 800 argu-

217 803 369 855 menti,
407 802 452 843 in
488 803 682 857 negotio,
720 803 833 856 quod
871 805 1014 844 actum
1052 817 1144 844 esse
1180 803 1353 856 dicitur,
1390 804 1557 845 nullum

216 861 448 916 vestigium
476 861 698 914 sermonis,
730 861 825 915 loci,
857 862 1082 916 temporis3
1113 876 1238 902 nemo
1264 862 1401 916 testis,
1431 876 1556 903 nemo

217 920 412 961 conscius
453 920 719 972 nominatur,
762 922 904 961 totum
942 920 1103 961 crimen
1139 919 1357 974 profertur
1395 935 1445 961 ex
1481 920 1558 961 ini-

217 978 345 1031 mica,
384 992 434 1018 ex
465 977 633 1031 infami,
672 993 722 1019 ex
755 979 930 1031 crudeli,
971 993 1021 1019 ex
1051 978 1307 1032 facinerosa,
1339 993 1390 1020 ex
1419 979 1559 1020 libidi-

215 1051 322 1077 nosa
367 1036 512 1091 dom03
555 1037 707 1077 domus
747 1040 889 1090 autem
928 1037 1021 1091 illa,
1067 1051 1174 1090 quae
1215 1040 1427 1091 temptata
1464 1052 1556 1078 esse

216 1095 374 1136 scelere
394 1095 479 1136 isto
499 1094 663 1136 nefario
687 1095 854 1149 dicitur,
879 1096 1005 1149 plena
1025 1098 1090 1136 est
1108 1096 1385 1150 integritatis,
1406 1096 1558 1151 [digni-

215 1153 356 1206 tatis,]
392 1153 541 1207 officii,
573 1153 813 1208 religionis,
845 1168 895 1194 ex
928 1169 1011 1207 qua
1042 1154 1168 1195 domo
1201 1155 1406 1196 recitatur
1436 1155 1556 1195 vobis

217 1212 307 1253 iure
339 1211 517 1252 iurando
551 1212 747 1252 devincta
778 1213 1023 1266 auctoritas,
1054 1215 1103 1253 ut
1134 1227 1200 1253 res
1233 1213 1407 1253 minime
1440 1213 1558 1254 dubi-

215 1270 346 1311 tanda
370 1270 415 1310 in
441 1270 713 1311 contentione
737 1273 933 1324 ponatur,
959 1273 1104 1311 utrum
1123 1271 1362 1325 temeraria,
1387 1285 1556 1325 procaX,

215 1328 328 1369 irata
360 1328 514 1368 mulier
545 1328 719 1369 finxisse
752 1329 913 1369 crimen
945 1343 999 1369 an
1030 1329 1185 1383 gravis,
1218 1330 1387 1383 sapiens
1417 1330 1557 1370 mode-

216 1389 421 1439 ratusque
465 1386 530 1426 vir
573 1386 773 1440 religiose
817 1387 1113 1428 testimonium
1156 1387 1312 1428 dixisse
1351 1387 1557 1429 videatur.

306 1444 537 1497 Reliquum
570 1447 636 1485 est
668 1444 802 1499 igitur
834 1446 994 1486 crimen
1026 1446 1076 1486 de
1107 1460 1288 1499 veneno,
1324 1446 1443 1487 cuius
1476 1460 1556 1501 ego

215 1517 294 1544 nec
320 1502 579 1556 principium
605 1503 794 1544 invenire
814 1518 950 1557 neque
973 1504 1165 1545 evolvere
1187 1505 1348 1545 exitum
1368 1519 1556 1558 possum.

217 1560 335 1610 Quae
378 1560 462 1601 fuit
506 1561 618 1601 enim
663 1576 808 1613 causa,
864 1577 992 1615 quam
1037 1562 1091 1603 ob
1137 1577 1225 1603 rem
1270 1563 1343 1603 isti
1388 1563 1557 1604 mulieri

215 1633 425 1660 venenum
469 1619 567 1660 dare
606 1620 735 1661 vellet
774 1619 973 1662 Caelius?
1041 1620 1107 1661 Ne
1145 1635 1296 1662 aurum
1334 1621 1556 1663 redderet?

216 1676 334 1718 Num
359 1677 543 1731 petivit?
588 1677 654 1718 Ne
681 1679 842 1719 crimen
860 1679 1083 1720 haereret?
1133 1678 1348 1733 Numquis
1371 1679 1557 1721 obiecit?

216 1750 321 1776 num
359 1736 454 1790 quis
493 1736 673 1789 denique
711 1737 884 1778 fecisset
916 1737 1192 1789 mentionem,
1230 1739 1266 1778 si
1298 1737 1367 1779 hic
1397 1738 1557 1779 nullius

218 1809 376 1835 nomen
412 1794 665 1835 detulisset‘.>
735 1795 847 1844 Quin
885 1796 1014 1836 etiam
1046 1796 1093 1836 L.
1124 1795 1387 1837 Hereimium
1420 1796 1558 1838 dicere

214 1852 396 1893 audistis
453 1853 583 1894 verbo
641 1867 686 1894 se
742 1854 971 1895 molestum
1026 1869 1113 1895 non
1170 1854 1363 1895 futurum
1423 1854 1556 1896 fuisse

213 1910 377 1963 Caelio,
433 1911 518 1952 nisi
583 1911 741 1953 iterum
784 1913 949 1953 ‘eadem
1014 1913 1063 1954 de
1121 1927 1164 1954 re
1220 1927 1296 1954 suo
1354 1912 1555 1954 familiari

210 1969 408 2010 absoluto
453 1984 613 2011 nomen
657 1970 727 2011 hic
766 1971 1001 2012 detulisset.
1069 1970 1282 2012 Credibile
1321 1974 1386 2012 est
1423 1971 1558 2026 igitur

209 2029 380 2068 tantum
423 2028 591 2069 facinus
630 2028 683 2069 ob
722 2029 884 2070 nullam
921 2044 1093 2070 causam
1125 2043 1216 2070 esse
1249 2029 1556 2070 commissum?

209 2088 252 2125 et
289 2100 365 2126 vos
405 2101 493 2127 non
532 2086 688 2128 videtis
727 2087 831 2142 fingi
872 2088 1043 2129 sceleris
1081 2087 1256 2128 maximi
1295 2087 1472 2140 crimen,
1509 2090 1557 2128 ut

209 2143 387 2184 alterius
440 2159 572 2185 causa
623 2145 795 2186 sceleris
847 2146 1104 2200 suscipiendi
1154 2144 1286 2185 fuisse
1333 2144 1556 2186 videatur?

1577 762 1611 787 10

1577 1054 1610 1079 15

1576 1347 1610 1371 20

1576 1637 1610 1663 25

1576 1931 1611 1956 30

145 2207 188 2238 57
210 2200 289 2242 Cui
333 2202 512 2256 denique
557 2203 790 2257 commisit,
835 2218 918 2257 quo
964 2204 1165 2245 adiutore
1203 2217 1304 2244 usus
1344 2205 1426 2256 est,
1471 2218 1554 2257 quo
1575 2219 1610 2246 35

213 2259 347 2312 socio,
392 2274 474 2313 quo
514 2261 703 2313 conscio,
743 2262 810 2302 cui
849 2265 1023 2303 tantum
1060 2261 1243 2314 facinus,
1282 2261 1348 2301 cui
1387 2275 1448 2314 se,
1489 2262 1556 2303 cui

212 2317 393 2357 salutem
419 2332 540 2358 suam
566 2319 772 2360 credidit?
835 2319 1031 2361 Sei-visne
1057 2318 1277 2360 mulieris?
1334 2318 1404 2360 Sic
1432 2320 1552 2361 enim
