1671 2543
539 54 638 91 CAP.
665 59 755 90 5-7
783 59 801 98 ξ
830 59 976 91 13-18.
1347 56 1433 97 209

89 179 210 218 num,
248 166 414 205 mentes
449 162 560 219 tegit
592 162 750 217 datque
783 177 878 203 eam
908 163 1175 217 libertatem,
1212 165 1279 217 ut,
1318 163 1432 217 quod

89 223 236 273 velint,
270 222 445 273 faciant,
475 222 736 276 promittant
769 224 926 276 autem,
958 221 1072 276 quod
1103 224 1324 277 rogentur,
1356 236 1433 263 cur

90 285 157 336 tu,
194 282 238 322 id
274 281 319 322 in
355 281 513 322 iudicio
551 283 601 321 ut
638 280 733 335 fiat,
771 280 993 334 exprimis,
1032 280 1145 335 quod
1182 295 1271 322 non
1303 281 1355 321 fit
1386 280 1432 321 in

91 340 273 395 campo?
329 339 428 382 eHic
467 354 596 394 quam
633 339 705 380 ille
745 339 928 394 dignior'
960 353 1168 394 perquam
1200 353 1331 394 grave
1364 341 1432 380 est

54 409 71 435 5
91 399 220 441 dictu,
272 398 365 448 Quo
392 399 518 440 modo
544 398 681 453 igitur
706 400 773 439 est
799 398 1006 452 aequius?
1058 397 1129 439 Sic
1152 398 1289 452 credo,
1317 398 1432 452 quod

90 458 253 513 agitur,
292 457 406 511 quod
445 457 551 498 satis
585 459 651 498 est
681 456 830 498 iudici:
870 456 967 498 ‘Hic
999 456 1140 498 factus
1173 455 1265 498 est?
1329 455 1433 499 ‘Cur

88 517 173 558 iste
203 516 350 571 potius
384 530 514 570 quam
546 514 672 571 ego?
729 515 811 556 Vel
841 516 986 557 nescio
1018 515 1086 557 vel
1116 530 1205 557 non
1236 515 1330 557 dico
1362 515 1432 557 vel

90 575 282 629 denique,
313 575 426 629 quod
451 574 559 615 mihi
585 573 891 630 gravissimum
918 577 1043 628 esset,
1070 574 1107 616 si
1133 574 1329 629 dicerem,
1356 574 1431 616 sed

89 634 263 688 impune
289 636 436 675 tamen
461 633 660 674 deberem
686 633 844 674 dicere:
871 632 928 674 ‘N
932 647 987 674 on
1007 632 1149 674 recte.²
1193 631 1308 674 Nam
1329 632 1432 687 quid

38 704 70 728 10
90 707 352 748 assequerer,
379 692 415 734 si
440 692 517 733 illa
543 694 736 733 extrema
762 691 1006 733 defensione
1029 694 1184 746 uterer,
1208 692 1430 746 populum,

91 751 203 806 quod
234 751 462 805 voluisset,
493 750 665 805 fecisse,
697 765 784 792 non
816 750 929 805 quod
961 750 1208 791 debuisset?

179 809 319 859 Quid?
345 810 383 851 si
407 809 557 864 populi
578 823 747 864 quoque
767 808 931 850 factum
952 808 1143 863 defendo,
1169 808 1429 864 Laterensis,
1446 791 1469 831 7

89 871 133 910 et
171 869 301 910 doceo
340 867 415 910 On.
450 867 676 909 Plancium
712 882 801 909 non
839 868 1082 922 obrepsisse
1121 867 1174 908 ad
1210 851 1488 922 11011010111,17

90 927 164 969 sed
195 942 244 969 eo
276 927 444 969 venisse
477 941 622 980 cursu,
657 926 730 980 qui
762 941 930 981 semper
960 926 1151 981 patuerit
1181 926 1430 967 hominibus

38 995 71 1021 15
91 986 198 1028 ortis
230 986 313 1028 hoc
343 988 495 1027 nostro
528 985 718 1039 equestri
749 985 857 1039 loco,
888 999 1120 1039 possumne
1150 985 1313 1039 eripere
1340 999 1430 1026 ora-

89 1045 199 1086 tioni
237 1047 336 1086 tuae
376 1044 697 1086 contentionem
734 1046 944 1098 vestrum,
983 1058 1091 1098 quae
1126 1043 1307 1085 tractari
1339 1043 1430 1085 sine

90 1103 353 1145 contumelia
394 1117 482 1144 non
518 1105 682 1157 potest,
727 1105 770 1144 et
813 1105 856 1144 te
895 1103 948 1143 ad
987 1117 1161 1143 causam
1199 1102 1429 1156 aliquando

90 1162 335 1216 crimenque
367 1161 602 1203 deducere?
660 1159 724 1215 Si,
760 1161 874 1215 quod
906 1161 1063 1216 equitis
1096 1159 1283 1202 Romani
1314 1161 1429 1201 filius

89 1223 167 1275 est,
198 1220 377 1261 inferior
402 1234 495 1261 esse
522 1219 681 1273 debuit,
712 1233 858 1261 omnes
885 1221 1029 1261 tecum
1055 1219 1250 1274 equitum
1275 1218 1431 1261 Roma-

36 1290 70 1315 20
88 1294 243 1321 norum
268 1278 348 1320 filii
373 1278 630 1333 petiverunt.
668 1277 792 1319 Nihil
819 1278 913 1320 dico
940 1278 1145 1332 amplius3
1175 1277 1258 1319 hoc
1284 1280 1432 1319 tamen

91 1338 242 1392 miror,
281 1352 355 1379 0111·
388 1337 490 1378 huic
519 1337 798 1392 potissimum
828 1337 1033 1391 irascare,
1072 1337 1146 1392 qui
1176 1336 1429 1391 longissime

89 1411 114 1437 a
138 1399 181 1438 te
208 1396 328 1438 afuit.
372 1395 598 1450 Equidem,
631 1396 668 1437 si
695 1396 875 1450 quando,
901 1398 950 1437 ut
975 1396 1038 1451 fit,
1063 1395 1203 1437 iactor
1224 1395 1271 1436 111
1289 1395 1430 1449 turba,

87 1469 175 1496 non
203 1455 329 1496 illum
360 1469 533 1509 accuso,
575 1454 648 1509 qui
680 1457 746 1496 est
777 1454 823 1495 in
854 1469 1022 1496 summa
1054 1469 1176 1495 sacra
1206 1454 1294 1508 via,
1332 1469 1431 1495 cum

89 1527 169 1568 ego
195 1514 249 1554 ad
273 1512 459 1554 Fabium
483 1513 692 1554 fornicem
717 1513 929 1567 impellor,
956 1513 1028 1554 sed
1056 1528 1165 1567 eum,
1192 1513 1266 1566 qui
1290 1513 1337 1553 in
1362 1527 1429 1554 me

37 1583 70 1608 25
89 1572 232 1626 ipsum
256 1571 440 1613 incurrit
466 1574 594 1626 atque
619 1572 783 1613 incidit.
832 1572 898 1613 Tu
921 1586 1057 1626 neque
1086 1571 1134 1620 Q.
1153 1571 1299 1625 Pedio,
1324 1571 1429 1612 forti

88 1631 194 1683 viro,
227 1644 447 1671 suscenses
478 1644 616 1684 neque
647 1630 748 1672 huic
779 1630 829 1671 A.
855 1629 1013 1684 Plotio,
1046 1629 1324 1671 ornatissimo
1355 1630 1429 1670 110-

90 1689 197 1730 1111111
227 1688 433 1729 familiari
468 1703 575 1742 meo,
608 1691 650 1729 et
677 1689 730 1730 ab
757 1703 819 1742 eo,
852 1688 925 1742 qui
950 1688 1031 1729 hos
1058 1688 1250 1741 dimovit,
1282 1688 1428 1741 potius

90 1762 219 1802 quam
245 1747 298 1788 ab
324 1746 390 1800 iis,
418 1747 491 1800 qui
516 1747 562 1787 in
587 1749 629 1787 te
652 1746 795 1800 ipsum
815 1747 1114 1800 incubuerunt,
1140 1749 1182 1786 te
1204 1746 1428 1799 depulsum

88 1809 227 1860 putas.
291 1803 374 1846 Sed
411 1807 557 1846 tamen
592 1804 699 1846 hacc
736 1805 819 1845 tibi
851 1808 917 1845 est
947 1805 1088 1858 prima
1120 1818 1217 1845 cum
1248 1803 1425 1845 Plancio
1445 1811 1486 1842 18

36 1875 71 1899 30
90 1864 259 1919 generis
294 1863 428 1904 vestri
459 1863 733 1916 familiaeque
766 1863 1003 1916 contentio,
1041 1877 1125 1916 qua
1157 1862 1234 1903 abs
1266 1864 1309 1903 te
1341 1862 1429 1903 vin—

91 1923 220 1977 citur3
252 1937 327 1963 cur
358 1922 472 1963 enim
495 1936 584 1962 non
610 1921 827 1975 confitear,
860 1921 974 1975 quod
997 1935 1172 1962 necesse
1199 1921 1293 1961 est‘?
1346 1919 1428 1962 Sed

87 1996 176 2023 non
216 1981 287 2022 hic
330 1980 471 2035 magis
511 1994 640 2034 quam
678 1993 757 2035 ego
797 1994 822 2021 a
858 1980 965 2020 meis
1004 1979 1346 2033 conpetitoribus
1384 1982 1429 2020 et

89 2039 195 2081 alias
233 2042 276 2080 et
313 2039 359 2080 in
397 2039 645 2080 consulatus
682 2038 892 2092 petitione
930 2037 1142 2079 vincebar.
1201 2036 1283 2078 Sed
1319 2037 1428 2092 vide,

87 2112 141 2139 ne
171 2098 277 2139 haec
308 2098 414 2152 ipsa,
447 2111 553 2151 quae
587 2096 782 2151 despicis,
812 2096 912 2138 huic
939 2096 1175 2151 suffragata
1201 2096 1300 2137 sint.
1357 2094 1428 2137 Sic

36 2166 70 2191 35
89 2156 203 2199 enim
240 2156 521 2198 conferamus.
582 2154 664 2196 Est
701 2158 824 2196 tuum
861 2169 1019 2196 nomen
1048 2158 1231 2209 utraque
1262 2154 1428 2195 familia

90 2215 323 2257 consulare.
366 2213 484 2256 Num
510 2214 681 2255 dubitas
705 2213 850 2269 igitur,
877 2214 981 2268 quin
1001 2228 1160 2267 omnes,
1187 2213 1261 2267 qui
1280 2212 1427 2254 favent

87 2273 322 2328 nobilitati,
354 2273 427 2328 qui
457 2273 501 2314 id
532 2275 688 2327 putant
720 2287 810 2313 esse
842 2272 1192 2326 pulcherrimum,
1225 2271 1299 2325 qui
1324 2271 1428 2313 ima-

160 2347 230 2374 C-Ic.
250 2349 292 2374 Π.
310 2349 336 2374 3.
1172 2344 1215 2375 14
