1671 2543
164 87 252 130 306
450 88 543 124 PRO
570 89 609 124 T.
636 87 793 124 ANNIO
820 86 1005 124 MILONE
1032 87 1220 125 ORATIO.

164 199 296 251 atque
342 211 445 251 opes
489 197 754 250 iudicantur,
799 195 1009 250 siquidem
1052 196 1098 237 in
1140 196 1255 239 hunc
1297 211 1430 239 unum
1472 209 1518 239 et

163 256 568 310 praestantissimus
607 256 691 296 dux
730 254 892 296 electus
931 258 975 296 et
1012 258 1107 296 tota
1145 270 1212 297 res
1249 255 1424 310 publica
1455 270 1517 297 ar-

107 325 152 358 68
167 317 285 355 mata
329 317 405 356 est.
483 313 566 355 Sed
612 313 707 368 quis
751 328 839 354 non
881 313 1100 369 intellegit
1144 314 1284 356 omnis
1329 314 1411 355 tibi
1454 329 1517 356 rei

165 373 363 427 publicae
401 372 539 427 partis
579 386 731 428 aegras
770 375 814 413 et
845 372 1062 427 labantes,
1099 375 1148 414 ut
1181 387 1251 414 eas
1283 372 1351 414 his
1384 373 1516 414 armis

167 446 342 473 sanares
370 435 413 472 et
441 431 730 485 confirmares,
757 444 850 472 esse
877 431 1160 473 commissas?
1212 431 1376 481 Quodsi
1395 432 1516 474 locus
1553 442 1569 468 ⁵

165 489 320 532 Miloni
353 490 478 531 datus
513 492 638 544 esset,
669 490 900 544 probasset
930 489 1126 544 profecto
1160 489 1239 531 tibi
1270 490 1355 544 ipsi
1385 490 1518 532 nemi-

166 564 264 590 nem
299 563 508 603 umquam
539 548 759 590 hominem
789 547 956 590 homini
988 549 1198 590 cariorem
1229 548 1361 590 fuisse
1388 563 1518 604 quam

168 611 209 649 te
248 607 349 662 sibi3
385 608 553 649 nullum
585 622 629 649 se
660 622 865 661 umquam
895 607 1134 662 periculum
1164 622 1243 663 pro
1275 610 1351 649 tua
1381 608 1519 664 digni-

167 669 258 708 tate
295 666 478 722 fugisse3
517 681 614 708 cum
651 666 729 707 illa
765 665 862 720 ipsa
900 667 1151 715 taeterrima
1189 669 1310 721 peste
1349 681 1393 708 se
1426 681 1517 709 sae-

167 725 346 780 pissime
379 740 457 779 pro
491 728 567 767 tua
599 724 740 780 gloria
772 725 1061 779 contendisse3
1093 725 1365 767 tribunatum
1391 740 1517 768 suum
1537 735 1571 761 1⁰

168 785 221 826 ad
260 785 445 825 salutem
486 799 644 838 meam,
684 798 792 838 quae
830 783 912 825 tibi
951 784 1175 826 carissima
1211 784 1383 839 fuisset,
1421 799 1517 827 con-

170 842 280 885 siliis
319 843 407 884 tuis
447 843 754 898 gubernatum3
799 857 843 884 se
882 858 907 884 a
944 846 987 884 te
1023 846 1176 898 postea
1214 843 1436 885 defensum
1471 842 1518 885 in

167 902 359 956 periculo
394 902 562 956 capitis,
595 901 789 943 adiutum
819 901 866 942 in
897 900 1107 956 petitione
1133 905 1378 957 praeturae3
1410 902 1516 943 duos

169 975 214 1002 se
245 961 404 1002 habere
438 975 608 1015 semper
639 960 925 1002 amicissimos
959 974 1172 1015 sperasse,
1210 964 1253 1002 te
1285 963 1361 1002 tuo
1393 961 1518 1002 bene-

167 1018 280 1074 ficio,
305 1034 372 1060 me
401 1034 490 1061 suo.
542 1019 659 1068 Quae
687 1019 723 1060 si
749 1033 835 1060 non
861 1019 1078 1074 probaret,
1105 1019 1142 1060 si
1162 1019 1243 1060 tibi
1263 1019 1326 1061 ita
1344 1019 1516 1074 penitus
1537 1029 1570 1055 1⁵

168 1077 430 1119 inhaesisset
461 1078 547 1119 ista
579 1077 780 1132 suspici0‚
810 1078 929 1119 nullo
961 1081 1011 1118 ut
1043 1078 1167 1119 evelli
1199 1078 1326 1119 modo
1357 1081 1517 1133 posset,

169 1136 206 1178 si
239 1136 421 1190 denique
454 1136 584 1177 Italia
616 1151 641 1177 a
673 1137 851 1190 dilectu,
882 1137 985 1178 urbs
1019 1137 1072 1178 ab
1106 1137 1236 1178 armis
1270 1137 1361 1178 sine
1393 1136 1517 1178 Milo-

168 1195 235 1236 nis
275 1195 393 1236 clade
430 1209 667 1249 numquam
706 1197 820 1236 esset
860 1195 1159 1249 conquietura‚
1197 1210 1250 1237 ne
1289 1195 1371 1237 iste
1402 1195 1517 1236 haud

170 1253 373 1294 dubitans
414 1253 614 1294 cessisset
651 1253 810 1307 patria,
848 1253 884 1294 is
924 1253 996 1307 qui
1028 1254 1091 1294 ita
1121 1256 1249 1295 natus
1283 1257 1349 1295 est
1381 1256 1424 1295 et
1454 1254 1518 1295 ita.

98 1337 154 1379 26
170 1311 414 1365 consuevit3
450 1314 510 1366 te,
547 1310 716 1366 Magne,
748 1314 893 1352 tamen
925 1314 1227 1365 antestaretur,
1260 1313 1373 1366 quod
1403 1327 1517 1354 nunc
1536 1327 1571 1354 20

110 1398 154 1428 69
171 1370 304 1410 etiam
348 1368 464 1410 facit.
532 1369 663 1422 Vide,
708 1383 837 1422 quam
881 1369 940 1410 sit
976 1370 1095 1411 varia
1131 1371 1244 1411 vitae
1283 1374 1517 1412 commuta-

170 1428 357 1481 bilisque
383 1428 508 1482 ratio,
535 1442 663 1481 quam
683 1441 793 1483 vaga
813 1428 1100 1482 volubilisque
1121 1428 1306 1483 fortuna,
1333 1432 1516 1483 quantae

169 1486 447 1527 infidelitates
480 1486 524 1527 in
557 1486 771 1541 amicitiis,
805 1501 933 1540 quam
960 1487 1012 1528 ad
1039 1490 1209 1542 tempus
1237 1490 1361 1542 aptae
1389 1488 1516 1529 simu-

169 1544 373 1598 lationes,
431 1547 616 1598 quantae
672 1545 716 1586 in
772 1545 974 1599 periculis
1025 1545 1152 1601 fugae
1207 1546 1516 1601 proximorum,

172 1606 357 1657 quantae
389 1603 659 1644 timiditates.
714 1603 824 1657 Erit,
856 1604 938 1644 erit
969 1604 1075 1645 illud
1107 1604 1301 1659 profecto
1332 1608 1516 1660 tempus,
1535 1619 1569 1646 25

171 1664 214 1703 et
250 1661 472 1703 illucescet
511 1662 740 1716 aliquando
779 1662 851 1703 ille
884 1663 992 1717 dies,
1031 1677 1128 1704 cum
1160 1666 1208 1704 tu
1241 1663 1517 1718 salutaribus,

170 1723 220 1761 ut
258 1734 402 1775 spero,
440 1721 567 1762 rebus
607 1721 712 1775 tuis,
751 1721 824 1762 sed
856 1721 1040 1763 fortasse
1073 1724 1194 1763 motu
1227 1722 1371 1776 aliquo
1404 1737 1516 1764 com-

172 1779 366 1820 munium
397 1781 643 1833 temporum
676 1778 767 1834 (qui
801 1794 929 1833 quam
961 1780 1111 1822 crebro
1142 1780 1318 1834 accidat,
1350 1781 1515 1835 experti

172 1837 279 1879 scire
324 1837 546 1892 debemus)
592 1841 635 1879 et
674 1838 926 1879 amicissimi
962 1838 1300 1880 benivolentiam
1339 1842 1383 1880 et
1421 1853 1515 1894 gra-

170 1895 338 1937 vissimi
375 1895 564 1938 hominis
603 1896 731 1937 fidem
770 1899 813 1937 et
851 1897 976 1938 unius
1014 1900 1116 1951 post
1152 1897 1349 1938 homines
1386 1900 1569 1942 natosso

113 1962 157 1993 70
172 1954 401 1995 fortissimi
434 1955 515 1996 viri
547 1955 889 2010 magnitudinem
922 1955 1053 1996 am'mi
1079 1955 1303 1997 desideres.
1360 1955 1514 2004 Quam-

173 2027 301 2066 quam
341 2012 436 2067 quis
471 2013 554 2055 hoc
587 2013 749 2067 credat,
788 2013 862 2055 Cn.
895 2013 1167 2068 Pompeium,
1203 2014 1308 2055 iuris
1340 2014 1513 2068 publici,

172 2072 305 2112 moris
349 2071 580 2126 maiorum,
623 2072 685 2113 rei
726 2071 907 2126 denique
950 2072 1147 2127 publicae
1190 2072 1513 2127 peritissimum,

173 2144 269 2170 cum
308 2133 482 2171 senatus
520 2130 559 2171 ei
597 2130 877 2184 commiserit,
914 2134 964 2171 ut
1001 2131 1182 2185 videret,
1219 2145 1272 2172 ne
1311 2130 1411 2184 quid
1444 2145 1512 2172 res

171 2188 345 2240 publica
389 2188 636 2230 detrimenti
677 2192 865 2243 caperet,
911 2203 994 2243 quo
1031 2204 1117 2230 uno
1156 2188 1365 2230 versiculo
1404 2189 1512 2230 satis
1531 2207 1565 2233 8⁵

172 2246 327 2286 armati
372 2260 540 2301 semper
583 2247 778 2288 consules
822 2247 997 2288 fuerunt
1040 2247 1170 2288 etiam
1211 2246 1342 2288 nullis
1380 2248 1512 2289 armis

172 2302 303 2354 datis,
339 2303 452 2346 hunc
492 2305 699 2359 exercitu,
734 2304 848 2347 hunc
885 2305 1045 2347 dilectu
1077 2306 1176 2346 dato
1209 2304 1413 2346 iudicium
1446 2320 1513 2347 ex-
