1671 2543
567 70 667 106 CAP.
696 74 834 106 56—58
861 74 880 113 g
908 74 1103 106 119—123.
1448 69 1505 110 53

164 180 259 221 Iam
287 180 364 220 illa
389 181 550 233 quanto
578 193 675 220 cum
701 179 866 233 gemitu
892 178 1041 233 populi
1066 177 1252 219 Romani
1279 178 1332 219 ab
1360 178 1509 219 eodem
1522 176 1577 219 57

163 239 293 294 paulo
324 241 425 293 post
456 238 502 279 in
533 237 680 278 eadem
711 236 858 278 fabula
889 240 990 278 sunt
1022 238 1135 278 acta!

225 314 260 356 Ο
293 315 440 369 pater
475 338 522 343 —-

164 391 247 446 Me,
276 406 343 432 me
369 390 442 431 ille
471 390 693 431 absentem
717 392 767 430 ut
792 393 962 444 patrem
987 389 1294 444 deplorandum
1314 388 1509 442 putabat,

129 465 145 489 5
166 465 293 504 quem
332 449 380 498 Q.
419 448 617 503 Catulus,
662 462 789 502 quem
833 449 960 489 multi
998 449 1072 489 alii
1110 462 1235 502 saepe
1274 448 1319 488 in
1356 449 1509 488 senatu

163 511 333 563 patrem
382 507 547 562 patriae
595 507 882 548 nominarant.
958 507 1128 556 Quanto
1174 521 1270 547 cum
1310 506 1416 546 fletu
1459 505 1508 546 de

165 567 253 608 illis
290 566 452 608 nostris
483 566 692 607 incendiis
725 580 774 607 ac
805 566 959 619 ruinis,
997 581 1093 607 cum
1124 568 1293 619 patrem
1324 564 1509 619 pulsum,

164 625 353 680 patriam
392 624 610 666 adflictam
641 624 902 678 deploraret,
941 625 1115 665 domum
1146 624 1364 665 incensam
1397 637 1509 664 ever-

166 698 360 738 samque,
404 683 465 724 sic
509 683 615 738 egit,
666 686 733 737 ut,
781 684 1076 724 demonstrata
1111 682 1297 737 pristina
1334 682 1511 723 fortuna

113 758 147 782 10
167 758 264 785 cum
296 757 340 784 se
374 742 675 783 convertisset:

224 818 362 860 Haec
394 818 562 859 omnia
592 818 697 858 vidi
728 817 1044 859 inflammari

165 896 316 936 fletum
348 895 480 936 etiam
510 894 696 935 inimicis
729 897 857 947 atque
886 894 1042 935 invidis
1069 894 1292 935 excitaret!
1355 892 1441 934 Pro
1467 892 1510 933 di
1527 901 1591 932 122

165 953 451 995 immortales!
492 953 622 1006 quid?
660 953 737 993 illa
774 966 902 1006 quem
939 953 991 993 ad
1029 953 1202 994 modum
1242 952 1350 993 dixit
1381 952 1509 992 idem!

132 1037 135 1038 ν
168 1027 277 1067 quae
309 1012 416 1053 mihi
449 1011 621 1065 quidem
645 1011 709 1051 ita
735 1013 778 1052 et
805 1014 901 1052 acta
927 1014 970 1051 et
996 1011 1158 1065 scripta
1183 1011 1382 1052 videntur
1408 1024 1512 1063 esse,

116 1085 147 1110 15
168 1074 218 1112 ut
249 1071 316 1111 vel
349 1085 373 1111 a
406 1069 454 1119 Q.
487 1069 654 1123 Catulo,
687 1070 723 1110 si
754 1070 992 1123 revixisset,
1023 1070 1241 1123 praeclare
1272 1083 1399 1123 posse
1428 1068 1512 1110 dici

167 1130 431 1183 viderentur,
474 1129 510 1169 is
556 1129 669 1169 enim
710 1128 845 1169 libere
883 1128 1192 1182 reprehendere
1231 1130 1274 1168 et
1312 1141 1511 1169 accusare

167 1188 316 1242 populi
341 1202 428 1228 non
453 1201 688 1241 numquam
714 1186 1003 1227 temeritatem
1029 1187 1198 1228 solebat
1223 1189 1299 1227 aut
1325 1200 1513 1227 errorem

169 1249 359 1289 senatus:
804 1258 806 1260 >

229 1316 263 1358 O
289 1316 588 1372 ingratifici
611 1314 814 1371 Argivi,
846 1316 1079 1356 inmunes
1104 1314 1246 1356 Graii
1273 1315 1512 1356 inmemo-

115 1391 149 1416 20
1158 1388 1236 1415 res
1269 1374 1511 1415 benefici!

168 1445 270 1487 Non
301 1449 393 1487 erat
424 1445 531 1486 illud
564 1444 735 1499 quidem
767 1459 933 1493 verum3
964 1459 1051 1485 non
1083 1445 1196 1486 enim
1228 1444 1408 1499 ingrati,
1440 1444 1514 1485 sed

169 1505 327 1558 miseri,
360 1505 515 1558 quibus
542 1504 715 1544 reddere
742 1503 936 1557 salutem,
969 1517 993 1543 a
1019 1518 1103 1556 quo
1131 1505 1397 1557 acceperant,
1426 1518 1515 1544 non

169 1563 332 1617 liceret,
362 1577 440 1604 nec
471 1576 580 1603 unus
606 1562 651 1602 in
678 1576 937 1616 quemquam
961 1576 1166 1615 umquam
1192 1562 1359 1617 gratior
1385 1576 1514 1615 quam

170 1622 216 1662 'm
246 1635 313 1661 me
345 1621 551 1675 universi3
583 1621 656 1662 sed
688 1623 834 1661 tamen
864 1620 971 1661 illud
1003 1621 1177 1674 scripsit
1206 1620 1514 1661 disertissimus

117 1693 151 1718 25
170 1682 301 1733 poeta
331 1694 409 1733 pro
435 1693 515 1732 me,
547 1679 637 1733 egit
662 1678 926 1720 fortissimus
953 1681 1084 1732 actor,
1114 1693 1202 1720 non
1227 1679 1367 1719 solum
1393 1681 1514 1732 optu-

171 1752 285 1792 mus,
321 1738 370 1778 de
404 1752 490 1791 me,
523 1752 619 1778 cum
651 1751 798 1778 omnes
831 1737 1000 1778 ordines
1033 1738 1366 1789 demonstraret,
1398 1751 1515 1777 sena-

172 1800 277 1849 tum,
310 1795 476 1849 equites
502 1795 732 1848 Romanos,
762 1795 1010 1836 universum
1038 1795 1246 1849 populum
1272 1795 1515 1836 Romanum

173 1857 411 1896 accusaret:

231 1924 453 1965 Exulare
475 1922 670 1977 sinitis,
697 1923 844 1964 sistis
864 1923 1010 1977 pelli,
1035 1924 1236 1977 pulsum
1255 1923 1514 1978 patimini!

120 2008 155 2033 30
175 1995 293 2045 Quae
325 1998 418 2036 tum
451 1994 711 2049 significatio
743 1993 875 2034 fuerit
908 1994 1110 2046 omnium,
1143 2008 1250 2047 quae
1282 1993 1514 2035 declaratio

174 2054 413 2095 voluntatis
453 2053 506 2093 ab
544 2053 744 2093 universo
782 2052 942 2106 populo
974 2052 1170 2093 Romano
1208 2052 1254 2092 in
1285 2066 1413 2092 causa
1442 2051 1515 2093 ho-

173 2113 302 2154 minis
339 2127 427 2153 non
463 2111 703 2166 popularis,
747 2110 943 2164 equidem
982 2111 1224 2162 audiebam,
1269 2110 1515 2151 existimare

173 2171 343 2212 facilius
374 2173 575 2225 possunt,
608 2169 680 2224 qui
712 2168 951 2210 adfuerunt.

263 2229 322 2270 Et
349 2229 552 2283 quoniam
576 2228 661 2269 huc
686 2242 753 2268 me
779 2228 976 2281 provexit
1003 2228 1154 2281 oratio,
1185 2228 1342 2269 histrio
1369 2242 1515 2269 casum
1530 2214 1585 2258 53

121 2300 155 2324 35
175 2302 318 2329 meum
350 2288 509 2329 totiens
543 2287 889 2339 conlacrumavit,
921 2301 1017 2327 cum
1048 2287 1111 2326 ita
1142 2286 1337 2328 dolenter
1369 2289 1516 2342 ageret
1532 2275 1598 2307 123
