1671 2543
547 83 648 117 cAP.
678 86 767 116 7--9
794 86 813 124 ξ
841 85 989 117 15-21.
1360 79 1443 121 367

97 195 269 246 saepius
303 190 518 246 flagitata,
557 204 686 244 quam
716 204 769 231 ne
802 189 1042 244 praetoriae
1073 187 1318 243 provinciae
1349 188 1446 242 plus

99 265 228 306 quam
273 264 432 292 annum
473 263 578 291 neve
621 249 719 304 plus
765 263 893 302 quam
936 247 1157 290 biennium
1201 246 1447 289 consulares

99 308 424 365 optinerentur?
473 306 567 350 Hae
591 307 687 363 lege
714 307 887 349 sublata
907 307 1158 348 videnturne
1177 305 1300 347 vobis
1320 320 1448 360 posse

99 368 295 412 Caesaris
328 370 424 409 aeta
456 366 645 409 servari?
709 366 849 415 Quid?
887 366 1000 421 lege,
1033 380 1140 420 quae
1171 365 1448 419 promulgata

62 443 78 468 5
100 430 166 469 est
202 427 252 468 de
289 426 420 468 tertia
456 424 645 479 decuria,
683 439 823 467 nonne
863 438 1010 465 omnes
1048 423 1294 465 iudiciariae
1329 423 1448 478 leges

100 485 295 529 Caesaris
323 484 644 527 dissolvuntur?
696 484 754 525 Et
779 498 855 525 vos
877 486 972 524 acta
991 481 1187 525 Caesaris
1208 481 1449 536 defenditis,

101 545 174 600 qui
205 545 324 600 leges
349 545 439 585 eius
467 543 689 585 evertitis?
745 542 842 584 Nisi
869 542 993 596 forte,
1026 542 1062 583 si
1089 541 1191 595 quid
1216 540 1448 582 memoriae

101 618 228 646 eausa
258 603 429 645 rettulit
459 602 505 644 in
535 602 743 655 libellum,
774 602 817 642 id
848 600 1146 642 numerabitur
1176 600 1222 641 in
1252 599 1360 642 actis
1393 602 1449 653 et,

101 663 296 717 quamvis
334 662 528 716 iniquum
567 663 609 703 et
642 660 795 701 inutile
835 660 908 712 sit,
947 658 1213 713 defendetur3
1252 658 1365 713 quod
1396 658 1450 699 ad

47 736 81 761 10
100 721 307 776 populum
340 720 590 762 centuriatis
621 719 808 762 comitiis
834 719 947 772 tulit,
978 718 1022 759 id
1046 717 1092 759 in
1117 717 1225 759 actis
1253 716 1448 759 Caesaris

99 795 187 821 non
211 779 452 821 habebitur.
502 779 563 820 At
589 793 696 833 quae
724 780 789 818 est
816 778 901 819 ista
926 777 1057 818 tertia
1079 775 1280 818 decuria?
1329 774 1449 818 ‘Cen-
1464 781 1510 813 20

100 838 347 891 turionum',
392 838 543 892 inquit.
613 836 754 886 Quid?
799 836 875 877 isti
920 835 1058 877 ordini
1103 835 1317 876 iudicatus
1355 833 1450 889 lege

101 897 224 951 Iulia,
245 897 376 938 etiam
391 899 489 937 ante
504 896 722 949 Pompeia,
745 894 919 936 Aurelia
932 909 1020 936 non
1032 893 1237 948 patebat?
1271 892 1450 935 eCensus

101 955 463 1011 praefiniebatur',
494 954 648 1009 inquit.
702 952 803 995 Non
833 953 1073 995 centurioni
1101 952 1273 1006 quidem
1299 951 1451 1005 solum,

49 1029 82 1056 1⁵
102 1015 175 1057 sed
208 1014 342 1069 equiti
374 1014 504 1055 etiam
529 1013 742 1067 Roman03
773 1012 918 1066 itaque
949 1011 1031 1052 viri
1062 1010 1289 1052 fortissimi
1322 1012 1451 1064 atque

102 1073 416 1126 honestissimi,
449 1072 521 1126 qui
554 1072 724 1113 ordines
757 1071 980 1124 duxerunt,
1011 1084 1078 1111 res
1111 1072 1154 1111 et
1185 1069 1377 1110 iudicant
1408 1071 1452 1110 et

102 1132 411 1174 iudicaverunt.
464 1129 580 1171 ‘Non
606 1129 791 1185 quaero',
818 1129 970 1183 inquit,
998 1128 1132 1170 ‘istos
1184 1127 1451 1181 Quicumque

105 1190 297 1232 ordinem
324 1189 455 1243 duxit,
481 1188 666 1230 iudicet?
717 1188 778 1230 At
801 1188 836 1229 si
855 1187 1038 1242 ferretis,
1065 1186 1321 1241 quicumque
1342 1200 1452 1240 equo

103 1249 344 1303 meruisset,
370 1248 482 1303 quod
503 1251 570 1289 est
588 1247 761 1301 lautius,
780 1246 942 1288 nemini
961 1245 1224 1301 probaretis3
1249 1245 1295 1286 in
1313 1244 1452 1286 iudice

51 1323 86 1348 80
105 1308 219 1350 enim
269 1307 455 1362 spectari
501 1308 544 1348 et
586 1306 762 1348 fortuna
805 1305 930 1347 debet
974 1307 1017 1347 et
1061 1304 1262 1359 dignitas.
1337 1302 1454 1345 ‘Non

105 1366 293 1422 quaero',
324 1366 482 1421 inquit,
516 1365 632 1419 eista3
671 1364 779 1406 addo
812 1364 945 1406 etiam
975 1363 1138 1405 iudices
1170 1362 1453 1417 manipularis

105 1440 156 1482 ex
176 1425 344 1480 legione
365 1424 641 1466 Alaudarum.
693 1423 833 1464 Aliter
853 1422 967 1464 enim
985 1421 1126 1464 nostri
1144 1423 1308 1477 negant
1325 1435 1452 1475 posse

106 1498 150 1526 se
184 1484 325 1525 salvos
357 1482 475 1524 esse.’
539 1482 573 1524 O
609 1482 968 1524 contumeliosum
998 1481 1207 1523 honorem
1237 1479 1310 1533 iis,
1346 1494 1453 1534 quos

108 1542 160 1583 ad
196 1541 470 1583 iudicandum
506 1555 584 1583 nee
622 1541 839 1595 opinantis
876 1540 1060 1581 vocatis!
1122 1538 1205 1580 Hie
1243 1538 1356 1579 em'm
1388 1541 1455 1580 est

55 1614 88 1640 25
107 1600 218 1655 legis
255 1600 399 1653 indeX,
434 1602 483 1639 ut
518 1599 550 1640 ii
586 1613 654 1640 res
692 1599 738 1640 in
773 1599 904 1640 tertia
935 1597 1106 1638 decuria
1137 1596 1342 1649 iudicent,
1380 1596 1454 1650 qui

106 1660 240 1701 libere
266 1657 452 1698 iudicare
476 1671 564 1698 non
589 1657 783 1698 audeant.
833 1656 884 1697 In
910 1670 992 1709 quo
1021 1658 1207 1709 quantus
1234 1668 1353 1695 error
1376 1657 1453 1707 est,

109 1718 152 1759 di
176 1716 455 1767 immortales,
481 1729 640 1769 eorum,
667 1714 740 1768 qui
765 1714 896 1755 istam
920 1714 1062 1768 legem
1082 1712 1452 1767 excogitaverunt!

108 1776 172 1819 Ut
203 1775 316 1817 enim
349 1773 528 1828 quisque
561 1772 880 1814 sordidissimus
912 1771 1138 1824 videbitur,
1169 1770 1232 1811 ita
1261 1770 1456 1811 libentis-

111 1836 216 1876 sime
240 1834 466 1875 severitate
486 1830 702 1873 iudicandi
722 1831 867 1872 sordes
888 1843 987 1870 suas
1007 1829 1122 1871 eluet
1141 1829 1456 1882 laborabitque,

58 1907 92 1931 30
111 1896 160 1934 ut
194 1892 390 1934 honestis
428 1889 610 1932 decuriis
647 1888 792 1943 potius
830 1888 984 1943 dignus
1023 1888 1218 1929 videatur
1250 1901 1379 1941 quam
1410 1887 1456 1928 in

112 1955 283 2005 turpem
314 1950 404 1990 iure
438 1948 667 1990 coniectus.

202 2009 352 2051 Altera
376 2006 651 2062 promulgata
676 2006 744 2046 lex
769 2007 847 2059 est,
872 2008 921 2046 ut
946 2007 991 2046 et
1016 2005 1066 2046 de
1089 2004 1132 2045 vi
1151 2006 1194 2045 et
1213 2003 1455 2045 maiestatis
1470 1993 1496 2034 9

113 2068 304 2111 damnati
330 2067 383 2107 ad
407 2065 614 2121 populum
638 2066 883 2118 provocent,
909 2063 946 2104 si
971 2062 1115 2105 velint.
1165 2061 1284 2103 Haec
1309 2064 1456 2103 utrum
1471 2052 1515 2084 21

113 2128 286 2170 tandem
322 2126 392 2167 lex
429 2126 494 2165 est
532 2137 586 2164 an
622 2123 768 2177 legum
805 2122 996 2163 omnium
1030 2119 1288 2162 dissolutio?
1351 2119 1457 2169 Quis

64 2198 96 2224 35
116 2189 181 2228 est
223 2185 337 2227 enim
378 2183 524 2235 hodie,
568 2180 687 2223 euius
731 2180 903 2222 intersit
945 2180 1074 2221 istam
1110 2179 1250 2234 legem
1287 2178 1458 2220 valere?

115 2244 255 2286 Nemo
286 2256 383 2285 reus
416 2244 482 2283 est
512 2240 680 2293 legibus
711 2238 811 2292 illis,
840 2252 977 2292 neme,
1010 2252 1136 2292 quem
1166 2237 1360 2278 futurum
1384 2252 1458 2292 pu-

118 2306 269 2344 temus.
330 2300 476 2343 Armis
515 2299 627 2340 enim
664 2300 786 2352 gesta
822 2311 1056 2351 numquam
1092 2295 1285 2351 profecto
1322 2295 1368 2337 in
1398 2296 1459 2338 iu-
