1671 2543
231 120 318 161 558
393 119 443 154 IN
471 119 520 155 M.
549 119 807 155 ANTONIUM
834 118 1012 154 ORATIO
1038 117 1305 153 PHJLIPPICA
1331 117 1425 152 XIV.

231 228 472 282 denuntiat,
505 227 756 269 Dolabellae
795 227 932 268 ferum
963 230 1006 268 et
1039 227 1206 267 inmane
1239 224 1423 278 facinus,
1461 223 1574 278 quod

230 287 350 328 nulla
388 262 588 328 barlin-ia
624 289 774 340 posset
811 300 1058 341 agnoscere
1095 285 1137 326 id
1170 299 1246 326 suo
1279 282 1459 326 cons-ilio
1490 281 1574 324 fac-

233 353 325 388 tum
359 360 452 387 esse
480 347 678 399 testatur,
711 359 901 399 quaeque
927 348 1041 386 esset
1065 342 1294 385 facturus
1282 357 1328 384 1n
1351 341 1433 383 hac
1456 341 1576 395 urbe,

231 404 313 446 nisi
347 419 443 445 eum
475 404 544 445 hic
577 404 667 458 ipse
694 403 889 458 Iuppiter
921 404 974 444 ab
1006 403 1087 444 hoc
1117 402 1279 456 templo
1307 403 1436 455 atque
1462 414 1574 442 moe-

230 464 357 504 nibus
378 462 650 517 reppulisset,
676 462 910 504 declaravit
929 462 973 503 in
992 460 1290 503 Parmensium
1316 458 1576 513 calamitate,
1611 477 1624 503 ⁵

232 536 339 576 quos
373 522 560 576 optimos
586 521 701 563 viros
726 521 1142 574 honestissimosque
1167 519 1362 561 homines
1389 517 1574 559 maxime

233 595 328 622 cum
356 580 616 622 auctoritate
641 580 768 621 huius
797 579 957 621 ordinis
983 579 1214 634 populique
1235 576 1419 620 Romani
1439 576 1575 632 digni-

233 642 322 680 tate
361 639 612 681 coniunctos
650 638 957 681 crudelissimis
991 638 1194 692 exemplis
1226 635 1448 678 interemit
1479 649 1574 690 pro-

232 698 410 752 pudium
459 697 567 738 illud
616 700 660 739 et
708 700 976 752 portentum,
1025 695 1071 738 L.
1121 695 1357 749 Antonius,
1405 694 1574 749 insigne

234 757 378 798 odium
405 756 596 798 omnium
622 756 846 798 hominum
871 756 950 809 vel,
976 756 1013 797 si
1033 755 1164 797 etiam
1185 755 1227 796 di
1248 755 1441 807 oderunt,
1467 767 1574 807 quos
1597 770 1629 796 ιο

198 818 424 870 90p0rtet,
462 815 649 857 deorum.
711 814 890 870 Refugit
929 815 1115 868 animus,
1152 816 1298 868 patres
1331 811 1577 866 conscripti,

232 888 365 928 eaque
395 874 533 915 dicere
561 873 824 927 reformidat,
857 888 964 928 quae
991 872 1037 914 L.
1063 872 1280 914 Antonius
1304 871 1351 914 in
1375 870 1576 912 Parmen-

233 933 344 974 sium
382 933 530 975 liberis
563 935 606 974 et
638 932 893 988 coniugibus
926 932 1124 974 effecerit.
1188 931 1303 981 Quas
1344 930 1459 972 enim
1490 932 1576 971 tur-
1644 950 1649 951 ⁷

233 992 448 1046 pitudines
492 991 674 1033 Antonii
723 991 908 1046 libenter
952 1006 1048 1033 cum
1092 991 1296 1033 dedecore
1339 988 1577 1043 subierunt,

233 1050 403 1092 easdem
440 1065 516 1105 per
548 1051 636 1092 vim
667 1051 885 1092 laetantur
917 1050 1012 1091 aliis
1046 1064 1090 1091 se
1122 1049 1331 1091 intulisse.
1395 1046 1479 1090 Sed
1510 1047 1575 1089 vis
1598 1064 1630 1091 ιιι

234 1109 489 1151 calamitosa
514 1112 592 1163 est,
625 1124 754 1164 quam
780 1109 866 1150 illis
896 1109 1157 1162 obtulerunt,
1185 1108 1318 1149 libido
1346 1106 1578 1163 flagitiosa,

165 1171 316 1234 (4)qua
342 1167 632 1210 Antoniorum
660 1168 796 1209 oblita
821 1170 887 1209 est
914 1168 1014 1209 vita.
1066 1167 1149 1209 Est
1174 1167 1309 1223 igitur
1335 1166 1577 1220 quisquam,

235 1242 307 1281 qui
339 1227 479 1268 hostis
512 1227 728 1281 appellare
759 1241 847 1268 non
879 1227 1050 1280 audeat,
1083 1240 1265 1281 quorum
1298 1225 1454 1267 scelere
1487 1239 1577 1266 cru·

193 1292 221 1332 4
235 1285 457 1327 delitatem
478 1284 903 1341 Carthaginiensium
929 1286 1087 1327 victam
1107 1300 1199 1327 esse
1220 1283 1438 1326 fateatur?
1483 1282 1577 1332 Qua

235 1344 348 1385 enim
385 1344 429 1385 in
466 1344 570 1385 urbe
611 1347 700 1385 tam
737 1343 922 1385 inmanis
955 1343 1173 1385 Hannibal
1212 1345 1337 1397 capta
1372 1355 1502 1396 quam
1533 1342 1576 1383 in
1597 1358 1630 1384 20

233 1402 390 1444 Parma
429 1404 626 1467 surrepta
662 1403 909 1444 Antonius?
947 1403 1030 1444 nisi
1069 1402 1180 1444 forte
1217 1401 1344 1442 huius
1383 1399 1575 1442 coloniae

235 1464 278 1502 et
305 1464 558 1514 ceterarum,
583 1461 627 1502 in
654 1475 758 1515 quas
786 1461 935 1502 eodem
961 1463 1027 1502 est
1053 1460 1208 1514 animo,
1233 1474 1320 1501 non
1347 1462 1412 1500 est
1436 1459 1577 1501 hostis

178 1533 220 1564 10
234 1520 461 1574 putandus.
525 1518 570 1561 Si
609 1534 708 1561 vero
751 1520 1015 1561 coloniarum
1047 1522 1090 1560 et
1122 1518 1455 1573 municipiorum
1485 1518 1576 1560 sine

234 1579 323 1620 ulla
348 1578 617 1620 dubitatione
643 1578 782 1620 hostis
809 1581 886 1627 est,
914 1578 1014 1632 quid
1041 1578 1214 1619 tandem
1239 1577 1366 1618 huius
1393 1577 1577 1619 censetis
1611 1628 1614 1631 Ι

235 1638 367 1691 urbis,
400 1652 528 1691 quam
560 1637 631 1678 ille
666 1638 718 1678 ad
751 1637 979 1692 explendas
1013 1639 1228 1692 egestates
1260 1635 1478 1677 latrocinii
1510 1635 1577 1677 sui
1596 1651 1630 1678 25

234 1696 491 1751 concupivit,
512 1711 641 1751 quam
660 1696 746 1737 iam
761 1696 926 1750 peritus
944 1698 1132 1737 metator
1152 1698 1196 1737 et
1217 1695 1396 1737 callidus
1416 1694 1577 1737 decem·
1655 1685 1659 1721 i

234 1759 342 1809 peda
392 1769 470 1797 sua
526 1754 638 1797 Saxa
688 1754 921 1796 diviserat?
990 1754 1312 1808 Recordamini,
1355 1767 1432 1808 per
1474 1753 1576 1795 deos
1655 1782 1658 1786 ⁴

234 1814 503 1856 inmortales!
535 1816 680 1868 patres
714 1813 959 1867 conscripti,
994 1813 1094 1868 quid
1123 1813 1204 1854 hoc
1230 1812 1360 1854 biduo
1387 1812 1576 1853 timueri-

235 1887 329 1914 mus
374 1888 399 1914 a
439 1872 686 1914 domesticis
722 1872 923 1913 hostibus
962 1872 1204 1913 rumoribus
1243 1871 1575 1925 improbissimis

235 1931 466 1986 dissipatis.
530 1930 634 1980 Quis
666 1931 843 1985 liberos,
876 1931 970 1985 quis
1003 1931 1228 1985 coniugem
1264 1930 1451 1984 aspicere
1482 1932 1649 1984 pot-³0.

235 1992 328 2031 erat
368 1990 458 2031 sine
497 1989 619 2043 fletu,
657 1990 752 2043 quis
786 1990 977 2044 domum,
1017 1989 1111 2043 quis
1145 1992 1277 2044 tecta,
1315 1988 1410 2043 quis
1441 1988 1575 2030 larem

235 2048 519 2090 familiarem?
596 2049 684 2089 Aut
733 2047 1025 2090 foedissimam
1075 2050 1259 2089 mortem
1310 2061 1456 2089 omnes
1500 2050 1576 2088 aut

235 2107 524 2149 miserabilem
555 2106 703 2162 fugam
736 2107 1000 2161 cogitabant.
1062 2105 1178 2147 Haec
1211 2121 1236 2148 a
1268 2106 1423 2160 quibus
1455 2105 1575 2147 time-

236 2166 411 2219 bantur,
449 2180 521 2207 eos
557 2165 705 2207 hostes
739 2166 954 2220 appellare
986 2164 1260 2206 dubitamus?
1324 2163 1505 2206 Gravius
1537 2164 1574 2205 si

236 2225 330 2278 quis
370 2224 567 2266 attulerit
598 2239 772 2276 nomen,
809 2224 994 2266 libenter
1025 2223 1258 2277 adsentiar3
1295 2223 1376 2265 hoc
1406 2222 1573 2278 vulgari
1593 2237 1627 2264 ³⁶

236 2286 463 2325 contentus
496 2283 566 2324 vix
597 2297 709 2336 sum,
741 2282 899 2324 leviore
931 2297 1018 2325 non
1048 2285 1156 2323 utar.

180 2348 217 2378 11
295 2341 463 2395 Itaque,
502 2356 598 2383 cum
636 2341 971 2395 supplicationes
1003 2341 1262 2382 iustissimas
1294 2353 1344 2380 ex
1376 2338 1428 2380 iis
1460 2339 1577 2389 litte<
