1671 2543
223 80 310 121 210
568 78 663 113 PRO
690 78 761 113 CN.
788 76 993 112 PLANCIO
1020 76 1207 112 ORATIO.

225 187 418 242 ginibus,
457 185 530 240 qui
565 185 813 227 nominibus
849 185 1003 226 vestris
1036 185 1267 238 ducuntur,
1306 185 1348 224 te
1382 183 1562 224 aedilem

223 245 433 287 fecerint?
482 244 696 298 Equidem
731 258 820 285 non
857 243 1018 285 dubito.
1069 241 1152 284 Sed
1185 242 1221 283 si
1252 256 1404 296 parum
1435 242 1562 282 multi

225 306 344 358 sunt,
388 303 462 357 qui
503 302 779 344 nobilitatem
823 305 986 355 ament,
1028 316 1131 343 num
1174 301 1261 342 ista
1304 303 1370 342 est
1411 303 1562 341 nostra

225 362 378 417 culpa?
434 361 609 403 Etenim
638 361 691 402 ad
718 363 846 415 caput
872 363 915 401 et
941 361 993 402 ad
1018 360 1185 401 fontem
1211 359 1380 414 generis
1405 359 1562 400 utrius-

225 435 306 476 que
338 421 571 462 veniamus.
1598 422 1614 447 5

184 467 210 509 8
312 479 377 520 Tu
406 494 450 520 es
477 493 498 519 e
525 477 758 531 municipio
785 477 1087 531 antiquissimo
1114 476 1369 530 Tusculano,
1401 490 1451 517 ex
1478 490 1561 529 quo

171 527 211 558 19
227 540 328 579 sunt
342 538 552 591 plurimae
566 536 757 578 familiae
771 536 1016 577 consulares
1033 533 1097 591 (in
1111 535 1266 589 quibus
1279 537 1345 576 est
1355 534 1487 575 etiam
1496 533 1563 575 Iu-

224 594 399 651 ventia),
414 599 493 649 tot,
506 598 603 648 quot
614 610 665 636 ex
678 595 855 649 reliquis
871 594 1116 648 municipiis
1133 593 1332 635 omnibus
1346 607 1433 634 non
1443 595 1563 647 sunt3

223 655 295 696 hic
321 658 387 696 est
412 669 433 696 e
458 653 729 708 praefectura
755 653 925 694 Atinati
950 668 1037 694 non
1062 655 1153 693 tam
1173 652 1332 706 -prisca,
1356 666 1444 693 non
1469 654 1561 692 tam

224 714 447 767 honorata,
477 727 565 754 non
596 715 687 753 tam
715 712 973 753 suburbana.
1018 711 1236 760 Quantum
1261 711 1468 751 interesse
1493 710 1558 751 vis
1580 727 1617 750 10

225 772 278 813 ad
314 772 527 812 rationem
565 771 771 826 petendi?
826 770 1021 811 Primum
1058 772 1205 811 utrum
1242 769 1382 824 magis
1419 768 1562 810 favere

224 833 352 885 putas
372 830 564 871 Atinatis
591 845 646 871 an
665 829 931 871 Tusculanos
958 829 1075 870 suis‘?
1128 828 1269 869 Alteri
1295 827 1423 882 (scire
1449 827 1562 868 enim

224 890 306 930 hoc
349 891 526 943 propter
569 888 839 930 vicinitatem
882 887 1007 928 facile
1044 885 1257 942 possum),
1301 901 1398 928 cum
1434 885 1562 927 huius

226 947 491 989 ornatissimi
524 950 653 1002 atque
686 947 839 1001 optimi
871 946 970 998 viri,
1009 945 1083 987 Cn.
1117 944 1356 997 Saturnini,
1393 947 1562 999 patrem

225 1006 422 1059 aedilem,
467 1021 564 1048 cum
601 1008 845 1060 praetorem
882 1005 1097 1058 viderunt,
1136 1004 1249 1058 quod
1285 1003 1450 1057 primus
1487 1003 1560 1044 ille
1583 1017 1616 1042 15

225 1079 310 1106 non
336 1065 462 1106 modo
489 1065 534 1105 in
560 1079 653 1105 eam
679 1064 901 1117 familiam,
928 1063 1001 1105 sed
1027 1063 1158 1104 etiam
1183 1063 1229 1103 in
1247 1061 1563 1116 praefecturam

223 1124 345 1164 illam
376 1123 527 1164 sellam
559 1123 749 1164 curulem
782 1122 1014 1175 attulisset,
1046 1121 1288 1162 mirandum
1317 1121 1363 1161 in
1388 1121 1563 1161 modum

223 1182 375 1223 laetati
407 1184 526 1235 sunt3
564 1182 724 1222 alteros
757 1181 918 1235 (credo,
960 1180 1060 1234 quia
1091 1179 1298 1220 refertum
1330 1182 1396 1220 est
1428 1179 1562 1219 muni-

225 1240 383 1294 cipium
424 1240 738 1292 consularibus3
781 1254 882 1280 nam
921 1239 1148 1279 malivolos
1186 1252 1273 1278 non
1311 1251 1403 1278 esse
1443 1240 1560 1278 certo

225 1296 332 1352 scio)
376 1312 612 1352 numquam
649 1298 841 1338 intellexi
879 1297 1173 1338 vehementius
1213 1310 1388 1336 suorum
1426 1296 1560 1336 muni-
1581 1310 1614 1334 20

167 1368 210 1398 20
226 1357 369 1411 cipum
386 1356 548 1398 honore
569 1356 732 1397 laetari.
772 1355 992 1396 Habemus
1012 1355 1094 1396 hoc
1114 1368 1204 1407 nos,
1224 1354 1386 1395 habent
1410 1357 1562 1394 nostra

225 1415 469 1468 municipia.
527 1414 636 1463 Quid
676 1428 755 1469 ego
795 1414 845 1455 de
883 1428 968 1467 me,
1006 1414 1056 1454 de
1087 1412 1221 1454 fratre
1253 1426 1347 1453 meo
1379 1412 1561 1466 loquar?

225 1488 408 1528 quorum
444 1473 680 1514 honoribus
719 1473 813 1527 agri
850 1472 933 1526 ipsi
971 1486 1104 1526 prope
1136 1471 1275 1512 dicam
1307 1473 1561 1524 montesque

224 1532 434 1573 faverunt.
488 1530 605 1572 Num
638 1532 804 1586 quando
837 1531 954 1571 vides
981 1530 1271 1571 Tusculanum
1298 1529 1485 1583 aliquem
1511 1530 1562 1571 de

224 1590 281 1632 M.
315 1589 478 1632 Catone
515 1590 591 1631 illo
623 1589 668 1630 in
700 1589 816 1631 omni
842 1589 1002 1630 virtute
1033 1588 1245 1643 principe,
1281 1602 1385 1629 num
1416 1588 1466 1628 de
1498 1587 1560 1629 Ti.
1581 1606 1616 1632 25

225 1648 493 1691 Coruncanio
520 1648 734 1702 municipe
761 1662 851 1700 suo,
876 1662 979 1688 num
1005 1647 1055 1689 de
1082 1649 1149 1688 tot
1168 1646 1332 1687 Fulviis
1354 1646 1561 1701 gloriari?

224 1707 419 1749 Verbum
454 1722 579 1748 nemo
618 1706 733 1748 facit.
792 1705 853 1747 At
890 1707 933 1747 in
966 1720 1274 1760 quemcumque
1306 1704 1562 1759 Arpinatem

224 1766 436 1819 incideris,
469 1765 639 1807 etiamsi
670 1765 795 1819 nolis,
827 1765 909 1806 erit
940 1767 1085 1806 tamen
1111 1764 1193 1804 tibi
1218 1763 1403 1804 fortasse
1430 1763 1561 1804 etiam

225 1825 275 1865 de
312 1824 438 1865 nobis
477 1824 655 1877 aliquid,
695 1824 767 1865 sed
805 1826 919 1864 certe
958 1824 1007 1864 de
1040 1822 1084 1865 C.
1116 1822 1254 1863 Mario
1294 1822 1561 1863 audiendum.

223 1882 418 1924 Primum
449 1882 585 1937 igitur
615 1882 685 1923 hic
715 1882 870 1922 habuit
902 1882 1045 1923 studia
1074 1895 1249 1922 suorum
1275 1880 1481 1934 ardentia,
1512 1883 1558 1921 tu
1580 1899 1615 1923 30

225 1944 365 1995 tanta,
405 1944 566 1995 quanta
602 1941 647 1982 in
682 1941 930 1982 hominibus
968 1941 1056 1981 iam
1088 1939 1294 1980 saturatis
1325 1939 1561 1980 honoribus

168 2008 209 2038 21
226 2014 317 2041 esse
343 2002 590 2053 potuerunt.
632 1998 796 2040 Deinde
823 1999 887 2040 tui
912 1998 1148 2052 municipes
1175 2000 1275 2038 sunt
1300 1997 1365 2038 illi
1391 1997 1561 2050 quidem

225 2058 561 2112 splendidissimi
579 2058 788 2111 homines,
815 2058 889 2099 sed
908 2061 1054 2098 tamen
1072 2056 1210 2110 pauci,
1235 2055 1445 2109 siquidem
1465 2069 1561 2095 cum

225 2115 477 2157 Atinatibus
511 2116 804 2170 conferantur3
834 2116 962 2157 huius
993 2115 1265 2170 praefectura
1294 2114 1422 2167 plena
1452 2113 1561 2154 viro-

224 2189 319 2214 rum
343 2174 692 2229 fortissimorum,
718 2175 779 2215 sic
804 2177 854 2215 ut
878 2175 998 2215 nulla
1024 2176 1118 2215 tota
1143 2172 1272 2213 Italia
1294 2171 1560 2225 frequentior
1579 2189 1614 2214 35

226 2232 308 2273 dici
339 2233 498 2287 possit3
531 2248 659 2287 quam
692 2232 863 2287 quidem
893 2247 1007 2274 nunc
1039 2230 1360 2272 multitudinem
1394 2229 1561 2283 videtis,

224 2290 398 2338 iudices,
429 2291 474 2332 in
506 2292 704 2344 squalore
736 2293 780 2332 et
811 2291 930 2332 luctu
962 2290 1198 2346 supplicem
1225 2288 1359 2329 vobis.
1409 2287 1468 2328 Hi
1494 2291 1562 2329 tot
