1671 2543
517 71 618 107 CAP.
647 75 785 107 14—16
812 76 831 114 ἓ
859 76 1007 108 33Ἢ38.
1369 73 1423 116 79

88 179 208 221 616113
250 182 422 221 senatus
461 194 579 221 more
617 179 829 221 maiorum
867 180 1053 236 deligere
1091 181 1270 234 posset?
1330 181 1423 222 Eri·
1438 185 1483 216 36

86 253 241 292 pucras
269 238 436 280 senatui
461 238 705 292 provinciae
732 239 1016 280 decernendae
1041 241 1316 294 potestatem,
1347 240 1424 280 im—

86 297 300 350 peratoris
345 296 558 352 deligendi
594 296 816 351 iudicium,
859 297 1011 339 aerarii
1047 297 1424 352 dispensationem,

89 369 196 409 quae
234 369 470 409 numquam
502 355 584 396 sibi
614 356 799 410 populus
832 356 1050 397 Romanus
1083 357 1311 411 appetivit,
1350 357 1423 411 qui

52 425 68 451 5
87 428 322 467 numquam
360 414 413 454 ad
442 427 484 455 se
514 414 670 455 summi
702 414 869 455 consilii
901 415 1255 470 gubernationem
1286 418 1424 456 trans-

87 471 199 513 ferre
232 474 411 513 conatus
444 475 520 513 est.
580 472 686 527 Age,
716 472 880 514 factum
913 476 978 514 est
1008 473 1164 515 horum
1191 474 1353 528 aliquid
1378 474 1423 515 in

88 530 203 584 aliis,
234 545 344 584 raro,
370 531 443 571 sed
468 533 614 572 tamen
638 531 802 573 factum
829 534 906 585 est,
931 535 980 573 ut
1004 533 1188 586 populus
1215 533 1423 587 deligeret

87 588 411 643 imperatorem3
444 589 539 644 quis
571 590 739 644 legatos
771 605 975 644 umquam
1002 591 1164 632 audivit
1190 592 1280 632 sine
1307 606 1424 632 sena-

87 650 158 688 tus
185 648 412 689 consulto?
468 648 582 689 Ante
609 651 652 689 te
677 664 815 702 nemo,
840 652 939 702 post
965 650 1168 691 continuo
1188 650 1290 691 fecit
1309 650 1424 691 idem

37 705 134 747 10111
171 706 336 747 duobus
373 707 583 761 prodigiis
621 707 683 748 rei
714 707 910 761 publicae
944 707 1136 763 Clodius,
1174 723 1258 762 quo
1291 709 1423 749 etiam

89 765 249 806 maiore
294 779 338 805 es
382 765 496 806 malo
540 766 811 820 mactandus,
855 767 969 820 quod
1005 781 1092 808 non
1129 767 1270 808 solum
1305 767 1422 808 facto

89 826 183 877 tuo,
239 823 313 864 sed
370 824 501 864 etiam
551 825 745 878 exemplo
794 839 885 865 rem
927 825 1144 879 publicam
1187 826 1423 866 vulnerasti

86 896 224 936 neque
251 884 421 922 tantum
446 882 538 936 ipse
565 897 608 923 es
634 882 868 947 improbus,
895 884 967 924 sed
994 884 1125 924 etiam
1145 884 1252 925 alios
1273 885 1423 925 docere

87 940 276 981 voluisti.
338 941 403 982 Ob
434 940 561 982 hasce
595 942 733 982 omnis
765 956 831 982 res
865 942 1028 983 sciasne
1060 945 1102 983 te
1135 942 1425 984 severissimo-

39 1013 103 1038 15
92 1013 189 1039 rum
243 999 467 1040 hominum
524 998 797 1054 Sabinorum,
847 1000 1180 1041 fortissimorum
1232 1001 1424 1042 virorum

89 1050 333 1098 Marsorum
364 1060 407 1098 et
438 1057 759 1113 Paelignorum,
792 1059 1016 1099 tlibulium
1048 1061 1234 1113 tuor,um
1265 1059 1422 1100 iudicio

87 1118 305 1169 notatum,
341 1130 418 1157 nec
454 1119 555 1170 post
591 1116 775 1157 Romam
813 1117 1030 1158 conditam
1066 1120 1238 1171 praeter
1275 1121 1317 1159 te
1350 1118 1424 1158 tri-

88 1174 234 1215 bulem
265 1189 523 1228 quemquam
554 1175 716 1216 tribum
750 1174 945 1230 Sergiam
975 1176 1222 1229 perdidisse.

177 1233 320 1286 Atque
352 1233 459 1274 illud
490 1233 621 1274 etiam
653 1234 805 1274 audire
829 1236 876 1275 cle
907 1236 949 1275 te
982 1234 1119 1288 cupio,
1152 1249 1293 1288 quare,
1327 1244 1482 1276 61111137

37 1306 71 1331 20
90 1305 169 1346 ego
213 1291 354 1346 legem
397 1291 447 1332 de
492 1292 658 1333 ambitu
701 1292 876 1333 tulerim
914 1307 964 1333 ex
1002 1295 1175 1333 senatus
1215 1293 1424 1347 consulto,

89 1349 263 1390 tulerim
295 1350 385 1391 31116
416 1350 470 1403 vi,
502 1351 676 1392 tulerim
702 1351 830 1391 salvis
859 1351 1073 1405 auspiciis,
1105 1351 1280 1392 tulerim
1306 1351 1425 1392 salva

88 1408 183 1463 lege
223 1408 347 1449 Aelia
383 1411 427 1449 et
463 1408 601 1464 Fufia,
639 1412 687 1450 tu
726 1424 819 1450 eam
857 1424 950 1450 esse
987 1410 1127 1464 legem
1163 1424 1251 1451 non
1285 1413 1425 1464 puteS,

88 1467 344 1520 praesertim
375 1481 472 1508 cum
503 1481 583 1522 ego
614 1468 784 1523 legibus
816 1468 914 1521 tuis,
947 1482 1119 1522 quoquo
1151 1469 1277 1509 modo
1310 1469 1424 1510 latae

90 1528 208 1579 sunt,
245 1539 437 1580 paream,
473 1540 570 1567 cum
607 1541 702 1567 mea
738 1527 807 1567 lex
845 1526 1027 1568 dilucide
1059 1529 1176 1567 vetet
1206 1526 1426 1580 BIENNIO,

37 1599 71 1625 25
91 1595 183 1632 QUO
210 1595 311 1633 QUIS
337 1596 481 1624 PETAT
507 1596 823 1626 PETITURUSVE
851 1596 932 1639 SIT,
958 1596 1280 1626 GLADIATORES
1300 1597 1423 1626 DARE

91 1653 183 1683 NISI
221 1654 284 1683 Ex
320 1653 627 1685 TESTAMENTO
664 1655 982 1684 PRAESTrrUTA
1019 1655 1118 1695 DIE,
1157 1657 1264 1697 quae
1302 1646 1426 1684 tanta

90 1700 136 1741 in
178 1702 221 1741 te
266 1700 323 1740 sit
366 1701 569 1755 amentia,
612 1703 661 1742 ut
703 1702 749 1742 in
785 1702 879 1755 ipsa
915 1701 1124 1755 petitione
1163 1702 1425 1756 gladiatores

91 1758 247 1800 audeas
289 1759 405 1812 dare,
446 1773 551 1799 num
595 1773 720 1813 quem
763 1762 889 1813 putes
932 1759 1049 1799 illius
1094 1759 1158 1799 tui
1196 1759 1425 1800 certissimi

92 1817 344 1872 gladiatoris
384 1817 568 1857 similem
606 1818 828 1858 tribunum
865 1817 920 1871 pl.
959 1831 1084 1870 posse
1116 1817 1313 1871 reperiri,
1353 1818 1426 1872 qui

37 1893 72 1918 30
91 1890 136 1916 se
167 1876 426 1940 interponat,
458 1889 541 1929 quo
574 1875 713 1916 minus
744 1890 841 1916 reus
874 1889 968 1916 mea
998 1875 1092 1930 lege
1124 1875 1214 1916 fias.
1442 1903 1499 1944 16

180 1934 245 1976 Α6
287 1934 324 1975 31
366 1933 471 1974 haec
515 1933 658 1974 omnia
701 1933 937 1975 contemnis
982 1947 1029 1974 ac
1067 1933 1268 1987 despicis,
1313 1933 1426 1987 quod
1440 1963 1484 1994 38

92 1993 155 2033 ita
185 1992 267 2033 tibi
297 1992 572 2046 peisuaseris,
603 1994 652 2032 ut
682 1992 826 2046 palam
857 1991 1043 2045 dictitas,
1074 1994 1116 2032 te
1149 1992 1213 2032 dis
1244 1991 1426 2032 homini-

92 2051 257 2104 busque
289 2050 436 2091 invitis
469 2064 612 2091 amore
638 2050 683 2090 in
708 2053 750 2091 te
776 2050 1017 2091 incredibili
1043 2050 1228 2103 quodam
1255 2049 1299 2092 O.
1327 2049 1427 2092 Cae-

94 2110 202 2150 saris
230 2109 384 2163 omnia,
411 2123 517 2162 quae
543 2109 662 2162 velis,
688 2110 1027 2162 consecutulum,
1053 2108 1203 2162 ecquid
1230 2108 1426 2160 audieris,

41 2185 74 2212 35
95 2168 341 2222 ecquisnam
378 2168 459 2207 tibi
498 2167 652 2207 dixerit
685 2166 987 2208 G.Caesa1em
1024 2181 1159 2220 nuper
1189 2166 1427 2220 Aquileiae,

94 2241 192 2267 cum
228 2227 278 2268 de
317 2226 571 2280 quibusdam
609 2228 723 2266 esset
760 2225 920 2266 mentio
953 2224 1084 2278 facta,
1122 2225 1279 2266 dixisse
1310 2238 1350 2266 se
1380 2224 1426 2266 C.

94 2285 256 2326 Alfium
281 2284 561 2340 praeteritum
586 2284 842 2338 peimoleste
868 2283 1031 2338 tulisse,
1058 2283 1201 2338 quod
1190 2298 1235 2324 m
1253 2283 1426 2325 homine
