1671 2543
579 57 681 92 CAP.
712 63 727 92 1
757 62 776 99 ξ
805 62 906 92 1-3.
1341 56 1427 97 203

77 162 251 208 cipaliter
284 163 432 206 quidem
466 163 726 199 coniecturalis
762 163 928 198 defensio
962 164 1038 206 est,
1070 162 1250 198 videlicet
1281 164 1427 196 oratore

77 210 223 246 nitente
261 210 454 245 Plancium
496 222 570 245 non
614 209 796 255 pecuniae
839 209 1058 255 largitione,
1105 210 1170 245 sed
1206 209 1427 254 integritate

77 269 220 293 morum
260 259 298 292 et
328 269 451 292 rerum
484 259 674 302 gestarum
707 260 885 293 memoria
919 259 1069 293 aedilem
1100 268 1171 293 esse
1201 258 1348 299 factum.
1382 276 1428 282 —

80 304 236 339 Constat
263 307 388 339 autem
416 305 478 339 Cn.
500 304 695 339 Plancium
721 305 933 340 absolutum
959 315 1040 340 esse
1066 315 1109 339 ac
1134 303 1302 350 proximo
1330 314 1427 338 anno

78 351 314 387 aedilitatem
339 351 509 397 gessisse.

169 588 279 631 Cum
317 592 497 644 Ρ1ΗοΡ1ε31
535 588 755 644 egregiam
792 591 835 630 et
868 589 1132 644 singularem
1165 587 1238 630 Cn
1264 587 1425 642 Planci,
1443 568 1464 608 1

79 648 261 702 iudices,
297 648 343 688 in
374 662 469 689 mea
501 648 639 689 salute
674 648 951 689 custodienda
983 648 1110 689 fidem
1141 650 1232 688 tam
1263 647 1426 688 multos

81 709 124 748 et
171 707 308 748 bonos
353 707 469 748 viros
515 707 605 748 eius
649 707 805 748 honori
849 707 1039 748 viderem
1083 721 1176 747 esse
1220 705 1426 758 fautoreS,

82 765 304 819 capiebam
350 766 492 807 animo
537 780 624 806 non
668 765 927 807 mediocrem
967 766 1256 819 voluptatem,
1300 765 1426 819 quod,

43 834 60 858 5
82 824 202 866 cuius
236 824 426 865 officium
458 824 565 865 mihi
597 823 729 865 saluti
759 824 932 877 fuisset,
967 825 1006 866 ei
1036 839 1231 865 meorum
1263 826 1426 877 tempo-

81 898 177 924 rum
210 883 462 924 memoriam
488 883 716 937 suffragari
742 883 952 924 videbam.
1006 882 1115 925 Cum
1141 885 1285 924 autem
1311 882 1427 923 audi-

81 956 173 982 rem
204 956 323 983 meos
355 942 516 996 partim
547 942 758 995 inimicos,
789 942 952 996 partim
983 942 1150 982 invidos
1179 941 1280 982 huic
1307 955 1426 982 accu-

82 1000 243 1042 sationi
273 1015 365 1042 esse
392 1000 584 1042 fautores
611 1001 873 1054 eandemque
900 1015 991 1042 rem
1017 1000 1306 1042 adversariam
1333 1014 1426 1041 esse

82 1060 128 1100 in
158 1059 316 1100 iudicio
350 1058 424 1101 Cn.
457 1058 646 1113 Plancio,
679 1074 786 1113 quae
818 1060 864 1100 in
894 1059 1104 1113 petitione
1129 1059 1285 1100 fuisset
1312 1059 1427 1100 adiu-

29 1118 188 1171 lotrix,
231 1118 448 1171 dolebam,
486 1118 666 1171 iudices,
705 1120 748 1158 et
785 1118 936 1159 acerbe
975 1118 1185 1171 ferebam,
1225 1117 1261 1158 si
1297 1117 1425 1158 huius

84 1176 199 1218 salus
239 1176 293 1218 ob
333 1191 428 1217 eam
462 1176 600 1230 ipsam
635 1191 809 1218 causam
842 1179 956 1218 esset
987 1176 1203 1229 infestior,
1243 1176 1357 1230 quod
1388 1176 1426 1217 is

83 1250 222 1277 meam
255 1235 441 1276 salutem
471 1238 600 1289 atque
627 1236 762 1276 vitam
789 1237 866 1276 sua
891 1235 1184 1277 benivolentia
1209 1235 1425 1289 praesidio

84 1294 363 1348 custodiaque
389 1294 580 1335 texisset.
630 1293 758 1335 Nune
784 1297 929 1335 autem
949 1297 1103 1348 vester,
1131 1294 1304 1347 iudices,
1332 1302 1458 1335 con-2

84 1355 259 1407 spectus
303 1355 347 1394 et
390 1367 616 1394 consessus
654 1353 737 1394 iste
775 1353 913 1394 reficit
952 1356 995 1394 et
1033 1355 1199 1394 lmecleat
1237 1355 1427 1393 mentem

31 1425 65 1450 15
85 1426 243 1465 meam,
289 1426 386 1452 oum
430 1411 602 1453 intueor
646 1414 689 1452 et
732 1412 1002 1477 contemplor
1042 1426 1176 1453 unum
1215 1426 1427 1476 quemque

84 1445 288 1511 vestruin.
342 1469 480 1511 Video
520 1470 634 1511 enim
670 1470 753 1512 hoc
791 1470 836 1511 in
872 1485 1050 1512 numero
1087 1470 1321 1523 neminem,
1360 1470 1428 1512 cui

84 1543 180 1569 mea
225 1529 339 1569 salus
382 1543 470 1570 non
511 1544 610 1570 cara
647 1528 795 1583 fuerit,
841 1529 960 1570 cuius
997 1543 1085 1570 non
1123 1532 1240 1570 extet
1276 1529 1322 1569 111
1359 1543 1428 1570 me

86 1601 300 1628 summum
338 1587 558 1641 meritum,
597 1588 665 1629 cui
701 1602 790 1629 non
826 1588 909 1629 sim
947 1588 1183 1629 obstrictus
1219 1587 1429 1629 memoria

85 1645 282 1686 beneficii
321 1645 593 1699 sempiterna.
655 1645 808 1699 Itaque
845 1661 933 1687 non
971 1646 1224 1699 extimesco,
1261 1660 1314 1687 ne
1353 1645 1429 1688 Cn.

31 1718 66 1742 20
86 1703 262 1745 Plancio
309 1704 504 1744 custodia
546 1719 665 1745 meae
711 1704 864 1745 salutis
910 1705 1022 1758 apud
1066 1719 1138 1745 eos
1178 1704 1311 1757 obsit,
1356 1704 1430 1758 qui

86 1777 154 1804 me
185 1762 270 1816 ipsi
301 1762 485 1802 maxime
519 1763 685 1803 salvum
716 1763 859 1804 videre
887 1763 1128 1816 voluerunt,
1161 1762 1429 1816 saepiusque,

85 1821 265 1874 iudices,
303 1820 411 1861 mihi
448 1821 566 1861 venit
603 1821 648 1861 in
686 1824 875 1861 mentem
914 1820 1211 1862 admirandum
1247 1835 1339 1861 esse
1371 1820 1429 1861 M.

85 1879 376 1932 Laterensem,
406 1879 626 1920 hominem
659 1879 1025 1920 studiosissimum
1058 1882 1100 1920 et
1130 1879 1358 1934 dignitatis
1386 1882 1429 1920 et

87 1938 240 1979 salutis
284 1952 422 1991 meae,
465 1952 585 1978 reum
630 1937 713 1978 sibi
752 1937 866 1978 hunc
903 1938 1180 1991 potissimum
1218 1937 1429 1992 delegisse

33 2009 67 2034 25
89 2011 218 2051 quam
261 1996 555 2049 metuendum,
597 2009 650 2036 ne
693 1996 816 2036 vobis
859 1995 903 2036 id
946 1996 1018 2037 ille
1063 2010 1221 2050 magna
1261 1996 1428 2037 ratione

85 2055 239 2096 fecisse
276 2055 483 2096 videatur.
541 2054 811 2107 Quamquam
845 2054 952 2095 mihi
982 2069 1070 2095 non
1102 2069 1224 2095 sumo
1258 2057 1465 2098 tantuma

85 2128 223 2168 neque
256 2114 430 2168 adrogo,
462 2113 636 2166 iudices,
667 2115 716 2153 ut
749 2112 822 2154 Cn.
856 2112 1081 2154 Plancium
1113 2113 1201 2154 suis
1231 2127 1335 2167 erga
1361 2127 1428 2154 me

87 2172 254 2213 meritis
294 2172 601 2226 impunitatem
645 2174 922 2213 consecutum
966 2174 1126 2225 putem.
1194 2170 1293 2213 Nisi
1337 2172 1428 2213 eius

87 2230 412 2285 integerrimam
449 2230 603 2283 vitam,
644 2229 986 2271 modestissimos
1020 2244 1178 2284 mores,
1216 2245 1430 2272 summam

34 2300 68 2326 30
87 2289 228 2344 fidem,
260 2289 584 2341 continentiam,
615 2288 836 2343 pietatem,
867 2289 1160 2330 innocentiam
1189 2289 1429 2343 ostendero,
