1671 2543
510 63 611 100 CAP.
638 68 775 99 40—42
804 68 823 107 g
852 68 1045 100 103-109.
1374 66 1457 107 411

118 187 262 214 secum
287 172 540 228 Anagninos
565 171 756 226 haberet,
782 172 1014 214 Mustelam
1039 174 1083 214 et
1107 171 1334 228 Laconem,
1361 188 1462 228 quo-

118 245 214 273 rum
252 231 361 272 alter
399 230 642 285 gladiorum
680 234 746 272 est
783 231 1000 286 princeps,
1044 231 1154 273 alter
1192 232 1459 286 poculorum.

120 289 231 339 Quid
270 303 349 346 ego
387 289 485 331 illas
523 289 649 332 istius
687 290 825 331 minas
865 290 1232 344 contumeliasque
1271 299 1528 332 comme-107

118 363 294 403 morem,
321 348 477 403 quibus
497 348 691 390 invectus
713 351 779 390 est
798 349 843 389 in
864 347 1088 402 Sidicinos,
1114 348 1286 390 vexavit
1305 348 1461 391 Puteo-

81 420 98 445 5
118 408 258 462 Ianos,
298 407 412 462 quod
444 406 488 450 C.
521 405 718 449 Cassium
758 410 800 448 et
831 407 991 448 Brutos
1023 410 1231 461 patronos
1264 408 1460 462 adoptas-

119 465 243 508 sent‘?
310 465 470 521 Magno
516 466 689 520 quidem
734 466 894 519 studio,
937 466 1113 520 iudicio,
1156 465 1460 521 benivolentia,

119 524 317 578 caritate,
354 539 443 566 non
478 527 528 566 ut
565 527 608 566 te
647 527 690 566 et
721 524 915 566 Basilum
952 524 994 565 vi
1032 526 1075 566 et
1113 524 1243 566 armis
1275 527 1319 566 et
1351 525 1459 568 alios

118 583 251 624 vestri
290 583 469 637 similes,
509 598 616 637 quos
655 583 824 625 clientis
861 597 988 624 nemo
1023 582 1182 624 habere
1214 583 1337 638 velit,
1373 598 1461 625 non

118 642 245 684 modo
276 642 452 683 illorum
484 642 615 683 cliens
648 656 751 683 esse.
812 641 983 683 Interea
1014 641 1115 682 dum
1146 644 1195 683 tu
1227 642 1346 694 abes,
1385 642 1459 696 qui
1472 644 1530 684 42

65 717 99 742 ιο
118 700 207 742 dies
245 700 318 742 ille
357 700 558 756 conlegae
596 700 661 741 tui
692 700 793 754 fuit,
833 715 929 741 cum
960 700 1084 754 illud,
1122 700 1235 754 quod
1266 701 1459 742 venerari

118 759 300 813 solebas,
331 759 510 800 bustum
537 759 582 800 in
607 759 701 800 foro
729 759 901 800 evertit!
953 758 1047 807 Qua
1072 772 1116 799 re
1143 758 1225 799 tibi
1248 758 1460 812 nuntiata,

118 819 166 859 ut
205 817 432 859 constabat
468 818 583 859 inter
622 832 711 871 eos,
757 817 830 871 qui
869 831 953 858 una
989 816 1181 871 fuerunt,
1223 817 1459 859 concidisti.

120 875 231 925 Quid
270 876 460 917 evenerit
495 878 666 930 postea,
706 875 870 930 nesci03
907 878 1071 916 metum
1110 875 1234 917 credo
1273 875 1460 917 valuisse

118 937 162 976 et
203 949 340 989 arma3
384 934 609 990 conlegam
648 934 820 988 quidem
858 934 908 975 de
947 934 1064 976 caelo
1103 934 1328 975 detraxisti
1366 934 1461 975 effe-

66 1010 99 1035 15
120 993 304 1047 cistique
335 1007 423 1034 non
450 995 498 1034 tu
526 992 698 1046 quidem
724 992 854 1034 etiam
878 1007 1003 1047 nunc,
1028 994 1078 1034 ut
1104 992 1258 1034 similis
1284 992 1361 1045 tui,
1387 992 1461 1034 sed

120 1054 233 1093 certe
264 1054 315 1093 ut
346 1051 568 1092 dissimilis
602 1053 715 1092 esset
747 1051 824 1092 sui.
1541 1088 1543 1090 ,

207 1108 290 1159 Qui
329 1123 429 1151 vero
467 1109 564 1151 inde
596 1110 758 1150 reditus
791 1109 992 1163 Romam,
1032 1123 1139 1163 quae
1180 1087 1554 1179 perturbatiogff)

121 1168 255 1210 totius
287 1168 425 1209 urbis!
486 1167 819 1209 Memineramus
853 1167 1034 1210 Cinnam
1065 1167 1194 1209 nimis
1226 1170 1460 1222 potentem,
1487 1149 1530 1180 (8

122 1226 286 1269 Sullam
311 1229 464 1281 postea
483 1226 788 1281 dominantem,
814 1227 940 1268 modo
962 1225 1190 1268 Caesarem
1209 1228 1462 1281 regnantem

67 1302 102 1328 20
121 1286 376 1327 videramus.
436 1285 575 1326 Erant
606 1284 791 1327 fortasse
823 1285 973 1341 gladii,
1005 1285 1079 1326 sed
1111 1284 1354 1326 absconditi
1383 1299 1462 1327 nec

119 1345 182 1385 ita
225 1343 364 1385 multi.
431 1343 524 1385 Ista
566 1358 667 1385 vero
714 1358 821 1398 quae
860 1346 903 1385 et
941 1346 1102 1398 quanta
1139 1343 1340 1384 barbaria
1377 1344 1460 1385 est!

121 1402 306 1458 Agmine
339 1402 548 1456 quadrato
584 1417 681 1443 cum
706 1402 861 1458 gladiis
888 1404 1103 1456 secuntur,
1136 1404 1357 1444 scutorum
1382 1402 1462 1444 lec-

113 1460 230 1501 'ticas
260 1461 427 1514 portari
458 1461 661 1502 videmus.
711 1461 856 1515 Atque
887 1461 956 1502 his
989 1460 1160 1515 quidem
1192 1461 1279 1501 iam
1303 1461 1462 1502 invete-

121 1519 240 1572 ratis,
270 1521 416 1572 patres
443 1519 687 1573 conscripti,
718 1519 1024 1561 consuetudine
1051 1519 1349 1574 obduruimus3
1379 1518 1462 1560 Ka-

70 1594 103 1619 25
122 1576 259 1617 lendis
296 1575 432 1617 Iuniis
476 1591 572 1618 cum
608 1578 653 1618 in
691 1580 904 1631 senatum,
948 1580 997 1618 ut
1034 1579 1126 1618 erat
1164 1577 1463 1632 constitutum,

122 1634 265 1676 venire
306 1634 530 1688 vellemus,
574 1637 692 1676 metu
728 1635 949 1689 perterriti
986 1637 1160 1689 repente
1201 1634 1460 1690 diffugimus.

122 1693 183 1734 At
225 1693 325 1745 iste,
370 1692 443 1746 qui
487 1695 638 1733 senatu
679 1707 767 1734 non
810 1695 973 1748 egeret,
1014 1706 1152 1745 neque
1197 1692 1453 1734 desideravit
1466 1699 1531 1731 109

124 1765 382 1806 quemquam
414 1752 457 1791 et
487 1750 632 1804 potius
665 1751 854 1791 discessu
883 1753 1033 1791 nostro
1066 1750 1252 1791 laetatus
1286 1752 1352 1791 est
1378 1753 1462 1792 sta—

124 1810 287 1863 timque
314 1809 390 1849 illa
414 1808 629 1849 mirabilia
654 1807 847 1849 facinora
872 1808 1022 1849 effecit.
1066 1807 1150 1856 Qui
1176 1808 1463 1863 chirographa

72 1879 105 1905 so
126 1867 321 1910 Caesaris
355 1866 614 1908 defendisset
645 1866 754 1906 lucri
781 1866 847 1906 sui
873 1880 1011 1919 causa,
1042 1866 1079 1906 is
1108 1867 1226 1921 leges
1253 1865 1462 1921 Caesaris,

125 1940 280 1979 easque
311 1925 566 1979 praeclaras,
597 1926 646 1965 ut
677 1938 767 1965 rem
797 1924 1015 1978 publicam
1048 1928 1274 1966 concutere
1302 1927 1462 1979 posset,

125 1984 290 2026 evertit.
370 1982 610 2024 Numerum
659 1996 867 2023 annorum
915 1982 1148 2036 provinciis
1197 1983 1461 2037 prorogavit,

125 2043 322 2096 idemque
354 2055 450 2082 cum
482 2042 675 2082 actorum
701 2039 895 2082 Caesaris
928 2040 1126 2081 defensor
1157 2040 1461 2094 esse-deberet,

127 2104 170 2142 et
206 2101 253 2142 in
285 2099 468 2154 publicis
507 2101 550 2140 et
586 2098 632 2139 in
667 2098 850 2152 privatis
887 2098 1014 2140 rebus
1048 2101 1144 2139 acta
1175 2097 1370 2140 Caesaris
1401 2113 1462 2140 re-

75 2177 109 2202 35
129 2159 265 2201 scidit.
326 2157 378 2199 In
407 2156 590 2212 publicis
621 2156 730 2197 nihil
765 2159 832 2198 est
861 2156 956 2211 lege
988 2156 1173 2211 gravius,
1204 2157 1250 2198 in
1279 2157 1460 2211 privatis

128 2217 423 2259 firmissimum
461 2217 526 2257 est
557 2217 876 2256 testamentum.
937 2213 1074 2269 Leges
1107 2214 1211 2255 alias
1245 2214 1335 2256 sine
1366 2230 1462 2270 pro-

130 2276 393 2331 mulgatione
436 2273 629 2326 sustulit,
679 2273 784 2314 alias
827 2275 876 2314 ut
919 2272 1109 2326 tolleret,
1157 2274 1461 2330 promulgavit.
