1671 2543
162 83 247 124 372
345 79 396 115 m
421 79 471 115 M.
498 76 763 113 ANTONHJM
789 75 969 112 ORATIO
995 73 1269 110 PHIHPPICA
1293 73 1320 110 1.

99 193 148 233 [4
163 189 453 245 suspicionem
484 187 622 228 vitare
653 184 890 239 potuisses!
952 183 1067 224 Illud
1100 183 1239 239 magis
1271 196 1434 237 vereor,
1458 196 1512 224 ne

161 250 368 306 ignorans
407 260 556 288 verum
592 245 677 285 iter
714 243 878 299 gloriae
911 242 1150 298 gloriosum
1181 244 1308 296 putes
1338 241 1436 296 plus
1469 244 1514 282 te

161 322 296 350 unum
320 320 447 362 posse
475 318 604 359 quam
631 316 779 344 omnes
806 304 850 343 et
869 301 1005 342 metui
1025 316 1050 342 a
1070 300 1235 342 civibus
1255 300 1343 342 tuis
1365 301 1513 354 [quam

163 366 285 422 diligi
319 365 477 416 malis]
534 362 665 412 -Quod
697 361 734 402 si
766 360 829 402 ita
858 363 999 415 putas,
1030 362 1171 400 totam
1197 359 1372 415 ignoras
1398 359 1512 400 viam

165 425 341 481 gloriae.
394 423 553 465 Carum
579 434 673 462 esse
700 420 848 473 civem,
873 419 983 460 bene
1009 419 1060 459 de
1087 433 1131 460 re
1151 418 1327 473 publica
1346 418 1513 472 mereri,
1549 437 1567 463 5

164 483 349 536 laudari,
388 481 484 534 0011,
522 479 646 535 diligi
684 478 923 535 gloriosum
961 480 1046 531 est3
1084 477 1219 518 metui
1256 491 1357 519 vero
1396 479 1440 518 et
1468 476 1516 518 in

166 543 264 584 odio
292 555 384 583 esse
411 539 684 592 invidiosum,
710 536 980 590 detestabile,
1006 536 1269 589 inbecillum,
1296 535 1514 577 caducum.

107 611 151 641 34
167 601 291 650 Quod
323 599 518 640 videmus
546 598 679 639 etiam
703 596 749 638 in
774 595 922 650 fabula
946 595 1011 636 illi
1036 595 1133 650 ipsi,
1166 595 1240 649 qui
1267 593 1515 649 ε0116111111,

166 660 280 701 dum
312 655 560 699 metuant'
594 655 763 709 dixerit,
794 654 1084 709 perniciosum
1115 653 1261 696 fuisse.
1322 652 1515 708 Utinam,

166 717 223 759 M.
268 716 452 769 Antoni,
497 729 625 756 avum
668 716 793 755 tuum
830 713 1118 761 meminisses!
1158 713 1208 754 de
1247 727 1332 767 quo
1369 715 1516 754 tamen
1537 728 1570 753 ιο

167 776 327 818 audisti
354 775 492 816 multa
518 788 570 816 ex
595 787 676 827 me,
702 786 836 827 eaque
863 772 1125 826 saepissime.
1175 771 1366 813 Putasne
1392 771 1516 813 illum

166 834 545 876 immortalitatem
583 831 740 874 mereri
771 831 977 885 voluisse,
1013 834 1063 872 ut
1093 833 1272 885 propter
1298 844 1517 872 armorum

165 893 464 935 habendorum
489 891 710 933 licentiam
737 890 1030 932 metueretur?
1086 888 1170 930 Illa
1196 891 1289 930 erat
1313 890 1416 943 vita,
1440 889 1517 930 illa

168 952 355 994 secunda
375 951 564 1005 fortuna,
584 946 788 991 libertate
809 963 902 990 esse
922 963 1071 1003 parem
1091 948 1258 1002 ceteris,
1277 948 1517 1002 principem

167 1011 392 1066 dignitate.
454 1009 626 1064 Itaque,
663 1011 713 1050 ut
745 1008 947 1050 omittam
978 1022 1046 1050 res
1079 1007 1149 1048 avi
1179 1007 1244 1048 tui
1275 1021 1518 1062 prosperas,
1538 1021 1571 1047 15

169 1069 496 1111 acerbissimum
558 1068 650 1108 eius
707 1081 955 1122 supremum
1011 1066 1125 1107 diem
1183 1065 1331 1107 malim
1388 1080 1518 1120 quam

167 1127 214 1169 L.
259 1127 421 1170 Cinnae
465 1126 754 1180 dominatum,
799 1128 952 1180 aquo
996 1125 1070 1166 1116
1115 1124 1410 1166 crudelissime
1450 1127 1518 1166 est

167 1185 433 1228 interfectus.

108 1255 153 1286 35
259 1243 342 1286 Sed
387 1244 490 1298 quid
535 1244 730 1285 oratione
775 1245 818 1284 te
862 1242 1063 1284 flectam?
1133 1241 1180 1283 Si
1223 1241 1338 1283 enim
1376 1241 1516 1282 exitus

169 1302 214 1345 O.
248 1301 446 1344 Caesaris
485 1301 653 1343 efficere
690 1316 778 1343 non
815 1303 978 1354 potest,
1016 1303 1065 1342 ut
1102 1300 1228 1341 malis
1268 1313 1390 1341 carus
1423 1314 1516 1341 esse
1539 1314 1572 1340 20

169 1375 300 1415 quam
344 1360 497 1414 metui,
544 1360 653 1401 nihil
697 1360 951 1412 cuiusquam
994 1359 1192 1412 proficiet
1235 1372 1314 1400 nec
1358 1358 1519 1400 valebit

170 1419 322 1461 oratio.
386 1418 524 1467 Quem
563 1418 635 1472 qui
671 1418 847 1459 beatum
878 1417 1011 1458 fuisse
1043 1420 1217 1471 putant,
1255 1417 1402 1458 miseri
1433 1417 1519 1472 ipsi

171 1480 282 1519 sunt.
350 1476 513 1518 Beatus
553 1479 620 1517 est
656 1490 800 1530 nemo,
846 1476 919 1530 qui
958 1490 1007 1517 ea
1044 1476 1139 1531 lege
1177 1475 1302 1528 vivit,
1345 1478 1395 1517 ut
1430 1490 1519 1518 non

170 1535 298 1577 modo
318 1535 491 1590 inpune,
512 1535 586 1577 sed
607 1535 738 1576 etiam
759 1549 856 1576 cum
877 1548 1045 1576 summa
1064 1534 1357 1576 interfectoris
1378 1534 1520 1590 gloria

170 1594 355 1636 interfici
392 1594 545 1648 possit.
609 1594 750 1642 Quare
785 1593 909 1634 flecte
941 1596 1003 1647 te,
1042 1607 1219 1648 quaeso,
1257 1596 1301 1634 et
1333 1593 1517 1635 maiores
1537 1606 1571 1632 25

170 1656 269 1694 tuos
321 1653 485 1707 respice
533 1655 663 1706 atque
707 1652 770 1693 ita
814 1652 1008 1707 guberna
1050 1666 1142 1693 rem
1184 1651 1421 1706 publicam,
1469 1655 1520 1693 ut

169 1714 321 1753 natum
354 1725 445 1752 esse
472 1714 515 1752 te
543 1711 655 1753 cives
682 1711 746 1752 tui
774 1711 1001 1766 gaudeant,
1033 1710 1123 1752 sine
1151 1725 1235 1764 quo
1260 1725 1339 1752 nec
1365 1711 1519 1752 beatus

171 1784 249 1811 nec
291 1770 432 1811 clarus
470 1784 549 1811 nec
588 1772 709 1810 tutus
749 1769 978 1823 quisquam
1017 1783 1109 1810 esse
1148 1769 1322 1810 omnino
1360 1771 1518 1823 potest.

106 1817 156 1858 15
260 1827 416 1882 Populi
442 1828 615 1883 quidem
635 1827 821 1869 Romani
846 1827 1004 1869 iudicia
1023 1827 1161 1868 multa
1181 1827 1308 1869 ambo
1327 1826 1521 1882 habetis3

112 1877 156 1908 3ss
173 1887 329 1941 quibus
368 1901 445 1928 vos
482 1902 570 1928 non
608 1887 715 1927 satis
754 1886 917 1927 moveri
948 1886 1207 1940 permoleste
1239 1885 1342 1927 fero.
1407 1885 1519 1935 Quid
1539 1898 1573 1924 30

172 1945 315 1986 enim?
348 1945 664 2001 gladiatoribus
697 1945 907 1987 clamores
940 1944 1320 1986 innumerabilium
1349 1944 1519 1999 civium,

173 2004 304 2057 quid‘?
343 2004 495 2058 populi
529 2017 696 2057 versus,
735 2003 867 2057 quid?
928 2001 1108 2057 Pompei
1140 2006 1309 2044 statuae
1341 2003 1518 2057 plausus

172 2062 350 2116 infiniti,
407 2062 539 2116 quid?
594 2062 762 2103 duobus
808 2061 996 2102 tribunis
1041 2061 1115 2115 pL,
1165 2061 1239 2115 qui
1282 2061 1405 2102 vobis
1450 2061 1519 2102 ad-

173 2123 412 2174 versantur,
443 2135 651 2175 parumne
681 2119 788 2161 haec
814 2119 1062 2175 significant
1087 2119 1397 2161 incredibiliter
1422 2133 1519 2160 con-

175 2179 432 2220 sentientem
454 2179 605 2233 populi
625 2178 811 2220 Romani
830 2178 1019 2220 universi
1038 2177 1337 2220 voluntatem?
1377 2176 1518 2225 Quid?
1538 2189 1572 2216 85

174 2235 495 2289 Apollinarium
532 2237 731 2279 ludorum
768 2237 947 2291 plausus
984 2236 1051 2278 vel
1089 2235 1339 2277 testimonia
1371 2236 1518 2289 potius

175 2295 219 2333 et
255 2294 413 2336 iudicia
450 2296 599 2350 populi
637 2295 822 2337 Romani
858 2309 1012 2350 parum
1049 2308 1207 2349 magna
1243 2293 1367 2335 vobis
1406 2294 1519 2336 vide-
