1671 2543
565 117 665 153 CAP.
693 121 808 153 8—-10
835 121 854 160 g
881 121 1030 153 20-26.
1374 118 1458 159 143

114 226 449 281 communicare3
474 225 520 267 in
546 226 687 268 socios
712 240 813 267 vero
839 226 956 280 ipsos
983 228 1027 267 et
1052 225 1098 266 in
1117 240 1202 279 608,
1229 225 1279 266 (16
1301 225 1457 279 quibus

113 284 302 350 agimus,
338 284 583 327 foederatos
621 284 878 326 10101108010
915 287 958 326 et
996 284 1356 326 contumeliosum
1391 288 1457 326 est

112 343 166 384 118
198 344 402 398 praemiis
432 346 475 385 et
499 343 552 385 iis
578 343 816 385 honoribus
844 344 1038 385 exclusos
1065 358 1156 385 esse
1183 342 1457 385 fidelissimos

113 404 156 443 et
195 402 573 444 coniunctissimos
605 402 764 456 socios,
803 417 911 456 quae
942 404 1121 468 pateant
1153 402 1456 456 stipendiariis,

76 463 291 515 5pateant
326 461 540 516 hostibus,
576 463 756 516 pateant
793 475 919 515 saepe
946 461 1091 503 servis.
1147 460 1262 502 Nam
1299 461 1457 515 stipen-

113 519 272 561 diarios
305 534 356 561 ex
386 519 553 573 Africa,
589 518 755 575 Sicilia,
789 519 1003 575 Sardinia,
1036 520 1190 562 ceteris
1222 519 1456 574 provinciis

112 578 272 620 multos
315 578 489 620 civitate
526 579 709 621 donatos
747 579 957 633 videmus,
1001 581 1062 634 et,
1106 579 1179 633 qui
1216 578 1364 620 hostes
1404 579 1457 620 ad

110 639 286 678 nostros
329 637 612 692 imperatores
649 637 943 693 perfugissent
981 640 1025 679 et
1062 652 1220 693 magno
1258 637 1356 678 usui
1393 638 1456 678 rei

110 695 309 750 publicae
333 699 508 738 nostrae
533 696 730 751 fuissent,
756 697 915 738 scimus
942 697 1117 738 civitate
1141 710 1234 738 esse
1255 697 1456 750 donatos3

61 765 94 790 10
114 768 261 797 servos
293 755 492 810 denique,
531 770 714 811 quorum
744 755 829 809 ius,
860 755 1051 809 fortuna,
1084 755 1276 797 condicio
1307 755 1456 796 infima

113 816 190 868 681,
221 814 330 856 bene
362 814 412 856 (16
444 829 489 856 16
520 814 696 868 publica
727 814 906 855 meritos
937 828 1140 869 persaepe
1167 814 1381 868 libertate,
1412 814 1456 855 id

113 875 179 914 est
211 873 404 927 civitate,
435 873 607 928 publice
640 873 789 915 donari
820 877 1025 914 videmus.
1473 907 1526 948 10

200 930 324 973 Hanc
349 934 398 973 tu
424 932 571 987 igitur,
599 934 781 986 patrone
806 931 1027 973 foederum
1053 946 1101 973 ac
1126 931 1456 985 foederatorum,
1471 967 1514 998 25

115 990 408 1032 condicionem
440 991 597 1032 statuis
632 989 875 1045 Gaditanis,
910 991 997 1032 tuis
1031 990 1213 1045 civibus,
1244 993 1310 1045 ut,
1343 991 1456 1056 quod

64 1057 93 1084 15
112 1049 179 1103 118,
211 1063 318 1103 quos
350 1049 519 1105 magnis
550 1049 686 1091 adiuti
717 1049 856 1102 opibus
885 1063 913 1090 a
942 1049 1176 1091 maioribus
1203 1025 1292 1090 ⁷tuis
1320 1049 1451 1090 armis

114 1083 364 1161 suioegimus
386 1108 547 1163 atque
535 1123 581 1149 111
600 1108 812 1150 dicionem
830 1110 1026 1149 1108110111
1040 1108 1295 1163 redegimus,
1316 1108 1456 1162 liceat,

115 1172 151 1208 si
187 1167 372 1221 populus
403 1166 624 1209 Romanus
662 1167 924 1221 permiserit,
964 1170 1014 1208 ut
1046 1167 1099 1207 ab
1133 1170 1285 1208 senatu
1326 1169 1369 1207 et
1401 1167 1454 1208 ab

114 1225 451 1280 imperatoribus
487 1226 650 1267 nostris
686 1226 861 1268 civitate
900 1226 1130 1279 donentur,
1167 1225 1211 1266 id
1241 1240 1294 1266 ne
1326 1225 1455 1267 liceat

113 1284 251 1339 ipsis?
314 1284 398 1333 Qui
437 1284 474 1326 si
512 1285 600 1326 8018
636 1284 818 1326 decretis
850 1284 1072 1340 legibusve
1105 1283 1365 1338 sanxissent,
1402 1299 1454 1325 ne

61 1353 95 1379 2⁰
115 1343 211 1398 quis
235 1357 411 1385 suorum
430 1343 589 1385 civium
609 1346 752 1385 castra
770 1343 1081 1409 imperatorum
1100 1343 1251 1408 populi
1270 1342 1455 1384 Romani

113 1402 260 1456 iniret,
302 1416 356 1443 ne
398 1402 493 1456 quis
532 1416 576 1444 se
613 1417 692 1456 pro
729 1404 878 1444 nostro
916 1402 1097 1456 imperio
1135 1402 1181 1442 in
1217 1401 1456 1456 periculum

116 1461 269 1515 capitis
298 1463 426 1515 atque
457 1461 503 1502 in
528 1461 640 1502 vitae
668 1461 897 1503 discrimen
921 1461 1110 1514 inferret,
1144 1459 1456 1502 Gaditanorum

116 1519 298 1574 auxiliis,
319 1534 415 1561 cum
434 1520 652 1574 vellemus,
672 1520 737 1561 uti
756 1520 882 1561 nobis
902 1522 952 1561 ut
966 1519 1127 1573 1106161,
1146 1519 1341 1573 privatus
1354 1533 1454 1561 vero

114 1592 168 1619 116
201 1578 297 1632 quis
328 1578 394 1619 vir
423 1581 466 1620 et
491 1579 633 1620 animo
661 1581 704 1620 et
729 1579 888 1620 virtute
913 1578 1176 1632 praecellens
1202 1593 1280 1632 pro
1306 1580 1455 1620 nostro

63 1646 96 1671 25
116 1636 296 1690 imperio
328 1637 518 1690 periculo
551 1651 627 1679 suo
661 1637 896 1691 dimicaret,
928 1637 1118 1692 graviter
1143 1637 1187 1678 id
1212 1636 1303 1678 iure
1329 1636 1457 1678 ferre-

116 1709 228 1748 mus,
266 1695 402 1736 minui
437 1695 595 1736 auxilia
625 1696 774 1750 populi
806 1695 1010 1749 Romani,
1041 1695 1258 1736 debilitari
1291 1695 1456 1736 animos

115 1753 452 1796 fortissimorum
490 1753 697 1808 virorum,
741 1754 1079 1809 alienigenarum
1115 1768 1194 1795 nos
1230 1754 1455 1795 hominum

116 1812 270 1854 studiis
298 1814 425 1865 atque
453 1814 627 1853 externa
652 1812 810 1854 virtute
830 1812 1002 1866 privari.
1042 1811 1179 1865 Atqui
1197 1812 1307 1852 nihil
1327 1812 1515 1852 inter-26

118 1873 194 1925 est,
225 1870 398 1924 iudices,
431 1872 577 1912 utrum
607 1870 713 1912 haec
744 1870 954 1912 foederati
978 1870 1073 1911 iura
1099 1870 1376 1924 constituant,
1409 1873 1457 1910 ut

64 1938 98 1964 30
116 1944 170 1971 06
203 1929 271 1971 001
302 1929 432 1971 liceat
462 1943 513 1970 ex
541 1929 593 1970 iis
620 1929 866 1970 civitatibus
893 1929 946 1970 ad
969 1930 1217 1970 nostrorum
1242 1929 1455 1969 bellorum

118 1987 309 2043 pericula
340 1987 550 2041 accedere,
582 2002 647 2041 an,
680 2002 787 2041 quae
812 2001 891 2028 nos
918 2001 1066 2029 eorum
1092 1986 1256 2028 civibus
1283 1987 1456 2027 virtutis

120 2061 248 2089 00080
281 2046 578 2099 tribuerimus,
617 2060 667 2087 60
697 2048 792 2087 1010
824 2060 915 2087 6886
946 2060 1034 2087 000
1064 2045 1244 2099 possint.
1305 2044 1455 2086 Nihilo

120 2106 234 2148 enim
264 2105 404 2161 magis
435 2107 653 2147 uteremur
683 2104 737 2145 iis
770 2104 1037 2146 adiutoribus
1069 2104 1252 2145 sublatis
1283 2103 1457 2145 virtutis

119 2164 333 2219 praemiis,
366 2178 494 2218 quam
526 2164 563 2204 si
595 2163 768 2204 omnino
800 2163 853 2204 iis
882 2163 1042 2204 versari
1075 2162 1120 2203 in
1143 2162 1305 2203 nostris
1330 2162 1457 2204 bellis

66 2237 98 2263 35
119 2237 206 2265 non
241 2223 401 2264 liceret.
458 2221 650 2275 Etenim,
689 2236 785 2263 cum
814 2236 893 2275 pro
926 2235 1004 2263 sua
1034 2221 1175 2275 patria
1202 2221 1327 2275 pauci
1358 2223 1458 2275 post

121 2294 255 2336 genus
296 2281 520 2323 hominum
556 2283 706 2321 natum
741 2280 900 2334 reperti
938 2280 1024 2321 sint
1063 2280 1135 2333 qui
1170 2279 1301 2320 nullis
1339 2294 1457 2333 prae-

119 2340 218 2381 miis
237 2339 472 2394 propositis
490 2340 625 2381 vitam
645 2353 765 2380 suam
786 2339 977 2380 hostium
995 2338 1093 2379 telis
1115 2337 1360 2391 obiecerint,
1379 2352 1458 2391 pro
