1671 2543
188 59 275 101 266
425 59 519 95 PRO
546 59 584 95 C.
610 57 807 93 RABIRIO
833 57 1059 94 POSTUMO
1086 57 1276 93 ORATIO.

189 168 262 209 ille
295 167 586 220 commiserat,
616 167 659 207 in
691 166 890 208 maximis
922 166 1123 221 periculis
1155 165 1406 219 insidiisque
1438 177 1531 206 esse

189 229 409 268 versatum
442 226 701 280 accepimus3
736 224 1063 278 Callisthenem,
1097 225 1270 266 doctum
1300 222 1531 276 hominem,

190 286 393 328 comitem
435 284 584 339 Magni
629 284 880 338 Alexandri,
927 284 980 325 ab
1025 283 1269 325 Alexandro
1312 284 1531 334 necatum;

190 344 459 386 Demetrium
491 346 545 384 et'
567 358 616 384 ex
650 358 693 384 re
725 343 898 397 publica
929 343 1169 396 [Athenis],
1208 356 1336 396 quam
1369 340 1530 395 optime

190 406 395 459 gesserat,
428 406 471 443 et
497 417 547 443 ex
573 402 769 443 doctrina
794 402 984 443 nobilem
1011 404 1054 442 et
1079 402 1254 455 clarum,
1283 400 1356 455 qui
1381 399 1530 441 Phale-
1567 411 1584 439 5

190 477 287 504 reus
332 462 548 503 vocitatus
593 463 677 515 est,
726 461 771 502 in
815 460 963 502 eodem
1006 460 1091 502 isto
1136 459 1353 515 Aegyptio
1397 471 1530 514 regno

134 528 178 559 24
192 521 337 576 aspide
377 521 429 561 ad
469 534 623 574 corpus
660 520 834 561 admota
865 519 956 561 vita
987 533 1078 560 esse
1110 519 1337 573 privatum.
1398 516 1531 558 Plane

192 580 399 621 confiteor
436 579 529 620 fieri
566 578 676 620 nihil
714 592 841 633 posse
880 578 1120 619 dementius
1160 592 1288 632 quam
1325 576 1532 618 scientem

191 639 235 680 in
273 653 371 680 eum
408 638 550 679 locum
588 637 748 692 venire,
786 637 860 679 ubi
897 637 1144 683 libertatem
1182 637 1240 678 sis
1275 635 1531 690 perditurus.

193 697 276 739 Sed
318 697 446 738 huius
491 696 627 751 ipsius
671 696 776 738 facti
821 695 1055 737 stultitiam
1094 695 1177 737 alia
1214 695 1300 736 iam
1337 693 1532 749 superior
1552 705 1588 733 ιο

191 755 382 798 stultitia
407 755 608 809 defendit,
641 770 748 809 quae
775 754 890 808 facit,
919 757 968 796 ut
994 755 1075 796 hoc
1102 754 1408 796 stultissimum
1433 752 1533 794 faci-

191 829 284 868 nus,
311 815 425 869 quod
450 815 495 855 in
521 828 701 869 regnum
727 814 903 868 venerit,
931 813 1043 868 quod
1069 813 1162 868 regi
1188 828 1233 854 se
1257 811 1534 865 commiserit,

193 874 409 928 sapienter
458 873 631 914 factum*
665 887 757 914 esse
802 873 1014 926 videatur,
1064 872 1275 926 siquidem
1317 885 1400 912 non
1443 873 1534 911 tam

193 947 360 987 semper
398 932 523 973 stulti
562 946 690 985 quam
729 946 823 973 sero
856 931 1062 986 sapientis
1095 934 1178 984 est,
1217 945 1313 972 cum
1346 929 1535 971 stultitia

192 1006 270 1033 sua
306 991 539 1045 impeditus
576 991 650 1043 sit,
690 1005 861 1045 quoquo
893 991 1020 1032 modo
1053 990 1209 1044 possit,
1248 1004 1291 1030 se
1323 987 1532 1043 expedire.
1553 998 1588 1025 1⁵

134 1057 177 1088 25
195 1050 332 1099 Quam
366 1050 420 1091 ob
453 1064 543 1091 rem
575 1049 681 1090 illud
714 1052 885 1094 maneat
917 1052 960 1091 et
992 1049 1124 1090 fixum
1157 1049 1225 1103 sit,
1258 1047 1371 1113 quod
1396 1060 1533 1100 neque

192 1108 354 1150 moveri
391 1123 528 1162 neque
567 1109 725 1149 mutari
763 1111 926 1162 potest:
980 1107 1031 1149 In
1068 1122 1151 1162 quo
1185 1107 1308 1161 aequi
1328 1119 1534 1172 sperasse

192 1167 447 1209 Postumum
476 1167 634 1221 dicunt,
660 1181 858 1221 peccasse
884 1167 1034 1221 iniqui,
1059 1167 1150 1220 ipse
1175 1166 1305 1207 etiam
1324 1164 1534 1206 insanisse

193 1241 237 1267 se
277 1226 525 1278 confitetur,
564 1226 677 1279 quod
715 1240 853 1277 suam,
892 1225 1003 1279 quod
1041 1225 1277 1266 amicorum
1308 1223 1533 1278 pecuniam

194 1284 286 1339 regi
313 1284 540 1325 crediderit
566 1298 662 1325 cum
689 1287 812 1325 tanto
838 1283 1111 1324 fortunarum
1137 1297 1310 1324 suarum
1333 1281 1533 1335 periculo,
1553 1293 1588 1318 20

193 1343 276 1384 hoc
299 1343 471 1396 quidem
491 1343 621 1383 semel
643 1345 842 1396 suscepto
865 1345 993 1396 atque
1014 1344 1236 1383 contracto
1256 1339 1534 1394 perpetienda

193 1402 268 1442 rdlla
292 1401 478 1454 fuerunt,
504 1404 553 1441 ut
580 1415 623 1442 se
652 1400 880 1454 aliquando
901 1415 949 1442 ac
970 1415 1069 1441 suos
1090 1400 1336 1441 vindicaret.
1381 1398 1533 1452 Itaque

195 1459 357 1501 obicias
418 1459 520 1500 licet
584 1474 711 1513 quam
773 1459 890 1500 voles
942 1474 1066 1513 saepe
1116 1458 1343 1512 palliatum
1389 1457 1534 1510 fuisse,

194 1518 338 1572 aliqua
364 1518 565 1559 habuisse
591 1532 678 1559 non
698 1517 881 1559 Romani
902 1517 1088 1559 hominis
1109 1517 1308 1572 insignia,
1336 1516 1534 1570 quotiens

195 1591 342 1618 eorum
376 1576 597 1630 quippiam
631 1577 757 1630 dices,
788 1577 948 1618 totiens
975 1591 1107 1617 unum
1134 1577 1247 1618 dices
1274 1578 1402 1629 atque
1428 1576 1535 1616 idem
1553 1571 1587 1611 2'5

194 1635 313 1689 illud,
344 1639 504 1676 temere
535 1635 648 1676 hunc
680 1635 904 1689 pecuniam
936 1635 1028 1690 regi
1057 1635 1296 1688 credidisse,
1328 1648 1426 1675 suas
1452 1633 1534 1675 for-

133 1698 321 1735 2611111115
355 1697 482 1747 atque
514 1693 674 1735 famam
706 1694 874 1735 libidini
906 1694 1048 1750 regiae
1082 1693 1356 1735 commisisse.
1411 1691 1535 1733 Fece-

195 1757 263 1793 rat
307 1756 486 1806 temere,
530 1752 687 1807 fateor3
731 1753 889 1794 mutari
927 1753 1091 1794 factum
1128 1753 1213 1793 iam
1249 1751 1368 1793 nullo
1405 1751 1534 1792 modo

195 1814 385 1866 poterat,
430 1814 505 1852 aut
548 1811 729 1866 pallium
773 1812 1024 1852 sumendum
1063 1805 1364 1863 Alexandriae,
1407 1812 1458 1851 ut
1495 1809 1534 1851 ei

196 1870 358 1911 Romae
396 1872 548 1925 togato
588 1884 679 1911 esse
718 1870 885 1924 liceret,
929 1873 1004 1911 aut
1043 1883 1188 1911 omnes
1227 1868 1424 1910 foitunae
1463 1867 1533 1909 ab·
1553 1877 1588 1903 8⁰

130 1928 403 1981 lOiciendae,
442 1929 478 1969 si
516 1931 664 1984 togam
702 1929 964 1970 retinuisset.
1025 1927 1289 1969 Deliciarum
1327 1941 1455 1968 causa
1491 1928 1536 1967 et

195 1987 433 2041 voluptatis
473 2001 561 2028 non
598 1987 723 2028 modo
764 1987 868 2028 civis
906 1987 1142 2040 Romanos,
1185 1986 1259 2027 sed
1297 1988 1340 2026 et
1374 1984 1534 2026 nobilis

198 2045 483 2086 adulescentis
517 2048 561 2086 et
594 2045 801 2099 quosdam
832 2045 963 2086 etiam
995 2048 1216 2086 senatores
1246 2057 1412 2085 summo
1437 2043 1532 2083 loco

196 2106 322 2145 natos
354 2118 441 2145 non
472 2104 517 2144 in
547 2103 687 2145 hortis
721 2107 795 2145 aut
824 2104 1080 2145 suburbanis
1108 2104 1209 2156 suis,
1240 2103 1313 2144 sed
1339 2100 1533 2154 Neapoli,

137 2168 180 2198 27
198 2161 241 2201 in
268 2162 545 2203 celeberrimo
574 2162 742 2216 oppido,
768 2163 798 2216 †
823 2162 1101 2216 maeciapella
1125 2175 1249 2215 saepe
1269 2159 1403 2200 videri
1423 2158 1533 2200 chla-
1553 2169 1587 2196 ³5

198 2220 420 2272 mydatum
452 2221 575 2261 illum
600 2219 647 2261 L.
682 2219 846 2262 Sullam
877 2221 1192 2275 imperatorem.
1241 2217 1288 2258 L.
1320 2231 1419 2258 vero
1447 2216 1535 2259 Sci—

197 2277 356 2331 pionis,
396 2278 468 2331 qui
506 2279 669 2319 bellum
705 2279 751 2319 in
783 2279 888 2320 Asia
919 2278 1054 2333 gessit
1085 2275 1432 2329 Antiochumque
1467 2276 1535 2318 de-
