1671 2543
215 112 299 152 112
589 107 683 142 PRO
710 107 758 142 M.
786 106 958 142 CAELIO
985 106 1175 142 ORATIO.

215 235 294 275 que
327 219 450 260 abest
481 218 535 259 ab
567 217 684 258 illius
716 215 1028 256 familiaritatis
1060 214 1250 268 infamia,
1280 216 1330 256 ut
1362 214 1551 256 eiusdem

156 283 200 313 76
214 293 326 320 nunc
358 278 411 318 ab
445 290 536 318 sese
567 274 818 316 inimicitias
851 274 1079 328 odiumque
1110 273 1347 328 propulset.
1408 273 1551 327 Atque

213 339 263 378 ut
287 337 370 378 iste
390 334 673 389 interpositus
695 347 835 373 sermo
857 332 1106 373 deliciarum
1126 332 1396 386 desidiaeque
1417 346 1552 373 more-

214 398 334 436 retur
359 393 481 449 (fecit
500 407 566 433 me
588 391 829 433 mehercule
849 391 985 432 invito
1006 393 1049 432 et
1068 391 1253 432 multum
1272 393 1552 444 repugnante,

215 454 289 495 sed
319 456 465 494 tamen
495 449 628 506 fecit),
659 464 817 491 nomen
849 449 974 491 amici
1000 449 1084 490 mei
1110 449 1160 490 de
1187 449 1354 490 ambitu
1379 448 1552 503 detulit3

215 527 341 567 quem
373 510 622 552 absolutum
653 508 906 563 insequitur,
937 510 1128 562 revocat,
1162 507 1324 549 nemini
1353 510 1552 548 nostrum

215 571 503 624 obtemperat,
547 571 613 608 est
656 566 902 621 violentior,
947 581 1075 621 quam
1112 567 1278 608 vellem.
1347 564 1430 607 Sed
1471 579 1551 621 ego

212 643 301 670 non
345 628 499 682 loquor
542 626 592 667 de
637 625 866 680 sapientia,
917 640 1024 679 quae
1066 639 1154 666 non
1197 625 1312 666 cadit
1353 624 1400 665 in
1441 624 1553 665 hane

215 690 420 740 aetatem3
458 686 506 726 de
545 685 711 738 impetu
742 683 875 724 animi
905 683 1076 738 loquor,
1115 684 1165 725 de
1198 682 1433 737 cupiditate
1464 683 1553 724 vin-

214 746 353 799 cendi,
391 745 441 785 de
480 743 629 784 ardore
668 742 825 783 mentis
865 741 918 783 ad
955 742 1157 797 gloriam3
1195 756 1301 797 quae
1335 741 1478 783 studia
1508 741 1554 782 in

213 805 281 845 his
313 804 400 844 iam
432 802 647 843 aetatibus
678 801 841 842 nostris
873 800 1163 842 contractiora
1192 815 1284 841 esse
1310 800 1478 854 debent,
1508 800 1555 840 in

214 861 506 903 adulescentia
535 874 636 901 vero
666 862 889 913 tamquam
914 859 960 900 in
984 859 1130 900 herbis
1157 858 1415 914 significant,
1447 873 1554 913 quae

214 920 388 961 virtutis
433 919 662 961 maturitas
702 921 746 959 et
784 920 969 972 quantae
1006 917 1153 972 fruges
1191 916 1429 958 industriae
1467 917 1555 958 sint

214 979 395 1020 futurae.
457 977 633 1019 Etenim
665 991 833 1030 semper
865 989 1022 1031 magno
1055 976 1228 1031 ingenio
1261 975 1554 1017 adulescentes

214 1036 457 1079 refrenandi
499 1036 644 1091 potius
689 1049 713 1075 a
757 1034 897 1090 gloria
941 1049 1070 1088 quam
1113 1034 1320 1075 incitandi
1364 1033 1555 1088 fuerunt3

216 1095 477 1150 amputanda
507 1094 633 1149 plura
665 1096 765 1135 sunt
797 1090 862 1134 illi
895 1093 1046 1147 aetati,
1082 1093 1292 1147 siquidem
1324 1092 1556 1134 efflorescit

158 1160 200 1191 77
217 1154 379 1209 ingenii
403 1153 614 1206 laudibus,
641 1167 769 1206 quam
789 1152 1024 1192 inserenda.
1059 1152 1210 1204 Quare,
1231 1151 1268 1192 si
1288 1151 1356 1192 cui
1374 1151 1556 1192 nimium

217 1212 463 1254 efferbuisse
506 1211 675 1252 videtur
718 1210 844 1251 huius
890 1210 956 1250 vel
999 1210 1044 1251 in
1088 1210 1369 1264 suscipiendis
1406 1210 1474 1251 vel
1511 1210 1556 1251 in

217 1271 414 1327 gerendis
458 1269 698 1310 inimicitiis
738 1269 825 1309 sive
863 1267 1066 1309 ferocitas
1103 1269 1185 1309 sive
1221 1268 1475 1322 pertinacia,
1519 1268 1555 1309 si

218 1344 345 1384 quem
390 1328 522 1369 etiam
566 1327 842 1368 minimorum
886 1326 1041 1367 horum
1083 1326 1243 1381 aliquid
1282 1326 1474 1380 offendit,
1518 1327 1554 1367 si

216 1401 431 1442 purpurae
463 1399 610 1441 genus,
643 1385 679 1426 si
709 1385 945 1426 amicorum
973 1388 1180 1438 catervae,
1212 1384 1247 1425 si
1275 1384 1486 1438 splendor,
1519 1385 1556 1425 si

216 1446 352 1499 nitor,
394 1445 482 1486 iam
518 1444 605 1485 ista
642 1443 948 1497 deferbuerint,
992 1443 1078 1484 iam
1116 1446 1232 1484 aetas
1271 1443 1431 1497 omnia,
1468 1443 1556 1484 iam

218 1518 339 1556 usus,
371 1503 457 1543 iam
489 1502 578 1543 dies
611 1502 835 1557 mitigarit.

149 1567 204 1609 32
296 1560 556 1603 Conservate
570 1561 705 1615 igitur
718 1560 780 1601 rei
791 1560 998 1614 publicae,
1012 1560 1053 1601 iu
1060 1560 1185 1614 dices,
1199 1560 1335 1602 civem
1345 1561 1555 1602 bonarum

220 1620 390 1673 artium,
414 1620 626 1660 bonarum
652 1619 853 1673 partium,
878 1619 1091 1660 bonorum
1110 1619 1302 1660 virorum
1321 1620 1555 1661 studiosum.

218 1678 434 1720 Promitto
466 1677 548 1719 hoc
579 1678 702 1718 vobis
734 1680 777 1718 et
808 1677 871 1717 rei
901 1677 1098 1731 publicae
1131 1677 1332 1732 spondeo,
1365 1677 1400 1718 si
1429 1678 1555 1719 modo

219 1752 298 1779 nos
330 1737 413 1790 ipsi
445 1736 506 1777 rei
537 1736 733 1791 publicae
766 1736 872 1777 satis
903 1735 1095 1790 fecimus,
1125 1751 1360 1791 numquam
1390 1736 1504 1777 hunc
1532 1750 1558 1777 a

220 1795 382 1837 nostris
421 1794 661 1836 rationibus
697 1794 939 1835 seiunctum
970 1794 1073 1835 fore.
1137 1794 1260 1844 Quod
1293 1809 1387 1836 cum
1420 1794 1555 1836 fretus

219 1856 370 1895 nostra
400 1853 698 1894 familiaritate
729 1853 952 1907 promitto,
983 1856 1078 1894 tum
1107 1853 1219 1908 quod
1246 1853 1485 1894 durissimis
1512 1867 1556 1894 se

164 1913 311 1966 78ipse
355 1912 525 1967 legibus
568 1912 654 1952 iam
700 1911 922 1966 obligavit.
989 1910 1090 1953 Non
1127 1913 1240 1953 enim
1278 1914 1440 1965 potest,
1484 1912 1557 1966 qui

221 1970 440 2011 hominem
473 1970 753 2024 consularem,
789 1970 901 2024 quod
933 1970 986 2011 ab
1019 1984 1068 2012 eo
1101 1985 1191 2011 rem
1222 1970 1441 2024 publicam
1471 1970 1559 2011 vio-

221 2029 355 2069 latam
400 2028 577 2083 diceret,
621 2029 666 2069 in
705 2028 909 2070 iudicium
947 2028 1129 2083 vocarit,
1172 2028 1263 2082 ipse
1302 2042 1393 2069 esse
1432 2028 1476 2069 in
1511 2042 1557 2068 re

222 2087 395 2140 publica
427 2087 530 2128 civis
562 2087 855 2140 turbulentus3
892 2101 979 2128 non
1009 2089 1172 2141 potest,
1204 2086 1276 2140 qui
1308 2086 1475 2127 ambitu
1503 2099 1557 2126 ne

224 2145 469 2186 absolutum
490 2145 661 2199 quidem
681 2146 872 2199 patiatur
892 2159 983 2186 esse
1004 2145 1263 2197 absolutum,
1288 2144 1379 2198 ipse
1399 2144 1556 2197 inpune

224 2217 427 2256 umquam
453 2218 543 2245 esse
570 2204 764 2258 largitor.
816 2203 961 2244 Habet
987 2218 1012 2244 a
1031 2203 1087 2244 M.
1108 2203 1252 2245 Caelio
1279 2217 1346 2243 res
1372 2202 1556 2256 publica,

224 2260 396 2314 iudices,
410 2261 514 2303 duas
530 2262 822 2303 accusationes
838 2262 903 2302 vel
919 2261 1088 2303 obsides
1101 2260 1280 2316 periculi
1294 2260 1361 2301 vel
1375 2260 1558 2315 pignora

225 2318 472 2360 voluntatis.
542 2320 682 2370 Quare
720 2334 794 2361 oro
833 2323 1110 2374 optestorque
1147 2333 1240 2373 vos,
1283 2318 1460 2370 iudices,
1496 2321 1558 2368 ut,

1574 753 1608 778 10

1576 1043 1609 1070 15

1575 1338 1610 1363 20

1576 1629 1609 1656 25

1577 1922 1611 1947 30

1576 2212 1610 2239 35
