1671 2543
188 106 276 146 404
393 103 444 139 IN
469 103 517 139 M.
544 102 770 138 ATONIUM
796 101 977 138 ORATIO
1002 101 1271 138 PHILIPPICA
1297 101 1341 137 11.

190 212 390 255 Gemitus
423 215 517 253 toto
550 211 656 253 foro.
719 209 842 253 Unde
875 210 1100 252 diadema?
1133 209 1234 252 Non
1259 210 1374 252 enim
1399 210 1538 253 abiec-

189 276 284 314 tum
330 271 587 324 sustuleras,
638 269 712 312 sed
756 269 974 311 adtuleras
1019 270 1147 311 domo
1191 269 1449 311 meditatum
1493 271 1538 311 et

190 331 433 386 cogitatum
455 329 605 371 scelus.
655 328 720 370 Tu
740 328 937 370 diadema
956 328 1192 383 inponebas
1214 343 1312 370 cum
1330 328 1538 384 plangore

189 389 357 444 populi,
408 388 480 430 ille
528 385 626 430 cum
668 388 825 442 plausu
867 387 1085 429 reiciebat.
1158 387 1223 428 Tu
1267 400 1371 443 ergo
1414 401 1537 441 unus,

191 449 416 501 scelerate,
460 447 659 488 inventus
704 461 761 500 es,
806 446 879 501 qui
924 461 1020 488 cum
1064 448 1216 488 auctor
1256 446 1379 502 regm'
1421 459 1537 488 esses

190 520 380 560 eumque,
425 520 552 560 quem
603 505 816 561 collegam
864 505 1075 559 habebas,
1117 505 1339 547 dominum
1378 504 1538 547 habere

190 566 340 619 velles,
377 565 491 606 idem
529 567 783 619 temptares,
821 564 922 618 quid
957 564 1142 619 populus
1174 563 1396 606 Romanus
1427 563 1539 605 ferre

134 637 179 668 86
195 628 239 666 et
282 624 376 678 pati
418 626 577 678 posset.
651 623 712 665 At
755 623 887 664 etiam
931 623 1271 665 misericordiam
1315 623 1540 677 captabasz,

136 1402 179 1434 87

128 2081 182 2122 35

140 2141 183 2171 ss

191 683 371 738 supplex
397 685 440 724 te
468 683 521 724 ad
546 683 674 737 pedes
696 682 912 724 abiciebas
934 683 1036 736 quid
1056 682 1238 737 petens?
1257 684 1308 724 ut
1327 681 1538 723 servires?

190 742 290 783 Tibi
327 742 402 783 um'
439 744 625 796 peteres,
664 742 738 795 qui
775 741 839 782 ita
870 756 896 782 a
926 756 1058 796 puero
1091 741 1277 795 vixeras,
1314 744 1364 782 ut
1395 740 1540 782 omnia

190 804 399 855 paterere,
424 803 474 842 ut
499 800 625 842 facile
653 800 854 855 servires3
881 815 905 841 a
929 800 1055 842 nobis
1075 799 1322 854 populoque
1341 799 1539 841 Romano

192 860 444 901 mandatum
476 859 519 900 id
552 861 666 901 certe
692 874 779 901 non
803 859 1006 901 habebas.
1065 858 1099 900 Ο
1127 859 1394 913 praeclaram
1419 858 1539 900 illam

192 918 486 973 eloquentiam
518 921 658 972 tuam,
691 933 789 960 cum
821 933 865 960 es
897 918 1037 960 nudus
1070 918 1363 959 contionatus!
1428 916 1539 966 Quid

190 977 274 1019 hoc
318 977 508 1032 turpius,
553 977 655 1031 quid
698 977 883 1032 foedius,
929 977 1030 1031 quid
1075 976 1298 1031 suppliciis
1340 976 1540 1018 omnibus

193 1036 395 1092 dignius?
447 1035 564 1077 Num
596 1039 832 1090 exspectas,
865 1037 967 1077 dum
998 1039 1041 1078 te
1075 1035 1262 1077 stimulis
1296 1034 1540 1077 fodiamus?

191 1095 310 1136 Haec
342 1098 403 1149 te,
435 1095 472 1136 si
504 1095 638 1136 ullam
670 1095 1004 1149 partemhabes
1037 1109 1205 1148 sensus,
1237 1094 1410 1148 lacerat,
1435 1093 1542 1136 haec

193 1156 392 1195 cruentat
436 1154 588 1195 oratio.
663 1153 849 1209 Vereor,
891 1168 944 1195 ne
982 1154 1237 1195 imminuam
1274 1167 1541 1195 summorum

193 1213 386 1254 virorum
436 1213 639 1268 gloriam,
695 1213 834 1254 dicam
888 1215 1036 1254 tamen
1083 1213 1230 1254 dolore
1279 1214 1541 1254 commotus:

195 1271 308 1319 Quid
339 1271 558 1326 indignius
592 1285 720 1325 quam
752 1272 893 1312 vivere
926 1285 1041 1325 eum,
1080 1271 1153 1325 qui
1185 1270 1426 1325 inposuerit
1456 1269 1541 1310 dia-

194 1329 336 1383 dema,
380 1344 478 1370 cum
522 1344 671 1371 omnes
717 1329 936 1371 fateantur
979 1330 1070 1370 iure
1114 1328 1392 1370 interfectum
1435 1342 1541 1382 esse,

196 1388 270 1442 qui
309 1388 545 1429 abiecerit?
613 1388 674 1428 At
713 1389 844 1429 etiam
877 1388 1062 1430 adscribi
1095 1387 1223 1429 iussit
1254 1387 1298 1428 in
1329 1386 1456 1428 fastis
1488 1387 1540 1428 ad

195 1446 450 1500 Lupercalia
482 1445 526 1488 C.
554 1445 727 1488 Caesari
757 1447 957 1488 dictatori
984 1449 1192 1501 perpetuo
1219 1445 1277 1487 M.
1303 1446 1542 1488 Antonium

196 1505 416 1547 consulem
442 1505 589 1559 populi
616 1505 736 1547 iussu
761 1519 942 1561 regnum
969 1505 1194 1559 detulisse3
1223 1504 1451 1547 Caesarem
1477 1504 1541 1546 uti

193 1564 397 1605 noluisse.
447 1563 541 1605 Iam
568 1564 654 1604 iam
681 1564 856 1606 minime
882 1564 1017 1606 miror
1043 1567 1085 1605 te
1113 1564 1250 1605 otium
1275 1563 1542 1618 perturbare,

194 1637 281 1663 non
319 1621 446 1664 modo
484 1623 637 1664 urbem
676 1623 833 1677 odisse,
866 1623 938 1664 sed
971 1623 1102 1664 etiam
1133 1623 1290 1677 lucem,
1322 1637 1420 1664 cum
1450 1636 1543 1677 per·

195 1681 423 1723 ditissimis
461 1681 704 1723 latronibus
735 1696 823 1724 non
854 1682 994 1723 solum
1026 1682 1076 1723 dc
1109 1682 1194 1734 die,
1228 1681 1302 1723 sed
1334 1681 1466 1722 etiam
1497 1681 1543 1723 in

195 1740 309 1781 diem
331 1740 491 1783 bibere.
539 1740 626 1782 Ubi
653 1740 767 1782 enim
793 1743 842 1782 tu
868 1741 912 1782 in
938 1755 1041 1795 pace
1062 1740 1302 1782 consistes?
1329 1740 1403 1794 qui
1422 1740 1541 1781 locus

196 1799 278 1840 tibi
323 1798 367 1840 in
412 1800 580 1854 legibus
626 1802 670 1840 et
707 1800 752 1841 in
788 1799 957 1841 iudiciis
1002 1814 1095 1840 esse
1123 1801 1296 1853 potest,
1335 1812 1443 1852 quae
1481 1801 1542 1852 tu,

197 1860 407 1912 quantum
433 1858 478 1899 in
504 1861 546 1899 te
572 1857 667 1911 fuit,
693 1858 916 1899 dominatu
942 1858 1062 1913 regio
1089 1856 1336 1899 sustulisti?
1385 1856 1542 1899 ldeone

1560 759 1594 784 10

1562 1054 1593 1079 15

1561 1346 1596 1371 20

1561 1638 1594 1666 25

198 1916 242 1957 L.
282 1916 541 1970 Tarquinius
579 1920 773 1970 exactus,
813 1915 884 1971 Sp.
921 1915 1113 1970 Cassius,
1150 1915 1220 1969 Sp.
1251 1915 1453 1969 Maelius,
1484 1914 1541 1956 M.
1561 1932 1596 1958 so

196 1974 385 2016 Manlius
416 1976 570 2029 necati,
602 1978 651 2016 ut
683 1975 832 2016 multis
865 1978 965 2030 post
997 1974 1178 2016 saeculis
1206 1989 1230 2016 a
1261 1973 1317 2016 M.
1349 1973 1541 2016 Antonio

200 2034 332 2088 [quod
364 2033 429 2076 fas
461 2049 548 2076 non
581 2035 664 2086 est]
698 2048 771 2075 rex
804 2033 967 2075 Romae
1001 2033 1366 2075 constitueretur?

289 2092 371 2135 Sed
397 2093 450 2134 ad
477 2093 674 2147 auspicia
687 2093 926 2147 redeamus,
953 2092 1003 2134 de
1025 2092 1180 2146 quibus
1201 2091 1349 2133 Idibus
1369 2089 1540 2132 Martiis
1570 2102 1572 2104 ’

200 2151 283 2192 fuit
315 2152 359 2192 in
387 2155 539 2193 senatu
567 2151 726 2194 Caesar
752 2154 937 2193 acturus.
996 2150 1183 2200 Quaero:
1214 2150 1325 2192 Tum
1356 2151 1405 2190 tu
1439 2148 1540 2202 quid

200 2210 392 2264 egisses?
425 2211 667 2252 Audiebam
699 2210 896 2264 equidem
922 2213 965 2251 te
997 2213 1197 2264 paratum
1222 2208 1400 2261 venisse,
1427 2207 1540 2261 quod
1560 2224 1594 2250 85

200 2283 266 2308 me
293 2269 343 2310 de
371 2269 591 2310 ementitis
614 2269 830 2323 auspiciis,
857 2268 1012 2322 quibus
1033 2271 1179 2310 tamen
1198 2279 1346 2321 parere
1366 2279 1540 2307 necesse

200 2331 309 2376 erat,
360 2330 534 2380 putares
586 2341 679 2368 esse
729 2327 955 2368 dicturum.
1032 2325 1218 2368 Sustulit
1261 2324 1383 2366 illum
1428 2324 1540 2366 diem
