1671 2543
514 100 615 136 CAP.
641 104 757 135 8—10
783 104 802 143 ἓ
828 103 979 136 20—26.
1341 98 1428 140 425

83 225 233 253 verum
271 210 404 251 etiam
444 209 564 251 aditu
600 208 830 263 prohibere
863 206 1080 262 Capitoli?
1142 206 1221 250 Cui
1254 209 1428 248 senatus

86 269 282 312 consulto
303 283 356 310 ne
377 268 703 321 intercederent,
722 266 981 308 verebatur?
1023 265 1089 308 De
1103 265 1430 320 supplicatione,

87 329 231 382 credo,
262 327 319 369 M.
351 326 520 381 Lepidi,
552 326 780 368 clarissimi
812 325 905 366 viri.
966 324 1028 366 At
1059 325 1172 380 quod
1204 327 1297 365 erat
1322 324 1430 379 peri-

87 387 242 440 culum,
276 386 327 428 de
359 386 478 427 cuius
510 386 672 427 honore
705 383 1044 426 extraordinario
1078 383 1234 425 cotidie
1267 382 1430 437 aliquid

51 465 67 490 5
89 446 401 501 cogitabamus,
432 459 485 486 ne
512 444 602 486 eius
627 443 815 484 usitatus
840 443 978 484 honos
1005 441 1314 496 impediretur?
1364 441 1430 483 Ac
1444 449 1488 480 ‘24

87 519 140 547 ne
179 505 271 546 sine
310 517 440 545 causa
469 503 686 545 videretur
718 502 919 555 edixisse,
955 503 1005 542 ut
1042 503 1218 542 senatus
1250 500 1432 554 adesset,

88 578 186 605 cum
218 563 268 604 de
301 577 345 603 re
376 562 550 616 publiea
580 562 795 603 relaturus
828 560 993 613 fuisset,
1024 559 1169 600 adlato
1200 559 1353 600 nuntio
1380 559 1431 599 de

87 622 258 678 legione
280 624 436 676 quarta
454 623 597 662 mente
612 619 800 662 concidit
814 621 857 660 et
871 618 1017 674 fugere
1031 617 1241 659 festinans
1256 619 1430 658 senatus

89 680 335 723 consultum
362 680 412 721 de
437 678 751 734 supplicatione
771 692 847 732 per
867 676 1173 719 discessionem
1192 675 1307 726 fecit,
1335 690 1432 717 cum

36 758 68 783 ιο
87 739 131 780 id
162 738 327 781 factum
359 742 473 779 esset
505 741 632 779 antea
662 751 909 791 numquam.

179 797 296 846 Quae
315 811 416 839 vero
436 796 648 851 profectio
668 798 831 850 postea,
857 795 970 849 quod
990 795 1074 836 iter
1092 793 1298 848 paludati,
1325 807 1431 846 quae
1450 788 1504 829 10

87 856 244 898 vitatio
278 856 512 909 oculorum,
543 856 663 908 lucis,
695 854 827 908 urbis,
858 853 954 908 fori,
981 867 1110 907 quam
1136 852 1292 901 misera
1317 851 1432 906 fuga,

90 929 220 969 quam
256 914 400 968 foeda,
439 929 568 968 quam
602 913 760 967 turpis!
823 912 1050 954 Praeclara
1081 914 1225 952 tamen
1258 913 1432 950 senatus

90 973 288 1015 consulta
313 973 389 1014 illo
410 973 503 1027 ipso
525 972 590 1013 die
612 971 866 1025 vespertina,
892 970 1210 1025 provinciarum
1230 968 1434 1023 religiosa

37 1051 70 1076 15
90 1033 276 1086 sortitio,
308 1031 452 1072 divina
477 1045 577 1072 vero
611 1030 896 1084 oportunitas,
927 1032 987 1082 ut,
1019 1043 1127 1082 quae
1153 1028 1304 1081 cuique
1332 1029 1433 1080 apta

90 1093 220 1145 esset,
261 1105 311 1131 ea
349 1089 500 1143 cuique
539 1088 778 1131 obveniret!
841 1088 1065 1129 Praeclare
1103 1087 1239 1142 igitur
1276 1085 1432 1138 facitis,
1447 1095 1491 1126 25

89 1149 253 1191 tribuni
301 1149 376 1203 pl.,
429 1148 502 1202 qui
552 1148 602 1189 de
646 1146 859 1202 praesidio
905 1146 1129 1187 consulum
1173 1146 1433 1197 senatusque

89 1207 308 1261 referatis,
358 1207 598 1261 meritoque
648 1209 793 1247 vestro
844 1205 1052 1246 maximas
1101 1203 1224 1245 vobis
1269 1202 1433 1257 gratias

91 1280 238 1308 omnes
277 1268 320 1307 et
359 1279 484 1321 agere
521 1268 564 1306 et
597 1265 756 1306 habere
789 1264 1003 1305 debemus.
1066 1262 1150 1312 Qui
1182 1262 1296 1302 enim
1326 1261 1434 1315 peri-

37 1343 72 1369 20
92 1325 187 1367 culo
220 1339 363 1366 carere
394 1337 623 1378 possumus
655 1324 700 1364 in
731 1325 854 1363 tanta
878 1322 1103 1364 hominum
1130 1320 1365 1374 cupiditate
1392 1322 1434 1360 et

91 1383 296 1425 audacia?
358 1382 438 1424 Ille
470 1385 615 1423 autem
645 1382 774 1422 homo
808 1381 1005 1422 adflictus
1037 1383 1081 1422 et
1105 1379 1298 1434 perditus
1326 1392 1434 1432 quae

92 1442 142 1483 de
163 1456 208 1483 se
229 1444 428 1495 expectat
447 1441 606 1482 iudicia
619 1441 819 1496 graviora
834 1454 962 1494 quam
977 1439 1214 1480 amicorum
1229 1437 1434 1478 suorum?

91 1499 474 1541 Familiarissimus
490 1500 593 1553 eius,
607 1499 714 1540 mihi
727 1499 856 1540 homo
871 1498 1138 1549 coniunctus,
1151 1495 1198 1536 L.
1212 1495 1435 1549 Lentulus,

93 1561 137 1599 et
168 1557 214 1598 P.
246 1557 365 1599 Naso
405 1558 521 1599 omni
554 1572 701 1599 carens
737 1557 973 1611 cupiditate
1003 1556 1168 1597 nullam
1199 1568 1244 1594 se
1275 1553 1434 1594 habere

40 1634 73 1660 25
92 1616 378 1671 provinciam,
414 1616 578 1656 nullam
608 1616 774 1656 Antoni
812 1615 1084 1655 sortitionem
1114 1612 1247 1653 fuisse
1279 1611 1435 1652 iudica·

93 1676 258 1716 verunt.
322 1673 446 1722 Quod
476 1674 589 1714 idem
619 1673 723 1714 fecit
748 1672 794 1713 L.
821 1672 1060 1725 Philippus,
1092 1671 1157 1711 vir
1182 1672 1317 1723 patre,
1343 1684 1436 1722 avo,

93 1732 330 1774 maioribus
368 1731 456 1772 suis
495 1731 791 1786 dignissimus3
834 1730 879 1771 in
916 1730 1063 1770 eadem
1101 1728 1315 1769 sententia
1351 1727 1436 1767 fuit

92 1791 223 1833 homo
262 1804 430 1831 summa
466 1789 718 1844 integritate
757 1791 885 1841 atque
917 1787 1173 1838 innocentia,
1206 1784 1250 1827 C.
1282 1785 1435 1825 Turra-

92 1850 208 1903 nius3
239 1849 353 1889 idem
377 1848 481 1889 fecit
508 1846 578 1901 Sp.
606 1846 789 1900 Oppius,
813 1845 898 1899 ipsi
923 1846 1067 1899 etiam,
1099 1845 1171 1898 qui
1200 1843 1435 1885 amicitiam

40 1926 75 1952 30
94 1907 151 1949 M.
182 1907 348 1948 Antoni
391 1906 519 1947 veriti
560 1905 658 1959 plus
703 1905 742 1945 ei
785 1904 1047 1957 tribuerunt,
1091 1917 1219 1956 quam
1250 1902 1434 1943 fortasse

93 1966 271 2018 vellent,
309 1964 366 2006 M.
404 1964 525 2018 Piso,
567 1962 832 2004 necessarius
877 1976 996 2003 meus
1047 1964 1091 2002 et
1133 1961 1198 2001 vir
1242 1963 1286 2001 et
1330 1959 1433 2000 civis

95 2025 314 2080 egregius,
368 2023 546 2077 parique
602 2021 848 2062 innocentia
897 2019 953 2060 M.
1003 2019 1202 2060 Vehilius
1260 2021 1433 2059 senatus

95 2081 347 2125 auctoritati
397 2096 441 2123 se
486 2082 858 2134 optemperaturos
902 2093 995 2119 esse
1038 2078 1248 2118 dixerunt.
1323 2075 1433 2124 Quid
1449 2084 1493 2116 26

95 2155 176 2197 ego
203 2141 254 2182 de
279 2140 326 2181 L.
353 2139 490 2182 Cinna
514 2138 695 2192 loquar?
722 2137 841 2178 cuius
868 2138 1063 2190 spectata
1081 2135 1229 2176 multis
1250 2134 1435 2189 magnis-

43 2217 76 2242 35
97 2215 178 2254 que
226 2199 354 2241 rebus
398 2196 629 2253 singularis
681 2195 909 2250 integritas
953 2194 1094 2235 minus
1138 2192 1434 2234 admirabilem

95 2258 201 2299 facit
242 2258 370 2299 huius
413 2254 711 2297 honestissimi
754 2253 860 2294 facti
903 2252 1105 2307 gloriam3
1149 2252 1221 2305 qui
1260 2251 1433 2292 omnino

95 2316 360 2370 provinciam
388 2313 600 2369 neglexit3
631 2326 759 2367 quam
784 2312 889 2352 item
915 2324 1072 2365 magno
1099 2310 1242 2351 animo
1269 2313 1313 2350 et
1339 2323 1431 2350 con-
