1671 2543
213 101 300 143 446
403 100 454 135 IN
480 100 527 135 M.
554 98 813 134 ANTONIUM
838 96 1014 133 ORATIO
1039 95 1308 131 PHILIPPICA
1335 97 1376 133 V.

216 210 290 265 qui
315 210 449 263 illum,
480 223 533 250 ne
560 208 596 250 si
621 207 685 248 ita
710 206 882 261 quidem
906 205 1106 259 venisset,
1130 207 1180 246 ut
1203 204 1370 246 nullum
1393 203 1555 245 bellum

215 268 406 323 inferret,
436 267 546 309 ferre
578 265 823 321 potuissent
853 265 1133 319 inpotentem,
1163 263 1432 317 iracundum,
1460 277 1556 305 con-

216 327 509 380 tumeliosum,
566 324 815 379 superbum,
864 338 1032 378 semper
1080 324 1346 377 poscentem,
1389 335 1558 376 semper

217 387 466 441 rapientem,
499 398 666 438 semper
697 383 874 424 ebrium.
930 382 990 424 At
1018 382 1103 436 ille,
1136 381 1254 423 cuius
1280 395 1333 422 ne
1359 384 1557 435 pacatam

217 445 387 501 quidem
423 443 663 497 nequitiam
702 442 928 497 quisquam
959 440 1070 483 ferre
1101 442 1267 495 posset,
1304 439 1466 481 bellum
1497 439 1558 480 in-
1594 457 1610 484 5

216 504 320 545 tulit
350 502 595 557 provinciae
629 500 806 555 Galliae,
839 499 1120 542 circumsedet
1151 498 1375 553 Mutinam,
1406 498 1558 539 firmis-

218 563 370 604 simam
415 564 458 602 et
499 559 889 615 splendidissimam
925 558 1073 614 populi
1111 557 1296 599 Romani
1334 557 1559 611 coloniam,

218 623 440 676 oppugnat
471 619 533 671 D„
551 618 737 661 Brutum
767 618 1084 673 imperatorem,
1117 616 1335 658 consulem
1367 615 1552 671 designa-

218 684 322 734 tum,
355 679 490 721 civem
522 693 608 720 non
639 677 733 732 sibi,
766 677 839 718 sed
867 677 993 718 nobis
1020 679 1063 717 et
1088 676 1146 717 rei
1174 675 1371 730 publicae
1397 678 1559 716 natum.

159 753 202 784 25
218 739 335 793 Ergo
380 737 598 779 Hannibal
651 736 808 790 hostis,
859 735 963 777 civis
1009 734 1256 776 Antonius?
1331 733 1443 782 Quid
1485 733 1614 777 illem

218 798 321 839 fecit
345 796 577 851 hostiliter,
604 795 719 850 quod
743 795 813 836 hic
838 809 925 836 non
950 796 1025 835 aut
1049 793 1201 835 fecerit
1228 795 1302 834 aut
1328 792 1460 834 faciat
1485 794 1562 833 aut

218 856 424 898 moliatur
468 858 512 897 et
550 854 747 910 cogitet?
814 853 971 895 Totum
1012 853 1095 894 iter
1131 852 1422 894 Antoniorum
1460 851 1562 906 quid

218 915 372 957 habuit
390 914 476 956 nisi
495 913 862 968 depopulationes,
884 912 1158 966 vastationes,
1179 911 1339 965 caedes,
1359 909 1561 964 rapinas?

219 988 325 1029 quas
373 988 461 1015 non
503 972 691 1014 faciebat
733 971 971 1026 Hannibal,
1017 970 1118 1025 quia
1161 970 1298 1011 multa
1341 969 1393 1010 ad
1435 983 1562 1010 usum

219 1048 343 1075 suum
380 1032 647 1085 reservabat,
688 1033 733 1072 at
763 1031 826 1081 hi,
865 1030 938 1084 qui
968 1030 1014 1070 in
1043 1029 1196 1070 horam
1227 1029 1437 1082 viverent,
1473 1042 1561 1069 non
1581 1043 1613 1070 ιε

219 1092 344 1133 modo
384 1091 433 1132 de
464 1090 650 1132 fortunis
683 1092 726 1131 et
757 1089 807 1131 de
839 1089 963 1131 bonis
996 1088 1170 1142 civium,
1208 1087 1280 1129 sed
1310 1101 1363 1128 ne
1395 1086 1446 1128 de
1480 1086 1562 1128 uti-

219 1151 343 1192 litate
377 1149 548 1204 quidem
581 1163 657 1191 sua
690 1148 1001 1204 cogitaverunt.

308 1209 377 1250 Ad
407 1209 539 1263 hunc,
578 1207 620 1248 di
650 1207 770 1249 boni!
809 1207 976 1262 legatos
1008 1206 1126 1247 mitti
1156 1204 1328 1260 placet?
1388 1203 1561 1245 Nonmt

221 1268 296 1309 isti
326 1267 522 1308 homines
554 1266 739 1308 formam
770 1266 833 1307 rei
861 1265 1071 1320 publicae,
1101 1264 1195 1305 iura
1220 1263 1335 1317 belli,
1367 1261 1562 1316 exempla

221 1327 445 1379 maiorum,
471 1325 678 1380 cogitant,
705 1324 807 1378 quid
831 1324 981 1378 populi
1006 1323 1191 1364 Romani
1216 1322 1433 1374 maiestas,
1459 1320 1561 1375 quid
1579 1336 1617 1363 20

222 1387 395 1427 senatus
437 1383 643 1425 severitas
687 1382 907 1437 postulet?
979 1381 1168 1436 Legatos
1214 1379 1434 1422 decernis?
1504 1377 1562 1433 Si,

221 1446 270 1486 ut
301 1443 545 1497 deprecere,
581 1444 844 1495 contemnet,
882 1440 937 1494 si,
968 1442 1018 1481 ut
1048 1440 1248 1494 imperes,
1279 1453 1366 1480 non
1397 1437 1564 1491 audiet3

222 1502 419 1556 denique,
463 1500 656 1555 quamvis
696 1514 842 1541 severa
878 1499 1034 1554 legatis
1073 1498 1275 1539 mandata
1311 1497 1563 1549 dederimus,

221 1575 378 1603 nomen
408 1560 550 1615 ipsum
581 1559 824 1614 legatorum
854 1558 985 1612 hunc,
1022 1572 1146 1611 quem
1178 1557 1382 1610 videmus,
1413 1555 1563 1610 populi

222 1619 407 1661 Romani
468 1618 710 1673 restinguet
771 1617 987 1671 ardorem,
1047 1615 1379 1669 municipiorum
1434 1617 1562 1669 atque
1581 1629 1615 1656 25

222 1679 375 1720 Italiae
429 1676 602 1732 franget
656 1676 834 1718 animos.
912 1674 975 1717 Ut
1030 1674 1230 1716 omittam
1277 1673 1398 1727 haec,
1455 1687 1562 1727 quae

222 1751 379 1793 magna
416 1739 535 1790 sunt,
574 1738 687 1777 certe
724 1735 810 1776 ista
845 1733 1008 1789 legatio
1041 1747 1206 1774 moram
1238 1735 1281 1774 et
1312 1732 1564 1773 tarditatem

164 1810 208 1841 26
224 1797 387 1838 adferet
425 1795 549 1836 bello.
613 1794 816 1843 Quamvis
854 1793 1015 1847 dicant,
1053 1791 1166 1846 quod
1199 1791 1404 1845 quosdam
1436 1790 1562 1832 audio

225 1855 433 1897 dicturos:
472 1852 642 1908 ‘Legati
680 1852 1026 1907 proficiscantur3
1062 1850 1222 1892 bellum
1253 1850 1389 1891 nihilo
1421 1849 1562 1890 minus

224 1912 428 1969 paretur',
474 1914 619 1953 tamen
661 1912 905 1966 legatorum
940 1924 1097 1951 nomen
1134 1909 1274 1963 ipsum
1315 1910 1359 1950 et
1397 1908 1616 1950 animosae

160 1979 211 2020 10
224 1973 448 2015 hominum
497 1973 540 2012 et
590 1970 694 2011 belli
739 1969 1004 2012 celeritatem
1049 1968 1300 2009 morabitur.
1373 1965 1563 2008 Minimis

226 2030 474 2080 momentis,
523 2031 668 2083 patres
713 2028 961 2082 conscripti,
1011 2027 1220 2068 maximae
1263 2025 1563 2067 inclinationes

226 2097 471 2143 temporum
500 2087 611 2129 fiunt
643 2101 739 2129 cum
770 2087 815 2128 in
846 2086 962 2128 omni
995 2100 1096 2127 casu
1120 2085 1187 2126 rei
1220 2084 1433 2139 publicae,
1470 2085 1564 2124 tum

227 2149 272 2190 in
307 2148 441 2201 bello,
479 2149 522 2188 et
553 2146 736 2187 maxime
769 2145 901 2199 civili,
939 2144 1052 2199 quod
1084 2143 1282 2198 opinione
1313 2142 1563 2196 plerumque

228 2210 271 2247 et
295 2206 411 2247 fama
437 2205 711 2261 gubernatur.
766 2203 904 2245 Nemo
933 2204 1119 2257 quaeret,
1146 2201 1300 2256 quibus
1327 2214 1422 2242 cum
1449 2214 1564 2241 man·
1582 2215 1616 2242 ⁸⁵

229 2265 340 2306 datis
366 2265 533 2319 legatos
560 2263 821 2316 miserimus3
845 2276 1001 2303 nomen
1025 2261 1167 2315 ipsum
1192 2258 1421 2315 legationis
1448 2259 1562 2300 ultro

229 2325 383 2364 missae
434 2321 602 2363 timoris
653 2335 744 2363 esse
795 2321 966 2376 signum
1008 2319 1233 2361 videbitur.
1306 2316 1495 2358 Recedat
1538 2331 1564 2358 a

1633 90 1640 134 .v-
1632 20 1641 75 ⁷·-
