1671 2543
130 759 186 800 22

142 819 183 849 51

144 1492 188 1523 52

148 2308 193 2339 53

201 85 285 127 182
584 83 637 118 IN
663 85 703 119 L.
731 82 945 118 PISONEM
970 82 1161 118 ORATIO.

198 194 244 235 in
275 207 456 249 regnum
486 192 653 233 iniussu
684 191 834 246 populi
869 190 1087 243 [Romani]
1122 193 1197 232 aut
1226 192 1398 232 senatus
1426 205 1541 232 acce-

198 253 308 306 dere,
346 266 453 306 quae
486 266 582 293 cum
613 250 823 305 plurimae
857 250 974 305 leges
1007 252 1185 304 veteres,
1216 251 1310 290 tum
1341 249 1409 290 lex
1440 248 1541 291 Cor·

197 311 312 353 nelia
349 310 607 363 maiestatis,
644 308 756 350 Iulia
794 309 843 350 de
880 308 1073 362 pecuniis
1109 307 1356 362 repetundis
1381 308 1540 361 planis-

199 370 304 411 sime
342 369 491 410 vetat‘?
554 367 636 409 Sed
672 368 778 409 haec
816 367 990 422 omitt03
1027 367 1099 408 ille
1139 367 1175 408 si
1212 381 1300 408 non
1332 366 1536 407 acerrime

198 428 372 477 fureret,
399 428 584 480 auderet,
611 441 740 480 quam
764 425 1031 481 provinciam
1053 425 1099 466 P.
1125 424 1347 479 Lentulus,
1374 425 1540 466 amicis-

201 487 335 528 simus
364 486 465 527 huic
492 485 642 537 ordini,
675 500 771 526 cum
797 487 841 526 et
867 484 1125 526 auctoritate
1153 487 1327 525 senatus
1354 486 1397 524 et
1423 486 1539 525 sorte

198 545 394 598 haberet,
444 543 704 598 interposita
750 543 957 598 religione
1002 543 1092 585 sine
1136 542 1225 583 ulla
1267 542 1539 584 dubitatione

201 604 488 658 deposuisset,
521 617 615 644 eam
648 602 731 643 sibi
763 602 1010 655 adsciscere,
1043 617 1151 655 cum,
1184 601 1355 642 etiamsi
1386 600 1539 656 religio

199 677 287 704 non
329 662 573 716 impediret,
618 675 711 703 mos
750 661 962 702 maiorum
1000 663 1145 701 tamen
1182 663 1225 701 et
1263 660 1459 713 exempla
1496 662 1540 700 et

201 721 481 776 gravissimae
513 720 660 775 legum
690 734 852 774 poenae
884 719 1109 760 vetarent?

289 780 349 821 Et
368 779 579 833 'quoniam
604 778 877 820 fortunarum
902 778 1222 819 contentionem
1241 776 1381 818 facere
1402 776 1541 831 coepi-

202 853 309 892 mus,
341 839 391 879 de
418 838 558 879 reditu
585 836 743 878 Gabini
770 837 1020 878 omittamus
1055 835 1201 892 (quem
1227 836 1310 877 etsi
1337 835 1420 876 sibi
1448 835 1540 889 ipse

200 897 420 952 praecidit,
453 910 532 951 ego
566 899 712 937 tamen
744 910 790 937 os
823 898 872 936 ut
897 896 1064 936 videam
1088 895 1290 948 hominis,
1323 892 1540 949 expecto);

201 959 342 1009 tuum,
382 956 417 996 si
455 955 615 1009 placet,
654 954 839 996 reditum
878 969 975 995 cum
1009 968 1104 995 meo
1138 952 1419 995 conferamus.
1474 952 1540 993 Ac

202 1028 321 1055 meus
361 1014 533 1068 quidem
570 1014 607 1055 is
645 1013 746 1067 fuit,
787 1016 834 1054 ut
869 1028 893 1053 a
923 1012 1155 1054 Brundisio
1188 1026 1322 1066 usque
1355 1011 1540 1053 Romam

202 1087 357 1128 agmen
388 1075 644 1127 perpetuum
676 1069 811 1113 totius
844 1071 995 1113 Italiae
1027 1071 1194 1113 viderit.
1243 1070 1394 1124 Neque
1426 1070 1541 1111 enim

202 1132 321 1186 regio
353 1132 443 1172 ulla
473 1131 557 1172 fuit
587 1145 666 1172 nec
697 1130 978 1185 municipium
1008 1144 1145 1183 neque
1170 1129 1440 1183 praefectura
1465 1131 1541 1169 aut

203 1190 382 1243 colonia,
408 1205 459 1230 ex
485 1204 568 1243 qua
589 1204 677 1230 non
697 1189 749 1230 ad
769 1204 835 1230 me
855 1189 1025 1243 publice
1046 1188 1241 1229 venerint
1260 1188 1540 1243 gratulatum.

204 1249 315 1298 Quid
347 1249 486 1289 dicam
512 1248 719 1288 adventus
752 1262 887 1301 meos,
920 1247 1021 1301 quid
1054 1247 1281 1288 effusiones
1313 1246 1537 1287 hominum

202 1323 253 1348 ex
291 1307 477 1361 oppidis,
516 1306 617 1360 quid
653 1320 883 1347 concursus
917 1321 967 1347 ex
1000 1305 1115 1361 agris
1146 1307 1319 1359 patrum
1350 1304 1538 1346 familias

203 1381 300 1407 cum
337 1365 592 1420 coniugibus
632 1379 680 1406 ac
717 1364 884 1418 liberis,
923 1364 1024 1418 quid
1059 1378 1131 1405 eos
1165 1363 1272 1417 dies,
1311 1363 1384 1416 qui
1417 1363 1540 1416 quasi

203 1425 380 1465 deorum
406 1423 718 1464 immortalium
740 1422 841 1463 festi
861 1425 989 1476 atque
1011 1422 1238 1464 sollemnes
1260 1422 1372 1475 apud
1392 1436 1539 1462 omnes

204 1485 304 1524 sunt
336 1482 521 1522 adventu
547 1496 642 1523 meo
668 1481 892 1535 redituque
919 1481 1153 1522 celebrati?
1203 1480 1325 1521 Unus
1352 1480 1424 1521 ille
1450 1480 1540 1521 dies

203 1541 310 1582 mihi
337 1540 508 1594 quidem
534 1540 877 1581 immortalitatis
904 1540 1043 1580 instar
1062 1539 1157 1593 fuit,
1185 1553 1268 1593 quo
1287 1538 1333 1579 in
1352 1538 1540 1592 patriam

203 1599 321 1654 redii,
348 1614 444 1640 cum
471 1602 667 1640 senatum
694 1612 914 1653 egressum
940 1599 1027 1639 vidi
1052 1598 1344 1652 populumque
1368 1597 1539 1649 [Roma-

202 1660 323 1710 num]
351 1658 609 1711 universum,
642 1672 738 1699 cum
764 1657 870 1698 mihi
894 1657 990 1711 ipsa
1014 1657 1154 1698 Roma
1178 1671 1311 1711 prope
1338 1656 1543 1697 convulsa

204 1717 376 1758 sedibus
416 1716 503 1757 suis
543 1716 595 1757 ad
635 1715 1002 1770 complectendum
1038 1717 1385 1757 conservatorem
1417 1729 1542 1756 suum

203 1775 405 1830 progredi
437 1775 528 1815 visa
559 1777 635 1815 est.
688 1774 804 1823 Quae
837 1789 905 1815 me
931 1775 993 1815 ita
1019 1774 1196 1829 accepit,
1226 1776 1276 1814 ut
1301 1788 1388 1815 non
1414 1773 1540 1814 modo

205 1834 397 1875 omnium
435 1847 657 1889 generum,
703 1836 912 1887 aetatum,
954 1833 1151 1874 ordinum
1189 1846 1335 1874 omnes
1374 1832 1455 1873 viri
1492 1846 1541 1872 ac

205 1893 404 1934 mulieres
450 1892 587 1933 omnis
625 1891 822 1933 fortunae
862 1907 910 1933 ac
947 1891 1048 1946 loci,
1092 1891 1165 1933 sed
1203 1891 1334 1932 etiam
1372 1890 1541 1932 moenia

204 1952 299 2005 ipsa
330 1951 575 1992 viderentur
607 1953 649 1991 et
681 1953 797 1992 tecta
828 1950 946 1991 urbis
980 1965 1027 1991 ac
1060 1950 1223 2004 templa
1251 1949 1415 1990 laetari.
1471 1948 1541 1989 Me

205 2009 566 2063 consequentibus
605 2009 754 2050 diebus
792 2009 837 2050 in
875 2024 925 2050 ea
961 2009 1056 2063 ipsa
1093 2009 1238 2062 domo,
1277 2022 1360 2061 qua
1394 2011 1443 2048 tu
1474 2020 1541 2047 me

207 2069 441 2122 expuleras,
470 2082 597 2122 quam
621 2068 845 2121 expilaras,
872 2082 1000 2121 quam
1021 2068 1280 2119 incenderas,
1306 2065 1541 2120 pontifices,

207 2127 415 2180 consules,
435 2130 580 2180 patres
603 2126 835 2180 conscripti
855 2126 1187 2167 conlocaverunt
1206 2124 1408 2178 mihique,
1428 2123 1541 2177 quod

207 2188 304 2225 ante
338 2199 404 2226 me
429 2185 602 2238 nemini,
633 2185 814 2239 pecunia
839 2185 1012 2238 publica
1037 2183 1342 2226 aedificandam
1368 2182 1541 2223 domum

208 2246 475 2283 censuerunt.

296 2300 441 2341 Habes
469 2302 653 2342 reditum
680 2316 835 2342 meum.
880 2300 1036 2343 Confer
1060 2315 1173 2342 nunc
1198 2299 1387 2341 vicissim
1408 2302 1542 2351 tuum,

1560 729 1595 754 10

1560 1022 1594 1048 15

1559 1317 1594 1341 20

1559 1608 1593 1634 25

1560 1902 1595 1927 30

1560 2192 1595 2219 35
