1671 2543
496 66 595 102 cAP.
623 70 763 103 28—30
789 70 809 110 ξ,
836 70 986 102 68—72.
1349 65 1436 107 231

88 179 148 230 et,
187 178 237 217 ut
275 176 355 230 ais,
391 176 434 217 id
472 175 613 216 verbis
652 188 876 230 exaggero.
946 174 1078 224 Quasi
1115 188 1216 215 vero
1255 188 1322 215 me
1360 175 1438 215 tuo

88 235 302 276 arbitratu
339 237 383 276 et
419 249 507 276 non
543 248 637 275 meo
676 236 850 289 gratum
889 248 980 275 esse
1020 234 1229 287 oporteat.
1297 231 1438 281 ‘Quod

87 294 214 335 istius
247 296 418 335 tantum
444 292 690 334 meritum‘?'
717 292 877 346 inquit3
915 292 985 333 ‘an
1011 291 1111 346 quia
1136 293 1179 332 te
1203 305 1291 332 non
1315 290 1438 346 iugu-

87 351 238 394 lavit?
312 351 451 393 Immo
495 366 595 393 vero
647 351 748 405 quia
797 351 985 406 iugulari
1033 364 1185 405 passus
1228 364 1316 391 non
1359 352 1438 390 est.

50 421 68 447 5
89 411 182 461 Quo
221 411 392 465 quidem
430 413 478 451 tu
512 410 626 464 1000,
665 409 804 463 Cassi,
843 410 976 451 etiam
1008 408 1205 464 purgasti
1236 408 1437 450 inimicos

87 485 204 511 meos
254 483 456 523 meaeque
503 469 618 510 vitae
669 469 808 509 nullas
853 469 906 510 ab
950 468 1038 509 illis
1081 467 1259 509 insidias
1303 466 1440 508 fuisse

87 528 245 570 dixisti.
306 528 459 570 Posuit
496 527 578 569 hoc
615 527 729 568 idem
759 526 1019 568 Laterensis.
1077 526 1215 575 Quam
1254 526 1307 567 ob
1345 540 1439 568 rem

84 587 214 642 paulo
247 589 347 642 post
379 587 429 628 de
460 586 546 628 isto
572 586 698 640 plura
723 586 880 640 dicam,
912 587 960 627 de
987 589 1030 627 te
1056 588 1228 626 tantum
1251 584 1438 639 requiro,

84 649 232 687 utrum
263 648 388 699 putes
422 645 567 686 odium
597 645 642 686 in
673 660 740 686 me
766 645 978 686 111οἅ10010
1003 644 1277 686 inimicorum
1302 643 1438 684 fuisse

35 720 68 745 ιο
88 703 221 759 (quod
257 704 341 745 fuit
378 704 563 745 ullorum
590 718 796 758 umquam
827 704 1111 745 barvbaiorum
1143 705 1234 744 tam
1263 702 1437 743 inmane

87 778 135 805 ac
174 766 265 804 tam
303 763 470 804 crudele
502 763 548 804 in
578 762 799 817 hostem‘R)
839 777 893 804 an
924 762 1056 804 fuisse
1089 762 1134 802 in
1164 761 1217 802 iis
1250 761 1438 815 aliquem

87 824 162 863 aut
192 822 332 863 famae
365 824 528 863 metum
555 824 630 863 aut
654 836 828 876 poenae,
861 835 1041 875 quorum
1068 820 1215 861 vidisti
1240 822 1335 861 toto
1361 819 1438 861 illo

86 895 197 922 anno
242 880 404 921 ferrum
442 881 487 921 in
524 879 638 934 1010,
681 880 900 921 flammam
937 880 983 921 in
1019 879 1226 932 delubris,
1269 878 1356 919 vim
1393 878 1441 919 in

85 941 181 980 tota
223 939 329 980 urbe
371 939 545 980 versari.
611 937 710 980 Nisi
748 938 860 980 forte
900 938 1122 980 existimas
1162 952 1234 979 eos
1272 937 1433 978 idcirco

35 1013 69 1038 15
87 998 201 1039 vitae
234 1012 353 1040 meae
385 997 638 1052 pepercisse,
671 998 784 1051 quod
815 997 866 1039 de
896 997 1037 1038 reditu
1063 1011 1158 1038 meo
1183 995 1292 1037 nihil
1318 995 1440 1037 time-

86 1059 193 1098 rent.
254 1056 315 1098 Et
348 1070 607 1110 quemquam
637 1059 765 1110 putas
797 1055 930 1097 fuisse
962 1059 1053 1096 tam
1085 1055 1326 1109 excordem,
1365 1054 1439 1108 qui

85 1115 194 1156 vivis
220 1115 301 1169 his,
328 1118 470 1156 stante
492 1115 598 1156 urbe
619 1118 662 1156 013
683 1115 800 1156 curia
819 1115 1058 1156 rediturum
1078 1128 1156 1167 me,
1184 1113 1220 1154 si
1239 1114 1439 1168 viverem,

84 1188 172 1215 non
190 1174 395 1228 putaret?
429 1173 568 1222 Quam
589 1173 642 1215 ob
664 1188 754 1215 rem
773 1188 861 1215 non
875 1173 1003 1215 debes
1024 1173 1061 1214 is
1075 1172 1205 1214 homo
1222 1175 1265 1213 et
1279 1172 1315 1212 is
1331 1172 1437 1213 civis

85 1232 333 1287 praedicare
360 1232 497 1274 vitam
522 1247 673 1286 meam,
702 1235 809 1286 quae
840 1231 1050 1273 fidelitate
1078 1231 1315 1272 amicorum
1343 1245 1442 1272 con—

35 1306 70 1331 20
90 1294 262 1333 servata
293 1291 362 1345 sit,
394 1291 666 1332 inimicorum
700 1291 913 1333 modestia
943 1305 1031 1332 non
1063 1304 1154 1331 esse
1186 1289 1436 1343 adpetitam.

172 1349 457 1404 Respondebo
492 1350 575 1391 tibi
604 1365 735 1404 nunc,
772 1349 1038 1403 Laterensis,
1076 1348 1218 1389 minus
1250 1347 1435 1390 fortasse

83 1408 369 1463 vehementer,
395 1423 524 1463 quam
551 1409 626 1450 abs
653 1411 697 1450 te
723 1423 818 1451 sum
842 1410 1116 1463 provocatus,
1141 1407 1215 1449 sed
1241 1406 1437 1461 profecto

82 1482 161 1509 nec
187 1467 455 1509 considerate
481 1467 623 1508 minus
654 1482 733 1509 nec
758 1467 899 1508 minus
927 1467 1073 1508 amice.
1111 1464 1227 1507 Nam
1248 1465 1439 1519 primum

84 1525 169 1566 fuit
199 1526 306 1566 illud
332 1526 538 1580 asperius,
570 1541 649 1580 me,
682 1540 789 1580 quae
816 1526 866 1568 de
891 1525 1068 1567 Plancio
1096 1524 1292 1578 dicerem,
1324 1539 1439 1565 men-

30 1597 64 1624 25
85 1584 159 1624 tiri
191 1586 235 1624 et
266 1584 472 1638 temporis
511 1599 638 1626 causa
668 1585 840 1639 fingere.
903 1583 1078 1625 Scilicet
1106 1583 1237 1624 homo
1268 1583 1438 1637 sapiens

86 1642 346 1697 excogitavi,
390 1657 518 1696 quam
562 1643 616 1684 ob
660 1657 751 1684 rem
793 1642 959 1683 viderer
1002 1641 1201 1683 maximis
1239 1641 1438 1682 beneficii

84 1700 266 1743 vinculis
300 1700 551 1754 obstrictus,
584 1716 680 1742 cum
709 1701 820 1742 liber
851 1715 988 1742 essem
1022 1702 1065 1740 et
1096 1699 1275 1741 solutus.
1327 1699 1440 1748 Quid

85 1759 230 1801 enim?
262 1758 369 1799 mihi
401 1759 454 1800 ad
485 1759 793 1800 defendendum
823 1758 1049 1800 Plancium
1079 1772 1233 1812 parum
1261 1758 1436 1810 multae,

86 1832 239 1872 parum
264 1818 403 1858 iustae
428 1817 764 1858 necessitudines
792 1820 912 1858 erant
937 1816 1260 1870 familiaritatis,
1291 1815 1438 1857 vicini-

33 1891 69 1916 30
88 1876 211 1930 tatis,
254 1876 391 1930 patris
425 1875 669 1917 amicitiae?
714 1890 820 1929 quae
859 1875 895 1916 si
932 1889 1019 1916 non
1057 1876 1218 1928 essent,
1256 1888 1436 1928 vererer,

88 1935 232 1988 credo,
268 1948 322 1975 ne
360 1934 546 1988 turpiter
582 1934 783 1987 facerem,
821 1933 858 1974 si
894 1933 977 1975 hoc
1016 1933 1240 1987 splendore
1279 1935 1323 1973 et
1356 1932 1438 1974 hac

87 1993 300 2048 dignitate
342 1992 561 2034 hominem
602 1992 881 2033 defenderem.
948 1991 982 2033 F
987 1991 1173 2047 ingenda
1210 1991 1317 2032 mihi
1353 1990 1438 2032 fuit

86 2051 286 2093 videlicet
330 2066 458 2093 causa
500 2053 722 2105 peracuta,
770 2053 820 2092 ut
863 2050 919 2105 ei,
964 2064 1091 2104 quem
1134 2049 1241 2090 mihi
1285 2050 1437 2091 debere

89 2112 319 2176 oporteret,
352 2124 431 2165 ego
464 2124 531 2150 me
559 2109 702 2151 omnia
728 2109 879 2150 debere
906 2108 1101 2150 dicerem.
1151 2108 1211 2148 At
1236 2108 1281 2149 id
1307 2108 1438 2150 etiam

35 2183 70 2208 35
89 2169 277 2224 gregarii
303 2169 463 2210 milites
489 2168 654 2209 faciunt
679 2168 817 2222 inviti,
842 2169 892 2208 ut
915 2181 1118 2209 coronam
1138 2166 1240 2207 dent
1260 2166 1439 2208 civicam

90 2229 133 2266 et
164 2241 208 2268 se
241 2227 292 2268 ab
321 2227 464 2292 aliquo
493 2229 685 2268 servatos
712 2241 803 2267 esse
828 2225 1058 2279 fa,teantur
1088 2239 1176 2266 non
1201 2239 1290 2291 quo
1313 2228 1438 2280 turpe

90 2284 148 2326 sit
178 2288 422 2339 protectum
453 2286 498 2326 in
529 2285 618 2326 0010
650 2299 701 2326 ex
730 2284 924 2326 hostium
962 2259 1160 2325 manibus
1187 2283 1294 2338 eripi
1321 2282 1441 2339 (nam

1448 1325 1509 1366 30

1440 1385 1483 1416 72
