1671 2543
593 90 693 126 CAP.
719 95 811 125 4-6
838 95 857 133 ἓ
885 94 1032 126 10-14,
1422 89 1476 130 87

150 199 324 254 quidam
356 199 520 241 stimuli
550 214 599 241 ac
628 198 800 240 laboris.
856 198 1122 254 Plagrabant
1145 197 1252 239 vitia
1275 196 1480 238 lubidinis

150 258 264 312 apud
290 258 430 313 illum3
455 258 658 313 vigebant
683 258 813 299 etiam
833 257 974 298 studia
993 257 1054 298 rei
1073 256 1284 298 militaris.
1330 254 1479 309 Neque

152 330 232 372 ego
257 331 460 371 umquam
483 317 615 358 fuisse
635 316 720 357 tale
741 319 981 358 monstrum
1000 315 1046 357 in
1063 315 1189 357 terris
1208 314 1344 356 ullum
1363 315 1480 367 puto,

152 378 242 416 tam
273 390 323 416 ex
355 375 579 417 contrariis
611 375 873 429 diversisque
904 379 942 416 et
970 375 1082 416 inter
1113 388 1157 416 se
1188 372 1521 436 pugnantibusss

117 444 133 470 5
152 436 327 474 naturae
360 434 511 475 studiis
544 433 932 487 cupiditatibusque
965 433 1206 474 conflatum.
1269 430 1373 480 Quis
1400 430 1480 472 cla-
1497 455 1538 485 13

153 492 339 533 rioribus
353 492 454 533 viris
468 492 650 546 quodam
659 494 851 545 tempore
863 491 1096 544 iucundior,
1111 490 1205 545 quis
1216 489 1481 544 turpioribus

154 550 447 592 coniunctior?
468 551 561 605 quis
576 550 680 592 civis
694 551 917 592 meliorum
930 549 1118 604 partium
1131 548 1370 603 aliquando,
1388 547 1483 602 quis

153 609 331 650 taetrior
355 609 493 650 hostis
518 609 617 650 huic
641 609 833 650 civitati?
860 609 954 663 quis
973 609 1018 649 in
1037 607 1329 662 voluptatibus
1348 606 1484 660 inqui-

152 667 305 722 natior,
337 668 430 722 quis
461 668 507 709 in
531 667 750 709 laboribus
776 667 1035 721 patientior?
1062 666 1154 721 quis
1180 666 1224 707 in
1249 665 1483 719 rapacitate

103 736 136 764 {0
155 726 332 780 avarior,
359 726 452 780 quis
472 726 517 767 in
535 726 764 781 largitione
785 726 985 767 effusior?
1012 724 1093 766 Illa
1112 739 1224 778 vero,
1248 724 1419 775 iudices,
1439 723 1485 764 in

153 784 228 826 illo
265 784 437 826 homine
468 785 684 826 mirabilia
714 784 903 838 fuerunt,
942 783 1293 837 comprehendere
1325 782 1484 824 multos

154 843 354 896 amicitia,
367 843 478 884 tueri
489 843 705 898 obsequio,
721 857 815 884 cum
827 842 1023 883 omnibus
1035 841 1358 894 communicare,
1372 840 1485 894 quod

153 901 351 954 habebat,
383 902 541 943 servire
572 902 837 956 temporibus
869 915 1043 942 suorum
1075 900 1264 942 omnium
1294 899 1485 953 pecunia,

155 960 307 1015 gratia,
336 960 482 1001 labore
515 960 716 1014 corporis,
749 960 904 1001 scelere
931 959 1071 1012 etiam,
1104 958 1140 1000 si
1166 972 1271 1012 opus
1297 959 1420 1010 esset,
1450 959 1490 997 et

104 1029 137 1055 15
156 1018 348 1072 audacia,
384 1033 553 1060 versare
591 1033 712 1059 suam
746 1020 945 1060 naturam
983 1020 1025 1058 et
1056 1031 1201 1072 regere
1234 1016 1286 1057 ad
1315 1018 1485 1069 tempus

157 1079 283 1131 atque
313 1077 397 1118 huc
428 1079 471 1118 et
500 1077 602 1118 illuc
633 1079 830 1131 torquere
863 1091 911 1117 ac
942 1076 1128 1129 flectere,
1160 1089 1256 1116 cum
1287 1074 1485 1115 tristibus

157 1150 310 1189 severe,
331 1150 426 1177 cum
446 1136 634 1177 remissis
653 1135 844 1188 iucunde,
864 1149 959 1176 cum
979 1134 1150 1175 senibus
1172 1133 1370 1188 graviter,
1390 1146 1486 1173 cum

156 1194 374 1235 iuventute
407 1194 594 1248 comiter,
626 1208 722 1235 cum
752 1193 1001 1234 facinerosis
1028 1192 1239 1244 audacter,
1272 1205 1366 1232 cum
1391 1190 1486 1232 libi-

157 1252 318 1294 dinosis
348 1252 562 1294 luxuriose
593 1252 745 1293 vivere.
805 1251 898 1293 Hac
928 1251 1001 1292 ille
1026 1253 1117 1292 tam
1141 1250 1259 1291 varia
1283 1248 1485 1302 multipli-
1502 1251 1545 1281 14

104 1321 139 1347 20
158 1311 278 1366 cique
313 1313 468 1352 natura
504 1325 599 1352 cum
636 1311 774 1352 omnis
812 1309 1009 1351 omnibus
1047 1324 1097 1350 ex
1134 1308 1261 1349 terris
1292 1307 1486 1348 homines

156 1369 376 1423 improbos
396 1369 656 1424 audacesque
677 1369 919 1423 collegerat,
938 1371 1031 1409 tum
1045 1367 1174 1408 etiam
1188 1366 1347 1407 multos
1361 1365 1485 1407 fortis

157 1428 272 1469 viros
298 1430 341 1468 et
365 1428 501 1469 bonos
526 1428 664 1482 specie
685 1427 867 1482 quadam
885 1427 1057 1468 virtutis
1078 1425 1355 1466 adsimulatae
1374 1426 1487 1465 tene-

158 1486 245 1527 bat.
287 1485 436 1541 Neque
461 1501 662 1540 umquam
687 1501 737 1527 ex
762 1486 837 1526 illo
863 1485 1027 1526 delendi
1052 1484 1179 1525 huius
1204 1483 1374 1537 imperii
1398 1484 1487 1523 tam

161 1544 470 1586 consceleratus
496 1545 679 1598 impetus
706 1544 928 1597 extitisset,
952 1543 1037 1584 nisi
1061 1545 1127 1583 tot
1146 1542 1348 1583 vitiorum
1366 1543 1488 1582 tanta

108 1613 142 1639 25
160 1603 403 1644 immanitas
430 1603 682 1657 quibusdam
706 1602 924 1644 facultatis
951 1604 993 1642 et
1017 1600 1248 1655 patientiae
1272 1599 1487 1640 radicibus

159 1661 378 1702 niteretur.
441 1661 578 1709 Quare
604 1661 688 1702 ista
714 1660 917 1714 condicio,
948 1659 1119 1712 iudices,
1150 1660 1386 1712 respuatur,
1411 1671 1488 1698 nec

161 1718 370 1761 Catilinae
402 1719 706 1759 familiaritatis
739 1719 897 1760 crimen
928 1717 1119 1770 haereat3
1150 1719 1215 1757 est
1239 1716 1352 1756 enim
1379 1730 1488 1757 com-

161 1791 287 1818 mune
314 1792 410 1818 cum
434 1777 580 1817 multis
607 1780 649 1817 et
675 1791 770 1818 cum
795 1776 1048 1831 quibusdam
1073 1775 1203 1815 etiam
1228 1774 1364 1815 bonis.
1418 1772 1487 1814 Me

160 1849 322 1889 ipsum,
352 1849 431 1888 me,
462 1835 646 1889 inquam,
678 1835 889 1889 quondam
919 1847 1051 1888 paene
1081 1833 1153 1873 ille
1185 1832 1362 1885 decepit,
1394 1845 1489 1872 cum

110 1905 145 1930 80
164 1897 208 1934 et
251 1893 354 1935 civis
397 1893 503 1934 mihi
539 1893 675 1934 bonus
713 1895 756 1933 et
793 1892 958 1946 optumi
995 1891 1196 1944 cuiusque
1235 1889 1410 1943 cupidus
1448 1891 1492 1930 et

164 1952 312 1993 firmus
344 1952 504 1992 amicus
537 1965 584 1992 ac
615 1950 752 1992 fidelis
783 1950 1013 2003 videretur3
1046 1949 1164 1990 cuius
1195 1961 1275 2002 ego
1300 1947 1491 1988 facinora

166 2010 300 2052 oculis
336 2010 456 2064 prius
493 2023 619 2063 quam
657 2008 872 2063 opinione,
910 2007 1106 2049 manibus
1138 2008 1235 2047 ante
1268 2019 1394 2060 quam
1425 2018 1492 2046 su-

165 2068 353 2123 spicione
391 2067 656 2122 deprehendi.
717 2066 848 2108 Cuius
884 2066 930 2107 in
966 2065 1133 2120 magnis
1172 2063 1352 2105 catervis
1390 2063 1492 2103 ami-

166 2141 313 2168 corum
337 2126 374 2168 si
399 2126 483 2167 fuit
507 2126 636 2167 etiam
662 2124 841 2179 Caelius,
873 2124 1010 2178 magis
1037 2126 1102 2164 est
1125 2125 1173 2164 ut
1197 2122 1287 2176 ipse
1313 2121 1490 2162 moleste

112 2195 146 2221 36
166 2185 276 2226 ferat
301 2199 462 2226 errasse
489 2198 545 2238 se,
572 2183 698 2225 sicuti
722 2197 809 2224 non
832 2196 1064 2236 numquam
1088 2181 1134 2222 in
1154 2180 1300 2221 eodem
1318 2179 1490 2220 homine

166 2257 233 2284 me
266 2258 431 2298 quoque
464 2242 619 2284 erroris
650 2241 734 2282 mei
765 2241 965 2296 paenitet,
998 2254 1124 2295 quam
1155 2241 1204 2280 ut
1233 2238 1358 2279 istius
1391 2237 1492 2278 ami-

166 2301 291 2343 citiae
323 2301 483 2343 crimen
513 2299 770 2342 reformidet.
