1671 2543
515 55 615 90 CAP.
642 59 781 90 21—23
808 59 826 98 g
853 57 1002 90 50—55.
1344 53 1428 95 183

94 164 263 219 quando
289 164 461 219 quidem
487 164 646 205 amisso
674 163 863 204 exercitu
882 163 990 204 nihil
1016 163 1229 204 incolume
1257 162 1430 203 domum

93 225 263 278 praeter
289 238 336 265 os
356 223 463 264 illud
482 225 606 264 tuum
625 222 857 276 pristinum
877 221 1097 263 rettulisti.
1140 221 1222 270 Qui
1242 221 1429 275 primum

94 297 178 336 qua
214 282 380 324 veneris
419 297 516 323 cum
549 281 754 322 laureatis
787 281 874 321 tuis
906 280 1150 334 lictoribus,
1190 280 1284 334 quis
1319 279 1429 320 scit‘?

95 341 211 390 Quos
233 344 281 382 tu
300 340 567 394 Maeandros,
594 340 695 381 dum
716 340 854 380 omnis
876 339 1127 381 solitudines
1148 338 1430 393 persequeris,

59 411 76 437 5
97 414 202 454 quae
229 400 488 441 deverticula
512 399 801 452 flexionesque
829 398 1063 452 quaesisti?
1091 398 1204 452 quod
1229 400 1272 438 te
1295 396 1431 438 muni-

95 459 254 512 cipium
268 458 388 513 vidit,
409 458 503 512 quis
519 458 680 499 amicus
696 457 907 511 invitavit,
923 457 1018 511 quis
1032 456 1189 511 hospes
1206 455 1429 510 adspexit?

92 516 246 558 Nonne
280 517 361 558 tibi
391 532 477 558 nox
509 519 601 558 erat
631 531 709 571 pro
743 516 822 569 die,
855 516 1041 557 solitudo
1070 530 1148 570 pro
1175 514 1430 569 frequentia,

94 590 286 630 caupona
308 590 384 630 pro
405 575 574 630 oppido,
599 589 686 616 non
704 578 754 615 ut
773 574 910 616 redire
931 589 981 616 ex
999 573 1252 616 Macedonia
1269 573 1429 615 nobilis

91 634 344 689 imperator,
383 635 455 676 sed
489 637 539 675 ut
570 637 766 675 mortuus
798 633 971 674 infamis
1004 633 1155 674 ecferri
1184 631 1430 674 videretur?

40 705 74 731 ιο
93 692 276 734 Romam
307 707 406 734 vero
436 693 587 747 ipsam,
620 707 643 733 o
671 692 858 733 familiae
884 707 971 734 non
997 692 1135 733 dicam
1162 691 1430 745 Calpurniae,
1445 689 1502 731 23

94 752 166 793 sed
187 751 445 805 Calventiae,
471 766 608 805 neque
634 751 760 792 huius
783 751 915 805 urbis,
942 751 1015 792 sed
1034 750 1276 792 Placentini
1295 749 1431 791 muni-

94 811 207 865 cipii,
238 825 374 865 neque
406 810 576 865 paterni
608 810 789 865 generis,
821 810 894 851 sed
926 810 1125 851 bracatae
1159 808 1430 864 cognationis

93 869 293 911 dedecus!
327 884 453 923 quem
483 869 535 910 ad
561 869 736 910 modum
762 869 982 923 ingressus
1009 869 1082 909 es‘?
1116 868 1210 922 quis
1236 867 1318 908 tibi
1343 881 1431 908 non

93 928 232 969 dicam
262 927 417 969 horum
450 931 524 969 aut
554 927 711 969 civium
737 930 988 981 ceterorum,
1021 927 1094 968 sed
1119 929 1292 968 tuorum
1317 926 1430 980 lega·

41 997 73 1024 15
93 992 237 1028 torum
276 987 446 1028 obviam
483 986 628 1027 venit?
689 985 858 1027 Mecum
895 986 1008 1027 enim
1045 985 1092 1027 L.
1127 985 1325 1038 Flaccus,
1362 984 1428 1025 vir
1442 990 1487 1022 54

93 1048 169 1086 tua
199 1045 415 1100 legatione
448 1045 774 1100 indignissimus
807 1047 933 1098 atque
959 1045 1012 1085 iis
1040 1044 1241 1097 consiliis,
1275 1043 1430 1097 quibus

93 1118 259 1145 mecum
297 1104 342 1144 in
380 1104 606 1145 consulatu
643 1118 737 1144 meo
777 1104 1028 1144 coniunctus
1067 1102 1150 1143 fuit
1181 1103 1234 1143 ad
1266 1115 1431 1143 conser-

93 1163 275 1204 vandam
301 1177 391 1203 rem
420 1163 650 1217 publicam,
681 1162 863 1217 dignior,
895 1176 1063 1203 mecum
1088 1161 1171 1202 fuit
1198 1164 1302 1214 tum,
1335 1174 1431 1201 cum

93 1224 136 1262 te
169 1221 343 1275 quidam
374 1236 461 1262 non
485 1221 612 1276 longe
640 1235 665 1261 a
688 1224 816 1274 porta
842 1235 938 1261 cum
963 1220 1190 1262 lictoribus
1218 1221 1431 1260 errantem

41 1292 75 1316 20
94 1281 233 1321 visum
259 1294 351 1321 esse
376 1282 588 1334 narraret3
615 1280 703 1321 scio
729 1279 835 1320 item
859 1280 998 1320 virum
1023 1279 1181 1320 fortem
1203 1278 1249 1319 in
1267 1277 1430 1332 primis,

92 1339 197 1380 belli
219 1353 267 1380 ac
288 1338 349 1380 rei
370 1339 569 1380 militaris
588 1338 786 1392 peritum,
806 1338 1062 1379 familiarem
1082 1352 1236 1391 meum,
1258 1337 1306 1386 Q.
1320 1335 1431 1377 Mar-

94 1398 218 1450 cium,
246 1412 427 1451 quorum
452 1399 501 1438 tu
526 1397 770 1452 legatorum
798 1411 927 1451 opera
946 1397 991 1437 in
1010 1396 1174 1450 proelio
1194 1396 1431 1449 imperator

95 1456 335 1510 appellatus
368 1470 472 1509 eras,
508 1470 604 1497 cum
635 1456 763 1511 longe
797 1455 989 1509 afuisses,
1021 1456 1205 1496 adventu
1236 1455 1321 1496 isto
1354 1456 1430 1494 tuo

94 1514 209 1555 domi
239 1514 371 1556 fuisse
404 1515 602 1556 otiosum.
660 1513 743 1555 Sed
769 1514 869 1568 quid
896 1528 975 1569 ego
1003 1528 1216 1567 enumero,
1249 1513 1321 1567 qui
1347 1511 1428 1553 tibi
1443 1515 1519 1561 (55)

41 1584 75 1610 25
96 1573 267 1614 obviam
285 1587 372 1614 non
391 1573 614 1614 venerint?
639 1573 742 1627 quin
762 1573 856 1614 dico
876 1573 1042 1614 venisse
1062 1587 1195 1627 paene
1214 1572 1430 1613 neminem
1444 1578 1488 1609 55

92 1646 146 1672 ne
172 1631 222 1672 de
249 1631 564 1672 officiosissima
590 1632 761 1685 quidem
783 1631 956 1672 natione
978 1631 1312 1683 candidatorum,
1332 1644 1429 1671 cum

93 1690 223 1744 vulgo
252 1692 394 1730 essent
421 1692 463 1730 et
487 1690 562 1730 illo
586 1690 680 1743 ipso
701 1692 744 1730 et
763 1690 911 1730 multis
932 1692 1030 1729 ante
1051 1689 1199 1730 diebus
1221 1688 1429 1729 admoniti

95 1750 138 1789 et
157 1748 329 1803 rogati?
355 1747 544 1802 Togulae
559 1748 784 1789 lictoribus
801 1748 853 1789 ad
867 1750 1037 1801 portam
1050 1750 1222 1801 praesto
1238 1746 1430 1800 fuerunt3

95 1807 250 1860 quibus
282 1806 346 1847 illi
379 1806 565 1859 acceptis
597 1806 748 1861 sagula
777 1806 1027 1858 reiecerunt,
1060 1808 1274 1846 catervam
1300 1805 1430 1858 impe-

41 1877 76 1902 30
95 1865 230 1906 ratori
250 1879 326 1906 suo
346 1879 503 1905 novam
522 1865 822 1918 praebuerunt.
863 1863 932 1905 Sic
951 1864 1032 1905 iste
1054 1878 1079 1904 a
1098 1866 1219 1904 tanto
1241 1863 1430 1904 exercitu

95 1926 239 1964 tantae
265 1923 509 1977 provinciae
535 1923 720 1964 triennio
746 1924 845 1976 post
870 1921 1171 1964 Macedonicus
1197 1922 1431 1975 imperator

94 1983 139 2024 in
165 1982 316 2023 urbem
336 1996 380 2023 se
400 1981 559 2034 intulit,
585 1983 633 2022 ut
651 1981 811 2022 nullius
831 1981 1115 2036 negotiatoris
1138 1979 1432 2022 obscurissimi

95 2041 258 2082 reditus
297 2055 501 2094 umquam
535 2039 666 2080 fuerit
697 2039 917 2080 desertior.
978 2038 1030 2080 In
1063 2053 1145 2093 quo
1177 2053 1245 2080 me
1277 2041 1432 2093 tamen,

97 2099 170 2153 qui
191 2101 304 2140 esset
322 2101 498 2153 paratus
520 2099 570 2139 ad
592 2112 636 2139 se
656 2097 976 2151 defendendum,
1002 2097 1285 2151 reprehendit.
1324 2096 1433 2138 Cum

42 2169 76 2194 35
96 2171 175 2213 ego
199 2159 330 2210 [eum]
348 2157 672 2200 Caelimontana
687 2158 845 2210 [porta]
861 2156 1061 2197 introisse
1076 2156 1289 2209 dixissem,
1310 2169 1433 2209 spon-

96 2217 213 2258 sione
233 2230 313 2270 me,
340 2217 386 2257 ni
405 2216 633 2270 Esquilina
652 2215 886 2269 introisset,
910 2215 1039 2256 homo
1059 2217 1284 2268 promptus
1303 2214 1433 2255 laces-

95 2274 214 2329 sivit3
245 2275 368 2329 quasi
393 2289 493 2316 vero
520 2274 562 2315 id
589 2276 662 2315 aut
683 2287 761 2329 ego
783 2273 890 2315 scire
912 2273 1130 2314 debuerim
1151 2275 1224 2314 aut
1243 2275 1434 2314 vestrum
