1671 2543
570 89 673 124 ΩΑΡ.
699 94 791 124 4-6
817 94 836 133 g
864 94 1011 125 10—16.
1371 90 1459 131 463

117 197 414 254 inpudentiam
456 198 769 240 incredibilem!
843 198 1084 240 Tantumne
1135 197 1218 240 sibi
1262 200 1458 252 sumpsit,

120 258 221 312 quia
245 257 425 313 Mylasis
457 257 674 312 myrmillo
704 257 939 299 Thraecem
965 257 1177 314 iugulavit
1201 256 1459 298 familiarem

119 316 276 358 suum‘?
321 331 508 371 quonam
551 316 677 358 modo
722 316 855 357 istum
899 316 1009 358 ferre
1053 330 1297 371 possemus,
1341 316 1377 357 si
1415 316 1459 356 in

118 375 201 417 hoc
237 375 331 418 foro
370 375 665 430 spectantibus
703 375 825 416 vobis
858 375 1176 431 depugnasset?
1239 373 1321 416 Sed
1352 374 1459 416 haec

82 446 99 472 5
119 449 205 476 una
231 436 394 488 statua;
423 434 559 476 altera
583 435 634 476 ab
659 434 877 488 equitibus
903 433 1111 475 Romanis
1138 448 1246 488 equo
1271 433 1459 489 publico,

120 493 193 548 qui
230 493 337 535 item
375 493 597 535 ascribunt
635 492 895 535 ‘PATRONO'.
959 492 1095 542 Quem
1132 507 1338 547 umquam
1375 492 1459 533 iste

119 551 223 594 ordo
254 555 487 606 patronum
518 551 772 606 adoptavit?
824 550 870 593 Si
903 566 1173 606 quemquam,
1205 551 1354 593 debuit
1379 565 1458 592 me.

120 609 203 652 Sed
234 625 302 652 me
334 611 508 666 omitto3
543 625 670 665 quem
702 625 934 665 censorem
967 625 1093 676 quem
1123 609 1459 664 imperatorem?

118 669 287 725 Agrum
317 669 371 711 iis
404 670 562 711 divisit.
613 669 647 711 O
677 670 883 724 smdidos,
916 669 989 723 qui
1016 670 1270 723 acceperint,
1301 669 1458 723 impro-
1473 676 1517 706 14

67 742 99 766 ιο
118 729 241 794 bum,
266 728 338 783 qui
370 729 549 770 dederit!
601 727 856 770 Statuerunt
885 729 1016 769 etiam
1042 728 1205 769 tribuni
1232 727 1527 782 militares,(14]

120 787 193 841 qui
230 787 276 828 in
313 788 502 830 exercitu
540 786 735 829 Caesaris
774 788 840 828 bis
877 786 1062 828 fuer.unt
1130 785 1234 835 Quis
1272 789 1340 828 est
1375 786 1458 828 iste

119 845 253 888 ordo?
319 845 449 887 Multi
491 845 666 888 fuerunt
710 846 858 887 multis
902 846 947 887 in
990 845 1234 901 legionibus
1276 859 1355 900 per
1391 847 1460 886 tot

119 919 267 946 annos.
312 903 372 946 Iis
399 919 567 960 quoque
594 905 741 946 divisit
768 903 1022 946 Semurium.
1032 880 1248 959 DCampus
1274 903 1459 945 Martius

118 964 331 1018 restabat,
373 964 458 1005 nisi
501 964 620 1018 prius
666 978 763 1005 cum
798 963 931 1004 fratre
969 963 1166 1019 fugisset.
1235 961 1318 1004 Sed
1354 963 1460 1004 haec

0 1019 1 1059 ξ
66 1036 99 1062 15
120 1036 324 1077 agrorum
356 1023 599 1078 adsignatio
631 1023 759 1076 paulo
793 1025 903 1076 ante,
939 1021 1140 1076 Quirites,
1171 1021 1218 1063 L.
1251 1020 1460 1075 Caesaris,

119 1081 349 1122 clarissimi
385 1081 467 1122 viri
505 1084 548 1122 et
579 1081 944 1135 praestantissimi
977 1080 1206 1135 senatoris,
1245 1080 1461 1122 sententia

118 1140 330 1182 dissoluta
374 1142 458 1193 est3
501 1139 601 1181 huic
645 1140 759 1181 enim
803 1140 972 1181 adsensi
1016 1139 1323 1194 septemvirum
1364 1141 1461 1180 acta

119 1198 385 1240 sustulimus.
434 1198 583 1240 Iacent
613 1199 820 1240 beneficia
851 1198 1056 1252 Nuculae,
1087 1197 1221 1253 friget
1250 1200 1459 1252 patronus

118 1257 346 1298 Antonius.
396 1256 510 1298 Nam
529 1271 799 1311 possessores
827 1257 969 1298 animo
996 1257 1195 1311 aequiore
1222 1256 1460 1311 discedent3

66 1329 100 1355 20
118 1316 282 1358 nullam
300 1316 524 1370 inpensam
543 1315 745 1370 fecerant,
765 1316 955 1357 nondum
973 1316 1280 1369 instruxerant,
1298 1315 1460 1370 partim

120 1375 221 1429 quia
246 1389 335 1416 non
359 1374 641 1429 confidebant,
672 1375 832 1429 partim
860 1375 960 1429 quia
983 1389 1070 1416 non
1094 1374 1325 1415 habebant.
1378 1373 1460 1415 Sed

118 1434 195 1474 1113
220 1436 366 1475 statua
389 1434 607 1488 palmaris,
634 1434 683 1474 de
711 1448 806 1488 qua,
832 1434 869 1475 si
888 1433 1067 1475 meliora
1086 1435 1285 1487 tempora
1304 1436 1460 1487 essent,

119 1506 207 1533 non
247 1506 420 1546 possem
464 1493 554 1533 sine
592 1492 683 1533 risu
721 1492 877 1534 dicere:
922 1491 984 1533 eL.
1021 1491 1240 1533 ANTONIO
1274 1503 1304 1533 A
1340 1491 1458 1533 IANO

119 1561 266 1592 MEDIO
299 1549 543 1592 PATRON0.'
594 1550 746 1592 Itane?
795 1551 925 1592 Ianus
957 1551 1122 1591 medius
1151 1551 1197 1591 in
1221 1549 1269 1591 L.
1294 1549 1459 1592 Antoni

66 1628 100 1652 25
121 1609 319 1651 clientela
351 1609 445 1649 est‘?
499 1609 603 1657 Quis
634 1624 840 1663 umquam
865 1610 911 1650 in
935 1609 1011 1650 illo
1038 1609 1142 1649 Iano
1169 1608 1368 1650 inventus
1395 1611 1460 1650 est

1487 1382 1527 1413 15

121 1667 193 1722 qui
225 1667 271 1708 L.
297 1667 488 1708 Antonio
515 1667 631 1708 mille
656 1682 880 1708 nummum
905 1667 1037 1708 ferret
1063 1667 1325 1720 expensum?
1377 1666 1500 1709 Sed6

114 1727 247 1768 nimis
273 1726 411 1767 multa
436 1726 485 1766 de
511 1725 657 1780 nugis3
682 1726 735 1766 ad
762 1740 933 1767 causam
952 1726 1198 1778 bellumque
1219 1725 1460 1779 redeamus3

121 1799 380 1840 quamquam
404 1798 491 1825 non
516 1783 703 1824 alienum
728 1783 811 1824 fuit
836 1797 1040 1837 personas
1067 1783 1272 1837 quasdam
1293 1798 1317 1824 a
1336 1784 1458 1825 vobis

120 1844 388 1899 recognosci,
425 1845 492 1897 ut,
524 1842 778 1896 quibuscum
809 1842 971 1883 bellum
1002 1845 1241 1897 gereretur,
1271 1842 1458 1896 possetis

68 1919 102 1944 30
120 1902 245 1943 taciti
277 1902 478 1957 cogitare.

208 1960 304 2015 Ego
332 1963 475 2001 autem
501 1973 576 2001 vos
601 1959 763 2012 hortor,
795 1958 995 2013 Quirites,
1021 1962 1082 2014 ut,
1109 1959 1279 2000 etiamsi
1306 1959 1458 2000 melius

122 2019 237 2060 aliud
267 2018 364 2071 fuit,
396 2021 540 2059 tamen
570 2018 813 2073 legatorum
841 2018 1026 2059 reditum
1053 2018 1287 2072 expectetis
1315 2018 1457 2059 animo

122 2091 269 2132 aequo.
332 2075 540 2118 Celeritas
579 2076 772 2117 detracta
809 2076 859 2117 de
898 2091 1025 2118 causa
1057 2079 1140 2131 est,
1178 2076 1282 2117 boni
1313 2078 1458 2117 tamen

122 2135 283 2190 aliquid
310 2135 490 2177 accessit
516 2135 568 2176 ad
595 2149 777 2176 causam.
817 2134 924 2176 Cum
950 2135 1063 2176 enim
1088 2134 1222 2189 legati
1244 2135 1458 2175 renuntia·
1475 2143 1516 2174 16

69 2211 103 2236 ³5
121 2195 221 2249 rint,
253 2194 366 2248 quod
392 2196 506 2235 certe
531 2193 849 2247 renuntiabunt,
880 2208 967 2234 non
990 2193 1036 2234 in
1060 2196 1204 2234 vestra
1228 2195 1457 2247 potestate,

120 2267 208 2294 non
235 2253 281 2294 in
306 2255 480 2294 senatus
507 2266 597 2293 esse
623 2251 873 2303 Antonium,
907 2251 1001 2305 quis
1028 2251 1109 2292 erit
1135 2255 1225 2292 tam
1250 2251 1457 2306 inprobus

123 2311 245 2365 civis,
277 2311 350 2366 qui
381 2311 504 2352 illum
536 2311 670 2352 civem
701 2310 945 2351 habendum
974 2311 1127 2364 putet?
1188 2309 1313 2351 Nunc
1345 2312 1453 2351 enirn
