1671 2543
563 119 664 155 CAP.
693 124 782 155 7-9
810 124 828 163 g
857 124 1004 156 17—23.
1383 122 1470 165 289

118 228 203 293 ipsi
238 230 329 269 tam
360 227 618 281 beneficum,
656 230 747 269 tam
780 228 1031 283 salutarem,
1069 231 1162 271 tam
1193 233 1468 272 mansuetum

119 286 254 328 civem
281 286 536 328 desiderant.
582 285 683 327 Non
708 286 793 327 fuit
818 301 868 328 ea
894 302 1033 342 631133,
1058 287 1233 343 iudices,
1258 288 1468 345 profecto,
1481 296 1523 327 21

117 359 205 386 non
254 344 356 399 fuit,
406 359 480 386 cur
527 344 611 386 sibi
655 348 848 387 censeret
891 345 1123 401 Pompeius
1169 348 1466 402 quaestionem

118 379 356 458 ferendam:
400 403 474 445 sed
522 403 652 445 homo
704 404 875 458 sapiens
926 407 1055 459 atque
1102 405 1193 447 alta
1236 408 1280 447 et
1323 406 1467 448 divina

82 477 98 504 5
119 462 304 516 quadam
335 465 478 503 mente
506 462 727 516 praeditus
754 463 893 504 multa
917 463 1040 505 vidit:
1073 463 1206 506 fuisse
1230 464 1356 506 illum
1382 465 1467 506 sibi

118 521 359 575 inimicum,
391 520 650 562 familiarem
682 520 907 576 Milonem,
945 522 990 563 in
1022 523 1239 564 communi
1272 524 1465 565 omnium

117 579 287 621 laetitia
324 579 361 621 si
398 579 531 621 etiam
566 580 659 634 ipse
698 580 923 635 gauderet,
962 580 1127 635 timuit,
1164 596 1216 623 ne
1248 582 1467 624 videretur

116 638 329 680 infirmior
359 638 465 679 fides
497 638 799 680 reconciliatae
829 638 1008 694 gratiae.
1057 638 1198 681 Multa
1223 640 1355 682 etiam
1381 641 1466 682 alia

116 697 236 751 vidit,
263 697 336 738 sed
361 697 468 738 illud
493 697 691 751 maxime,
717 698 913 751 quamvis
940 698 1147 739 atrociter
1166 698 1258 752 ipse
1278 699 1465 755 tulisset,

34 771 99 796 ,ιο
117 769 194 798 vos
244 758 391 797 tamen
439 755 613 797 fortiter
659 756 937 798 iudicaturos.
1010 755 1164 810 Itaque
1209 757 1370 813 delegit
1413 773 1465 800 ex

116 814 437 856 florentissimis
465 814 686 856 ordinibus
713 814 809 868 ipsa
834 815 1010 869 lumina,
1040 829 1178 869 neque
1204 829 1318 870 vero,
1351 817 1465 870 quod

115 887 203 914 non
233 873 343 914 nulli
376 873 591 927 dictitant,
624 873 807 914 secrevit
831 873 877 914 in
902 873 1116 915 iudicibus
1142 873 1335 929 legendis
1362 875 1464 916 ami-

117 946 190 973 cos
226 945 356 973 meos.
417 930 569 986 Neque
602 931 716 972 enim
747 931 829 973 hoc
861 931 1071 987 cogitavit
1102 932 1168 972 vir
1197 933 1463 975 iustissimus

115 1005 253 1044 neque
300 991 346 1031 in
387 990 513 1031 bonis
557 989 660 1031 viris
703 990 896 1045 legendis
940 990 983 1031 id
1026 990 1198 1044 assequi
1234 992 1465 1046 potuisset,

64 1063 97 1089 15
117 1048 289 1090 etiamsi
328 1048 529 1103 cupisset.
594 1047 696 1090 Non
733 1048 847 1089 enim
885 1063 979 1090 mea
1017 1049 1160 1104 gratia
1196 1048 1465 1091 familiarita-

116 1108 233 1149 tibus
255 1107 511 1161 continetur,
532 1121 639 1161 quae
659 1107 746 1148 late
759 1110 907 1161 patere
921 1122 1007 1149 non
1020 1110 1215 1162 possunt,
1234 1111 1465 1162 propterea

117 1166 230 1220 quod
251 1165 580 1208 consuetudines
601 1165 740 1207 victus
760 1180 848 1207 non
866 1168 1050 1220 possunt
1069 1180 1162 1208 esse
1184 1181 1281 1208 cum
1296 1167 1464 1223 multis3

116 1225 201 1278 sed,
233 1225 270 1266 si
303 1225 404 1279 quid
435 1238 678 1279 possumus,
711 1238 762 1265 ex
794 1238 843 1266 eo
875 1239 1117 1279 possumus,
1150 1226 1264 1279 quod
1295 1240 1363 1267 res
1389 1241 1464 1280 pu·

114 1283 229 1325 blica
265 1297 344 1325 nos
384 1283 606 1325 coniunxit
643 1297 741 1338 611111
774 1282 912 1324 bonis
973 1283 1040 1324 Ex
1073 1283 1228 1337 quibus
1260 1284 1333 1325 ille
1367 1299 1463 1326 cum

62 1357 96 1382 20
116 1341 304 1398 optimos
342 1342 458 1383 viros
496 1342 659 1397 legeret
695 1336 823 1396 idque
861 1341 1045 1383 maxime
1084 1342 1137 1383 ad
1173 1342 1302 1383 fidem
1340 1357 1463 1384 suam

113 1400 328 1454 pertinere
356 1400 653 1454 arbitraiQetur
680 1415 767 1441 non
792 1400 937 1454 potuit
962 1400 1105 1455 legere
1130 1415 1219 1442 non
1245 1401 1461 1443 studiosos

115 1458 210 1500 11161.
273 1458 396 1508 Quod
427 1458 527 1500 vero
560 1461 628 1513 te,-
630 1457 693 1510 L.
724 1457 904 1513 Domiti,
934 1458 1034 1501 huic
1068 1459 1311 1513 quaestioni
1342 1474 1460 1514 prae—
1475 1464 1519 1494 22

115 1530 207 1557 esse
234 1517 418 1558 maxime
444 1517 594 1569 voluit,
605 1492 727 1558 nihil
755 1517 967 1571 quaesivit
994 1517 1109 1558 aliud
1130 1517 1215 1559 11131
1234 1518 1462 1573 iustitiam,

115 1574 388 1630 gravitatem,
405 1551 746 1628 humanitatem,
771 1576 912 1617 fidem.
961 1575 1092 1629 Tulit,
1117 1578 1167 1617 ut
1193 1552 1462 1617 consulareni

63 1648 96 1674 25
115 1647 289 1674 necesse
316 1635 441 1687 esset,
467 1634 605 1688 credo,
631 1609 746 1687 quod
770 1634 1014 1687 principum
1039 1648 1194 1675 munus
1221 1648 1314 1675 esse
1340 1635 1462 1676 duce-

114 1692 192 1732 bat
234 1691 434 1732 resistere
479 1693 522 1732 et
564 1691 734 1732 levitati
777 1691 1068 1732 multitudinis
1113 1694 1157 1732 et
1193 1692 1462 1746 perditorum

114 1749 365 1790 temeritati.
432 1748 499 1790 Ex
544 1749 840 1790 consularibus
885 1752 928 1790 te
967 1749 1128 1791 creavit
1165 1750 1461 1804 potissimum,

114 1808 291 1849 dederas
331 1807 463 1861 enim,
502 1820 631 1860 quam
669 1810 963 1848 contemneres
994 1807 1225 1872 populares
1258 1808 1461 1862 insanias,

120 1866 208 1907 iam
252 1866 304 1907 ab
345 1865 635 1906 adulescentia
672 1865 928 1906 documenta
965 1865 1162 1906 maxima.
1475 1891 1500 1931 9

61 1940 96 1966 30
206 1923 344 1972 Quam
360 1924 414 1964 ob
430 1937 532 1977 rem,
546 1923 706 1964 iudices
710 1923 1019 1988 ,utaliquando
1034 1923 1270 1964 adcausam
1285 1923 1461 1965 crimen·
1475 1951 1517 1982 23

115 1996 197 2036 que
211 1982 444 2035 veniamus,
466 1981 502 2022 si
514 1995 651 2035 neque
668 1981 806 2022 omnis
823 1981 1034 2022 confessio
1049 1981 1154 2022 facti
1172 1984 1238 2023 est
1251 1981 1462 2023 inusitata

113 2055 251 2095 neque
284 2041 334 2082 de
367 2054 496 2081 causa
525 2042 676 2080 nostra
708 2039 937 2093 quicquam
970 2040 1114 2093 aliter,
1146 2054 1195 2080 ac
1225 2054 1305 2081 nos
1337 2041 1463 2082 velle-

114 2113 228 2153 mus,
260 2114 285 2140 a
317 2101 469 2140 senatu
500 2098 737 2139 iudicatum
769 2101 836 2138 est
867 2100 910 2139 et
941 2098 1054 2139 lator
1085 2098 1178 2152 ipse
1209 2098 1332 2152 legis,
1364 2113 1462 2140 cum

114 2160 229 2198 esset
272 2156 566 2199 controversia
605 2156 724 2197 nulla
760 2155 882 2210 facti,
925 2156 1031 2197 iuris
1070 2158 1216 2197 tamen
1252 2156 1461 2210 discepta-

61 2230 95 2256 35
114 2215 278 2257 tionem
308 2230 400 2257 esse
427 2215 566 2256 voluit
592 2217 635 2255 et
661 2214 698 2255 ei
724 2214 827 2255 lecti
852 2214 1012 2256 iudices
1038 2214 1161 2268 isque
1186 2215 1461 2269 praepositus

113 2277 171 2314 est
206 2274 468 2327 quaestioni,
507 2273 581 2327 qui
616 2272 722 2314 haec
757 2272 870 2314 iuste
903 2273 1203 2327 sapienterque
1237 2273 1460 2327 disceptet,

113 2331 328 2385 reliquum
371 2335 454 2386 est,
498 2331 677 2385 iudices,
719 2333 770 2372 ut
810 2331 919 2372 m'hil
964 2331 1050 2372 iam
1095 2345 1299 2385 quaerere
1344 2332 1460 2374 aliud

185 2399 256 2426 010.
277 2400 318 2426 11.
338 2401 363 2426 3.
1204 2403 1247 2434 19
