1671 2543
570 84 673 121 CAP.
699 88 790 120 3—5
815 89 835 128 ς
862 90 987 120 7--14.
1361 86 1448 128 335

191 192 354 247 Arguis
401 191 620 233 fatentem.
695 191 796 233 Non
839 195 906 233 est
950 192 1074 247 satis3
1119 207 1293 234 accusas
1338 207 1446 247 eum,

99 250 173 304 qui
211 264 384 292 causam
420 250 554 291 habet
585 253 679 304 aut,
715 253 765 291 ut
797 264 876 305 ego
909 251 1023 305 dico,
1060 251 1283 292 meliorem
1316 265 1446 305 quam

97 312 147 349 tu
167 311 253 362 aut,
278 311 328 350 ut
347 311 396 350 tu
414 308 492 362 vis,
515 323 674 362 parem.
722 308 842 350 Haec
863 309 1144 363 admirabilia,
1164 309 1238 350 sed
1256 306 1448 364 prodigii*
1461 317 1499 347 11

100 367 240 408 31111110
285 369 368 421 est,
412 366 526 421 quod
569 366 719 408 dicam.
788 366 889 408 Non
930 367 1062 408 habet
1103 382 1197 409 eam
1234 368 1322 409 vim
1358 368 1446 409 ista

62 436 79 462 5
100 425 329 478 accusatio,
360 427 409 466 ut
436 424 484 474 Q.
510 424 710 480 Ligarius
738 425 1055 479 condemnetur,
1084 426 1158 467 sed
1183 428 1232 467 ut
1256 429 1443 467 necetur.

97 482 193 525 Hoc
231 483 322 539 egit
360 483 464 525 civis
504 482 725 525 Romanus
764 486 863 524 ante
901 486 944 524 te
981 498 1126 538 nemo3
1165 484 1332 525 externi
1368 484 1444 525 isti

98 555 238 583 mores
273 543 425 595 [usque
458 541 511 582 ad
550 542 802 597 sanguinem
839 542 1011 583 incitari
1046 542 1186 583 solent
1219 543 1333 595 odio]
1369 545 1445 583 aut

98 599 257 642 levium
290 599 552 642 Graecorum
590 603 664 641 aut
702 600 939 641 inmanium
976 600 1271 642 barbarorum.
1329 599 1444 642 Nam

99 658 202 712 quid
233 658 325 714 agis
357 658 502 699 aliud?
563 658 727 700 Romae
757 673 810 700 ne
844 659 918 712 sit,
957 662 1006 699 ut
1038 659 1163 700 domo
1197 662 1357 713 careat,
1390 674 1444 700 ne

46 727 80 752 10
100 731 198 758 cum
229 716 406 771 optimis
437 716 657 770 fratribus,
687 731 740 758 ne
774 731 870 758 cum
901 717 983 758 hoc
1014 716 1059 758 T.
1091 716 1286 758 Broccho
1317 732 1445 758 avun-

99 775 214 828 culo,
251 789 304 815 ne
337 789 434 817 011111
465 775 556 816 01113
588 775 678 816 filio
712 775 968 816 consobrino
1002 789 1097 829 suo,
1134 789 1186 816 ne
1217 775 1444 816 nobiscum

98 833 228 886 vivat,
257 847 311 874 ne
344 833 403 874 sit
433 833 479 874 in
508 834 680 887 patria?
736 833 853 874 Num
885 836 962 887 est,
993 848 1097 874 num
1128 836 1273 887 potest
1305 833 1444 887 magis

100 905 242 932 carere
285 891 354 932 his
393 891 611 945 omnibus,
655 906 784 945 quam
823 892 968 933 caret‘?
1012 891 1142 932 Italia
1177 891 1445 945 prohibetur,

100 949 256 990 exulat.
317 948 419 990 Non
449 952 499 990 tu
529 964 631 1004 ergo
662 950 776 991 hunc
807 950 949 1003 patria
979 950 1164 1004 privare,
1200 964 1284 1002 qua
1317 952 1444 1002 caret,

47 1017 80 1044 15
101 1007 174 1048 sed
199 1007 291 1048 vita
315 1007 392 1048 vis.
444 1007 503 1048 At
527 1007 645 1048 istud
663 1022 716 1049 ne
737 1008 848 1061 apud
869 1022 965 1048 eum
986 1008 1158 1061 quidem
1177 1007 1444 1060 dictatorem,
1461 1016 1503 1046 12

100 1065 174 1119 qui
212 1079 377 1119 omnes,
419 1079 525 1119 quos
564 1066 730 1119 oderat,
768 1068 906 1107 morte
945 1066 1177 1119 multabat,
1216 1065 1444 1119 quisquam

101 1123 191 1178 egit
222 1123 308 1164 isto
341 1124 479 1165 modo.
534 1123 632 1178 Ipse
664 1124 842 1165 iubebat
874 1123 1008 1165 occidi
1038 1124 1157 1164 nullo
1183 1123 1445 1177 postulante,

100 1182 303 1235 praemiis
345 1182 477 1222 etiam
513 1182 746 1236 invitabat,
790 1196 898 1236 quae
937 1185 1083 1223 tamen
1121 1182 1350 1223 crudelitas
1391 1182 1443 1222 ab

99 1239 183 1281 hoc
209 1240 357 1281 eodem
383 1240 550 1293 aliquot
577 1241 698 1281 anm's
724 1243 835 1294 post,
865 1254 993 1294 quem
1018 1242 1067 1281 tu
1090 1254 1203 1280 nunc
1231 1239 1444 1281 crudelem

49 1315 83 1340 20
102 1311 194 1339 esse
225 1298 303 1352 vis,
309 1302 316 1310 ¹
334 1298 550 1339 vindicata
581 1298 824 1353 est..-‘Ego
857 1313 956 1339 vero
989 1297 1106 1339 istud
1130 1312 1217 1339 non
1242 1297 1444 1362 postulo',
1459 1298 1487 1339 5

100 1356 312 1410 inquies.
336 1355 406 1397 Ita
437 1356 676 1398 mehercule
709 1356 921 1410 existimo,
953 1356 1135 1397 Tubero.
1191 1355 1306 1397 Novi
1332 1356 1445 1396 enim

102 1417 164 1467 te,
197 1414 313 1455 -novi
357 1417 544 1479 patrem,
592 1414 693 1456 novi
736 1415 910 1455 domum
951 1428 1192 1468 nomenque
1235 1416 1446 1467 vestrum·

103 1472 246 1512 studia
271 1473 449 1527 generis
463 1487 514 1514 ac
539 1472 727 1520 familiae
748 1475 915 1513 vestrae
935 1472 1122 1525 virtutis,
1148 1472 1446 1524 humanitatis,

104 1530 342 1583 doctrinae,
379 1530 662 1584 plurimarum
697 1531 855 1572 artium
888 1533 1016 1595 atque
1049 1530 1311 1584 optimarum
1340 1532 1446 1570 nota

51 1604 84 1630 25
104 1587 211 1628 mihi
250 1591 350 1628 sunt
389 1588 541 1628 omnia.
602 1588 754 1641 Itaque
793 1591 910 1629 certo
950 1588 1037 1629 scio
1075 1601 1150 1628 vos
1181 1601 1270 1628 non
1299 1590 1501 1641 petere13

105 1645 368 1699 sanguinem,
394 1645 468 1686 sed
491 1660 643 1699 parum
669 1646 902 1686 attenditis.
952 1645 1038 1686 Res
1062 1645 1175 1685 em‘m
1195 1659 1244 1686 eo
1267 1648 1446 1698 spectat,

104 1706 153 1744 ut
191 1717 240 1743 ea
276 1716 431 1756 poena,
468 1702 514 1743 in
551 1718 636 1756 qua
672 1703 809 1743 adhuc
842 1703 889 1751 Q.
921 1702 1120 1756 Ligarius
1159 1703 1234 1755 sit,
1270 1715 1358 1742 non
1389 1702 1447 1742 vi-

105 1761 290 1802 deamini
328 1774 419 1801 esse
456 1760 660 1801 contenti.
728 1760 843 1808 Quae
881 1762 946 1800 est
983 1760 1118 1814 igitur
1156 1759 1240 1799 alia
1276 1762 1448 1812 111-’301ῑο1

105 1818 318 1859 mortem?
370 1817 415 1858 Si
441 1818 554 1858 enim
576 1818 671 1858 est
660 1832 705 1858 m
724 1818 863 1870 exilio,
890 1817 1015 1858 sicuti
1036 1820 1113 1870 est,
1140 1817 1241 1870 quid
1262 1817 1446 1869 amplius

52 1894 87 1919 30
105 1875 368 1930 postulatis?
412 1890 466 1916 an
501 1890 555 1916 ne
586 1875 864 1929 ignoscatur?
907 1874 1002 1916 Hoc
1033 1888 1132 1916 vero
1165 1874 1302 1915 multo
1335 1888 1447 1914 acer-

105 1935 203 1975 bius
218 1933 439 1987 multoque
455 1936 521 1973 est
535 1933 690 1974 durius.
719 1932 842 1981 Quod
852 1947 929 1973 nos
947 1933 1096 1984 [domi]
1113 1932 1299 1986 petimus
1313 1932 1446 1985 preci-

106 1992 199 2045 bus,
230 1991 430 2040 lacrimis,
462 1991 589 2031 strati
620 1991 672 2031 ad
696 1990 836 2044 pedes,
866 2003 954 2031 non
979 1993 1069 2030 tam
1093 1992 1268 2031 nostrae
1295 2003 1446 2031 causae

107 2050 286 2091 fidentes
332 2063 460 2103 quam
502 2048 629 2089 huius
666 2048 944 2101 humanitati,
986 2048 1030 2089 id
1065 2062 1118 2088 ne
1155 2048 1447 2101 impetremus,

109 2107 377 2162 oppugnabis
422 2110 465 2147 et
507 2106 553 2147 in
593 2109 790 2147 nostrum
827 2106 977 2147 fletum
1019 2106 1236 2159 inrumpes
1281 2108 1325 2146 et
1366 2118 1445 2146 nos

54 2182 89 2208 35
108 2165 294 2207 iacentes
320 2165 373 2206 ad
396 2165 524 2219 pedes
552 2164 792 2218 supplicum
813 2177 915 2205 voce
935 2163 1214 2217 prohibebis?
1266 2162 1322 2216 Si,
1349 2177 1445 2204 cum
1462 2170 1505 2201 14

108 2223 191 2264 hoc
216 2224 332 2264 domi
356 2223 605 2272 faceremus,
635 2222 747 2275 quod
773 2224 816 2262 et
840 2221 1018 2262 fecimus
1045 2224 1099 2271 et,
1124 2224 1173 2262 ut
1199 2235 1336 2274 spero,
1360 2234 1447 2261 non

107 2280 271 2322 frustra
283 2281 473 2335 fecimus,
489 2284 539 2321 tu
552 2282 726 2335 repente
739 2279 945 2320 inruisses
961 2282 1002 2320 et
1017 2280 1198 2320 clamare
1215 2279 1447 2332 coepisses:
