1671 2543
206 63 293 106 256
578 61 673 98 PRO
699 62 749 97 M.
783 61 967 98 SCAURO
995 62 1185 99 ORATIO.

208 173 365 214 cietate
417 171 681 213 Punicorum
734 171 947 212 bellorum
995 170 1127 213 Utica
1182 173 1294 213 teste
1351 171 1553 213 defendit.

172 231 421 286 bHispania
451 230 632 272 ulterior
659 228 911 284 Scipionum
941 230 1113 272 interita
1142 228 1221 256 *³¹⁸*
1252 230 1388 286 copiis
1415 231 1554 286 inops,

208 294 337 346 gente
369 289 514 331 fallax.
570 288 716 344 (Aras.
743 289 867 331 Mess.
880 303 924 342 p.
946 293 1039 331 480.
1058 287 1117 345 4.)

174 375 195 399 c
297 349 469 390 Alverni
513 362 541 390 a
582 349 758 401 quodam
803 348 981 389 Troiano
1030 348 1309 390 nominantur.
1377 346 1443 389 De
1490 347 1554 389 his

208 407 343 450 Cicero
382 409 428 449 in
465 406 721 449 Scauriana:
761 405 932 448 Inventi
971 409 1089 461 sunt,
1128 407 1201 461 qui
1232 406 1365 448 etiam
1395 405 1554 448 fratres
1589 420 1606 446 5

137 502 163 543 2
207 466 358 521 populi
383 465 570 508 Romani
600 468 868 507 vocarentur.
929 465 1076 521 (Senot.
1097 466 1252 508 Isacan.
1273 465 1305 506 I
1317 463 1434 521 427.)

167 503 194 543 0
297 525 380 566 hoc
410 525 585 566 nomine
617 524 776 578 audito,
809 524 923 579 quod
953 539 1030 579 per
1057 539 1203 566 omnes
1230 527 1380 580 gentes
1405 538 1554 578 perva-

212 586 365 639 gatum
397 586 464 625 est
496 582 640 639 (Aras.
667 584 790 625 Mess.
810 598 852 636 p.
872 585 966 626 503.
984 582 1070 639 17.)
1103 609 1160 613 -
1194 584 1356 625 Tullius
1380 584 1555 636 imperat

206 644 365 695 Sardis,
397 646 445 683 ut
473 643 520 684 de
547 643 716 695 familia
747 642 874 684 nobili
899 643 979 696 ipsi
1002 656 1156 695 quoque
1179 656 1270 684 omn
1295 642 1403 687 orbis
1427 645 1552 684 terra

136 727 189 767 21
205 715 299 743 rum
330 702 570 742 auctoritate
598 702 801 743 sentirent.
858 698 1019 755 (Ammf
1045 702 1180 744 M'arc.
1207 701 1358 742 XXII
1379 703 1440 742 15.
1460 698 1552 755 24.)
1576 720 1606 745 ιο

124 782 201 817 45h
298 759 414 801 Nam
428 774 524 802 cum
539 775 590 801 ex
601 759 750 801 multis
759 774 868 801 unus
877 760 915 801 ei
924 759 1553 814 restaretDolabellapaternus

208 819 421 873 inimicus,
453 819 527 873 qui
559 833 656 860 cum
685 818 732 868 Q.
759 818 984 873 Caepione,
1015 819 1257 874 propinquo
1285 832 1374 870 suo,
1404 820 1555 860 contra

207 876 417 920 Scaurum
430 878 778 931 patrem-[suum]
806 876 1146 932 subsignaverat,
1166 878 1366 930 [ceteras]
1383 891 1454 918 eas
1469 877 1553 918 sibi

205 936 458 977 inimicitias
477 950 565 977 non
585 938 819 990 susceptas,
842 938 914 979 sed
935 937 1119 978 relictas.
1166 935 1329 991 (Ascon.
1340 950 1385 989 p.
1404 938 1475 978 23.
1495 934 1552 991 6.)

296 994 426 1049 Quae,
452 995 626 1049 malum,
653 998 720 1036 est
746 995 833 1036 ista
858 995 1000 1037 ratio?
1052 995 1284 1051 (Enyraph.
1312 995 1401 1036 Ter.
1423 997 1551 1036 Haut.
1572 1014 1605 1040 15

211 1053 292 1095 IV.
315 1057 354 1095 3.
375 1053 458 1106 18.)
510 1053 648 1102 Quem
672 1069 863 1108 purpura
888 1054 1046 1109 regalis
1070 1069 1158 1096 non
1184 1053 1429 1108 commovit,
1455 1067 1553 1095 eum

207 1110 443 1153 Sardorum
469 1115 687 1153 mastruca
712 1113 927 1154 mutavit?
972 1113 1091 1167 (Isid.
1114 1112 1248 1166 Oriyy.
1270 1112 1391 1154 XIX
1407 1115 1475 1154 23.
1494 1110 1552 1168 5.)

294 1175 356 1212 De
389 1171 595 1213 aedilitate
619 1172 683 1213 M.
709 1171 860 1213 Scauri
890 1175 928 1212 et
957 1172 1161 1225 opulentia
1192 1172 1381 1213 ludorum
1399 1171 1553 1224 plenis-

205 1230 307 1271 sime
346 1230 455 1270 dixit
482 1230 529 1270 in
559 1243 608 1271 ea
638 1231 836 1284 oratione,
872 1244 955 1282 qua
984 1232 1120 1283 ipsum
1149 1244 1302 1283 quoque
1333 1230 1395 1271 M.
1427 1229 1552 1271 Scau-

135 1313 188 1354 21
205 1301 300 1329 rum
330 1288 516 1339 defendit.
579 1286 724 1341 (Senot.
756 1287 859 1329 Bob.
893 1289 936 1329 in
967 1288 1065 1330 Sest.
1077 1303 1122 1342 p.
1142 1292 1234 1330 304.
1256 1286 1346 1343 20.)
1571 1309 1605 1333 20

124 1369 190 1403 45i
294 1346 551 1400 praesertim
578 1360 674 1387 cum
699 1346 998 1400 propinquitas
1025 1349 1069 1388 et
1095 1347 1322 1388 celebritas
1349 1346 1434 1388 1001
1461 1360 1551 1387 3113-

136 1436 191 1467 9⁶)
205 1404 419 1459 picionem
434 1404 620 1446 desidiae
635 1405 763 1446 tollat
778 1408 852 1446 aut
867 1405 1128 1460 cupiditatis.
1154 1403 1315 1461 (Ascon.
1324 1419 1367 1458 p.
1380 1408 1448 1447 23.
1460 1403 1550 1461 20.)

123 1465 188 1527 4⁶⁴5]
296 1477 387 1504 cum
412 1463 562 1505 Scauri
592 1464 802 1505 columnas
823 1478 901 1517 per
930 1464 1068 1506 urbem
1092 1465 1296 1517 plaustris
1320 1467 1448 1506 vectas
1471 1477 1553 1506 esse

208 1522 394 1571 didisset,
426 1521 522 1577 Ego
554 1536 696 1576 porro,
727 1523 873 1576 inquit,
905 1523 978 1577 qui
1004 1523 1196 1564 Albanas
1227 1523 1366 1564 habeo
1393 1523 1552 1565 colum-

205 1594 301 1634 nas,
339 1580 512 1622 clitellis
546 1595 616 1622 eas
650 1581 886 1635 adportavi.
949 1580 1134 1637 (Quintil.
1170 1579 1391 1637 171340.)
1536 1589 1545 1594 ”
1569 1601 1604 1628 25

125 1649 202 1682 4511
299 1638 464 1680 Domus
509 1639 591 1680 tibi
635 1639 810 1681 deerat?
884 1639 946 1682 At
988 1640 1188 1682 habebas.
1256 1640 1443 1682 Pecunia
1486 1655 1552 1682 311-

205 1697 416 1751 perabat?
478 1697 540 1739 At
571 1699 740 1753 egebas.
802 1698 1030 1740 Incurristi
1063 1714 1208 1741 amens
1240 1699 1286 1740 in
1317 1699 1552 1754 columnas,

203 1756 249 1796 in
264 1756 426 1798 alienos
440 1756 615 1799 insanus
630 1757 842 1812 insanisti,
863 1757 1119 1812 depressam,
1141 1772 1322 1813 caecam,
1341 1758 1552 1800 iacentem

204 1814 380 1856 domum
417 1815 555 1869 pluris
593 1830 723 1870 quain
761 1819 803 1857 te
842 1819 885 1857 et
922 1816 1120 1858 fortunas
1158 1821 1254 1859 tuas
1296 1817 1548 1858 aestimasti.

206 1871 306 1928 (020.
338 1888 394 1914 or.
427 1877 495 1916 67.
525 1877 614 1916 223
643 1888 712 1929 sq„
746 1875 915 1927 Quintil.
946 1875 1022 1916 IX
1048 1878 1090 1918 2.
1121 1878 1185 1930 15,
1216 1876 1353 1918 Diom.
1378 1890 1422 1929 p.
1454 1879 1549 1917 466.
1568 1889 1602 1914 ao

203 1934 241 1982 5,
272 1932 351 1985 Aq.
383 1932 502 1974 Rom.
526 1936 587 1975 22
603 1947 647 1986 p.
673 1937 739 1975 30.
771 1937 808 1987 1,
839 1934 969 1975 Mart.
995 1934 1094 1988 Cap.
1128 1935 1168 1976 V
1186 1938 1277 1987 531,
1308 1934 1456 1986 Rasin.
1490 1933 1557 1976 VI

204 1993 297 2032 571.
330 1995 356 2032 9
394 1991 514 2045 Keil„
537 2006 582 2045 p.
602 1996 696 2034 579.
715 1995 774 2034 23
804 1990 964 2047 Halm.)

122 2058 196 2090 450
293 2048 412 2090 Haec
457 2064 554 2091 cum
597 2053 645 2091 tu
689 2050 876 2106 effugere
918 2066 1006 2093 non
1041 2051 1276 2106 potuisses,
1319 2049 1549 2093 contendes

203 2109 350 2149 tamen
387 2110 430 2149 et
465 2108 725 2163 postulabis,
762 2112 811 2151 ut
842 2108 898 2150 M.
931 2110 1143 2152 Aemilius
1176 2125 1271 2152 cum
1303 2123 1379 2150 sua
1410 2108 1547 2163 digni·

205 2168 294 2206 tate
346 2167 481 2219 omni,
537 2182 634 2208 cum
683 2167 820 2221 patris
870 2169 1095 2223 memoria,
1145 2183 1240 2210 cum
1289 2167 1358 2208 avi
1408 2167 1549 2222 gloria
1567 2184 1601 2212 35

206 2224 544 2279 sordidissimae,
581 2225 856 2280 vanissimae,
893 2226 1135 2268 levissimae
1172 2225 1291 2280 genti
1329 2239 1378 2266 ac
1415 2240 1549 2281 prope

205 2280 344 2322 dicam
374 2283 536 2335 pellitis
569 2284 753 2325 testibus
787 2285 1080 2326 condonetur?
1130 2282 1295 2338 (Ancon.
1320 2287 1462 2337 1224.
1491 2284 1548 2340 5.)

137 559 209 593 45f

135 973 192 1013 20

124 1029 202 1063 45d
