1671 2543
187 85 274 129 322
525 83 621 119 PRO
647 83 695 118 M.
723 81 981 118 MARCELhO
1009 82 1198 119 ORATIO.

188 192 428 247 intellegis,
467 194 627 246 quanta
664 191 710 231 in
747 190 848 231 dato
883 189 1091 232 beneficio
1125 190 1183 232 sit
1213 190 1326 245 laus,
1363 205 1461 232 cum
1491 190 1538 232 in

125 257 177 301 (4)
192 254 367 306 accepto
413 250 471 291 sit
514 252 637 290 tanta
681 248 832 304 gloria.
899 247 982 290 Est
1025 263 1126 290 vero
1164 248 1412 291 fortunatus
1451 249 1536 303 ille,

191 310 311 352 euius
344 324 394 350 ex
427 308 565 349 salute
596 322 685 349 non
715 307 856 348 minor
887 321 1019 361 paene
1053 307 1106 348 ad
1135 321 1295 362 omnes,
1328 322 1458 363 quam
1483 307 1537 349 ad

154 369 333 423 4ipsum
364 370 545 408 ventura
574 366 643 420 sit,
674 366 842 407 laetitia
866 366 1126 420 pervenerit3
1159 366 1272 420 quod
1299 366 1471 420 quidem
1497 366 1535 408 ei

190 427 345 468 merito
379 429 506 479 atque
533 425 698 479 optimo
724 424 816 465 iure
843 424 1037 480 contigit.
1095 424 1200 473 Quis
1227 425 1341 466 enim
1367 427 1434 466 est
1458 424 1535 467 illo
1572 436 1589 463 5

191 489 267 526 aut
309 485 540 525 nobilitate
585 485 661 524 aut
702 482 920 537 probitate
962 486 1036 523 aut
1075 483 1337 536 optimarum
1376 483 1537 525 artium

191 544 334 585 studio
351 545 425 583 aut
440 542 685 584 innocentia
700 544 775 582 aut
787 541 876 582 ullo
890 540 1030 582 laudis
1046 555 1200 596 genere
1214 542 1536 595 praestantior?

150 609 176 649 2
279 601 453 643 Nullius
484 603 657 642 tantum
687 600 848 649 flumen
879 602 946 640 est
975 599 1149 655 ingenii,
1180 600 1341 642 nullius
1368 600 1536 642 dicendi

191 663 267 701 aut
298 659 511 701 scribendi
541 662 664 700 tanta
696 658 780 713 vis,
811 660 935 699 tanta
961 658 1102 712 copia,
1135 672 1244 712 quae
1275 673 1363 700 non
1395 659 1536 701 dicam

190 733 408 773 exornare,
434 718 507 759 sed
528 731 737 771 enarrare,
758 716 803 759 C.
824 715 992 770 Caesar,
1011 731 1079 758 res
1098 719 1196 758 tuas
1217 720 1364 772 gestas
1384 717 1535 772 possit.
1556 729 1590 754 ιο

190 777 353 818 Tamen
385 777 577 830 adfirmo,
609 779 653 818 et
682 776 765 817 hoc
796 789 900 830 pace
926 775 1065 816 dicam
1091 778 1177 830 tua,
1207 776 1373 817 nullam
1397 777 1443 817 in
1466 776 1535 818 his

191 850 282 877 esse
309 836 480 877 laudem
506 835 761 889 ampliorem
787 848 916 888 quam
942 848 1049 889 eam,
1079 848 1209 888 quam
1233 834 1441 876 hodierno
1467 834 1536 876 die

156 897 445 936 5consecutus
479 908 534 935 es.
593 892 719 935 Soleo
753 907 878 947 saepe
911 895 1010 934 ante
1042 893 1189 934 oculos
1219 907 1379 947 ponere
1408 893 1536 948 idque

189 953 375 994 libenter
401 952 562 994 crebris
587 965 796 1017 usurpare
819 951 1101 1005 sermonibus,
1128 951 1267 993 omnis
1286 954 1536 993 nostrorum

190 1012 514 1065 imperatorum,
546 1011 686 1052 omnis
719 1012 962 1050 exterarum
993 1009 1189 1065 gentium
1215 1010 1589 1064 potentissimo-15

188 1084 369 1123 rumque
407 1069 685 1123 populorum,
724 1068 862 1110 omnis
901 1068 1240 1110 clarissimorum
1277 1082 1429 1124 regum
1466 1083 1534 1110 res

191 1130 335 1183 gestas
381 1142 478 1169 cum
521 1127 608 1168 tuis
645 1141 723 1168 nec
761 1127 1087 1168 contentionum
1123 1127 1419 1192 magnitudine
1456 1142 1536 1169 nec

190 1200 368 1227 numero
407 1186 671 1240 proeliorum
708 1199 786 1227 nec
823 1185 1032 1226 varietate
1064 1185 1290 1240 regionum
1321 1199 1399 1227 nec
1431 1185 1536 1227 cele·

190 1245 320 1285 ritate
366 1244 618 1285 conficiendi
654 1258 733 1285 nec
771 1243 1119 1284 dissimilitudine
1158 1244 1371 1285 bellorum
1407 1258 1534 1298 posse

191 1301 387 1355 conferri,
412 1316 490 1343 nec
516 1316 616 1343 vero
644 1301 1004 1342 disiunctissimas
1027 1303 1170 1353 terras⁴
1186 1302 1313 1343 citius
1332 1302 1533 1356 passibus
1554 1314 1589 1339 2⁰

191 1360 443 1413 cuiusquam
480 1360 674 1414 potuisse
710 1359 950 1414 peragrari,
989 1373 1118 1413 quam
1154 1360 1242 1401 tuis
1275 1374 1364 1401 non
1394 1360 1535 1402 dicam

156 1419 407 1472 ocursibus,
446 1418 519 1459 sed
556 1417 749 1459 victoriis
788 1417 995 1458 lustratae
1034 1420 1145 1458 sunt.
1209 1417 1326 1467 Quae
1363 1419 1535 1473 quidem

192 1490 272 1531 ego
303 1476 387 1517 nisi
419 1476 482 1516 ita
512 1490 671 1531 magna
702 1490 794 1517 esse
825 1475 980 1529 fatear,
1016 1479 1066 1516 ut
1098 1491 1148 1517 ea
1178 1477 1249 1517 vix
1281 1476 1534 1531 cuiusquam

191 1549 311 1576 mens
333 1536 407 1575 aut
427 1535 635 1589 cogitatio
657 1548 806 1588 capere
826 1535 976 1588 possit,
1002 1549 1149 1576 amens
1170 1535 1271 1589 sim;
1297 1535 1370 1576 sed
1389 1538 1533 1578 tamen

192 1596 292 1634 sunt
324 1593 407 1634 alia
439 1593 612 1634 maiora.
669 1592 782 1634 Nam
814 1593 990 1634 bellicas
1020 1593 1167 1634 laudes
1193 1593 1334 1635 solent
1360 1594 1533 1648 quidam
1553 1606 1586 1632 2⁵

191 1655 421 1692 extenuare
442 1652 583 1693 verbis
601 1666 758 1706 easque
773 1651 994 1692 detrahere
1009 1651 1199 1706 ducibus,
1220 1653 1534 1694 communicare

192 1725 288 1752 cum
320 1710 480 1763 multis,
515 1725 566 1751 ne
597 1710 796 1764 propriae
829 1710 916 1751 sint
946 1710 1266 1764 imperatorum.
1326 1710 1387 1752 Et
1410 1710 1534 1753 ‘certe

191 1770 234 1810 in
267 1769 397 1809 armis
430 1768 619 1809 militum
651 1768 800 1821 virtus,
831 1768 1024 1809 locorum
1057 1769 1342 1822 oportunitas,
1374 1769 1534 1811 auxilia

190 1827 417 1880 sociorum,
438 1827 609 1881 classes,
630 1828 893 1868 commeatus
914 1826 1099 1867 multum
1120 1827 1280 1881 iuvant,
1301 1828 1532 1869 maximam

189 1900 290 1927 vero
328 1888 497 1939 partem
529 1885 652 1939 quasi
685 1899 761 1926 suo
793 1884 884 1926 iure
916 1884 1111 1926 Fortuna
1142 1885 1225 1926 sibi
1256 1885 1446 1926 vindicat
1477 1888 1532 1940 et,
1551 1897 1587 1923 ³0

191 1944 393 1998 quicquid
429 1958 634 1998 prospere
672 1946 843 1998 gestum
880 1946 964 1997 est,
1001 1943 1045 1984 id
1081 1957 1214 1998 paene
1254 1957 1378 1985 omne
1413 1944 1533 1986 ducit

157 2017 325 2046 Tsuum.
393 2002 456 2043 At
493 2016 594 2044 vero
633 2002 760 2043 huius
799 2001 980 2057 gloriae,
1017 2000 1062 2044 C.
1101 2000 1276 2056 Caesar,
1320 2015 1449 2055 quam
1486 2016 1531 2043 es

190 2061 319 2115 paulo
347 2063 444 2102 ante
465 2060 658 2114 adeptus,
684 2060 848 2101 socium
867 2060 1000 2101 habes
1018 2060 1251 2115 neminem3
1274 2062 1417 2101 totum
1435 2059 1531 2114 hoc,

191 2122 583 2174 quantumcumque
616 2121 694 2172 est,
727 2118 840 2173 quod
872 2121 986 2160 certe
1017 2119 1252 2159 maximum
1278 2120 1356 2170 est,
1387 2120 1529 2159 totum

191 2181 269 2231 est,
300 2178 489 2231 inquam,
520 2180 653 2218 tuum.
710 2176 832 2217 Nihil
865 2177 947 2218 sibi
979 2191 1029 2217 ex
1060 2177 1146 2218 ista
1172 2176 1296 2217 laude
1322 2176 1529 2231 centurio,
1548 2186 1583 2213 35

189 2235 297 2276 nihil
336 2235 596 2289 praefectus,
637 2235 747 2276 nihil
786 2235 958 2288 cohors,
997 2235 1105 2276 nihil
1142 2237 1285 2276 turma
1321 2233 1530 2288 decerpit3

193 2293 296 2339 auin
321 2294 451 2334 etiam
472 2294 547 2334 illa
566 2294 660 2348 ipsa
679 2307 822 2335 rerum
841 2293 1125 2334 humanarum
1144 2291 1315 2333 domina
1334 2291 1529 2334 Fortuna
