1671 2543
515 145 617 181 CAP.
647 150 782 181 17—19
810 150 829 188 ξ
857 150 1005 182 39-44.
1374 145 1427 186 19

91 253 178 295 citu
229 253 363 308 ipsius
414 253 576 295 tribuni
625 254 681 309 pl.
737 254 900 295 inimici
944 254 1028 296 mei
1081 253 1261 295 fratrem
1309 266 1428 308 prae-

89 312 262 354 fecerat.
1470 344 1497 386 9

178 370 297 412 Haec
341 384 442 426 ergo
488 385 585 412 cum
628 371 816 412 viderem
861 370 1013 427 (neque
1052 371 1165 412 enim
1200 373 1323 412 erant
1361 384 1427 411 oc·
1441 345 1485 436 {2

91 427 246 494 culta),
289 432 504 483 senatum,
549 429 639 471 sine
678 444 761 484 quo
802 430 952 471 civitas
991 433 1105 471 stare
1142 445 1230 471 non
1263 431 1426 494 posset,

54 501 72 527 5
92 488 265 529 omnino
298 488 348 529 de
376 488 550 529 civitate
577 502 669 529 esse
696 489 928 543 sublatum,
960 489 1168 542 consules,
1201 488 1274 542 qui
1299 488 1426 529 duces

89 546 253 601 publici
285 546 454 588 consilii
487 561 579 588 esse
611 547 825 601 deberent,
856 523 1098 602 perfecisse,
1128 550 1178 588 ut
1206 561 1283 601 per
1308 546 1426 600 ipsos

88 605 310 659 publicum
340 605 568 646 consilium
594 604 787 646 funditus
815 606 1050 659 tolleretur,
1082 620 1166 660 eos,
1199 605 1272 659 qui
1296 604 1427 659 pluri-

89 678 207 704 mum
237 666 431 718 possent,
470 664 628 718 opponi
661 665 859 705 omnibus
893 664 1163 706 contionibus
1194 663 1319 717 falso,
1351 662 1426 704 sed

88 722 366 763 formidolose
399 724 543 763 tamen
583 725 781 764 auctores
809 723 861 763 ad
886 723 1118 777 perniciem
1144 737 1294 776 meam,
1328 736 1424 763 con-

36 795 70 819 10
89 780 230 822 tiones
255 780 405 821 haberi
431 781 588 822 cotidie
615 784 766 822 contra
790 796 869 834 me,
901 796 1048 823 vocem
1073 796 1151 835 pro
1177 795 1245 822 me
1272 795 1320 822 30
1345 794 1424 834 pro

88 853 133 881 re
170 839 345 894 publica
376 839 591 880 neminem
623 839 814 893 mittere,
852 840 1020 880 intenta
1050 840 1175 894 signa
1205 839 1426 894 legionum

88 897 326 939 existimari
356 898 591 938 cervicibus
620 912 668 939 ac
694 898 819 939 bonis
846 899 1000 939 vestris
1027 898 1150 951 falso,
1182 898 1255 939 sed
1280 897 1424 951 putari

90 959 252 1010 tamen,
291 956 612 997 coniuratorum
645 956 789 1011 copias
822 960 986 998 veteres
1019 959 1063 998 et
1094 956 1273 997 effusam
1303 956 1425 997 illam

88 1030 138 1063 30
163 1015 431 1069 dissupatam
452 1013 665 1056 Catilinae
691 1015 968 1069 inportunam
994 1030 1168 1056 manum
1187 1029 1298 1056 novo
1319 1014 1425 1056 duce

35 1088 68 1113 15
88 1076 132 1115 et
175 1074 397 1127 insperata
447 1074 783 1115 commutatione
833 1089 976 1115 rerum
1022 1088 1113 1115 esse
1157 1075 1424 1114 renovatam:

86 1132 193 1173 haec
225 1146 322 1173 cum
354 1132 552 1185 viderem,
588 1132 690 1186 quid
722 1146 905 1187 agerem,
936 1132 1127 1173 iudices?
1179 1130 1275 1173 Scio
1309 1131 1422 1172 enim
1436 1134 1481 1166 43

86 1193 181 1231 tum
199 1205 286 1232 non
306 1190 412 1231 mihi
432 1193 624 1231 vestrum
645 1191 847 1245 studium,
869 1191 943 1232 sed
962 1205 1105 1231 meum
1123 1205 1257 1245 prope
1277 1192 1421 1231 vestro

87 1249 284 1291 defuisse.
335 1247 646 1290 Contenderem
684 1252 834 1290 contra
865 1249 1088 1290 tribunum
1119 1249 1175 1303 pl.
1209 1248 1403 1302 privatus
1419 1249 1492 1294 (43)

88 1307 249 1349 armis?
298 1306 520 1349 Vicissent
549 1307 755 1362 inprobos
786 1308 900 1362 boni,
931 1307 1067 1348 fortes
1093 1307 1264 1361 inertis3
1296 1307 1424 1348 inter-

35 1380 69 1405 20
88 1366 226 1408 fectus
265 1369 378 1407 esset
416 1366 470 1419 is,
509 1366 582 1420 qui
618 1366 700 1407 1130
736 1381 822 1407 11113
858 1366 1070 1407 medicina
1100 1366 1193 1407 sola
1224 1365 1368 1420 potuit
1399 1380 1425 1405 a

87 1425 150 1466 rei
187 1424 383 1479 publicae
415 1427 535 1479 peste
568 1425 740 1479 depelli3
779 1425 881 1478 quid
912 1424 1091 1466 deinde?
1130 1424 1225 1478 quis
1257 1424 1424 1478 reliqua

87 1483 357 1537 praestaret?
384 1483 452 1525 cui
478 1482 659 1537 denique
686 1486 778 1524 erat
804 1483 992 1537 dubium,
1018 1483 1123 1537 quin
1147 1483 1220 1524 ille
1247 1482 1423 1537 sanguis

88 1541 356 1595 tribunicius,
381 1541 500 1582 nullo
527 1542 781 1595 praesertim
806 1542 979 1596 publico
1007 1541 1186 1583 consilio
1209 1540 1423 1596 profusus,

89 1600 284 1642 0011811108
322 1600 486 1642 ultores
525 1602 568 1640 et
605 1599 848 1641 defensores
887 1602 1000 1641 esset
1030 1600 1288 1641 habiturus?
1327 1614 1424 1640 cum

35 1671 70 1698 25
90 1658 264 1712 quidam
288 1658 333 1699 in
359 1658 556 1699 contione
583 1658 761 1700 dixisset
786 1661 861 1699 aut
883 1658 989 1699 mihi
1010 1658 1141 1699 semel
1160 1658 1424 1712 pereundum

89 1719 164 1758 aut
201 1717 267 1757 bis
306 1730 398 1758 esse
434 1716 700 1757 vincendum.
756 1716 867 1766 Quid
900 1719 992 1757 erat
1022 1716 1090 1757 bis
1121 1716 1319 1757 vincere?
1373 1714 1424 1756 Id

88 1775 301 1830 profecto,
344 1778 410 1828 ut,
449 1789 545 1816 cum
583 1775 877 1816 amentissimo
916 1775 1091 1815 tribuno
1128 1775 1184 1828 pl.
1215 1775 1253 1815 si
1284 1774 1424 1815 decer-

89 1838 262 1888 tassem,
289 1847 385 1875 cum
412 1832 658 1874 consulibus
685 1833 921 1887 ceterisque
948 1833 1038 1873 eius
1060 1832 1276 1873 ultoribus
1303 1831 1422 1872 dimi-

89 1906 242 1934 carem.
296 1892 392 1947 Ego
430 1905 549 1945 vero,
587 1891 654 1932 vel
692 1891 729 1932 si
765 1891 1029 1945 pereundum
1064 1890 1218 1931 fuisset
1255 1904 1305 1932 ac
1335 1903 1423 1931 non
1435 1896 1483 1929 44

35 1964 71 1990 30
90 1950 337 2005 accipienda
367 1950 497 2005 plaga
528 1949 634 1990 mihi
661 1949 878 2002 sanabilis,
908 1949 973 1990 illi
998 1948 1231 2002 mortifera,
1264 1948 1337 2002 qui
1362 1948 1423 1990 in-

87 2009 319 2064 posuisset,
344 2009 475 2050 semel
494 2008 633 2062 perire
653 2010 809 2061 tamen,
834 2007 1006 2061 iudices,
1026 2007 1274 2048 maluissem
1294 2021 1423 2060 quam

88 2068 157 2109 bis
182 2068 362 2109 vincere.
405 2067 514 2108 Erat
540 2066 654 2108 enim
678 2066 754 2106 illa
780 2066 917 2106 altera
941 2066 1031 2106 eius
1055 2065 1171 2106 modi
1192 2065 1422 2119 contentio,

89 2129 139 2168 ut
180 2140 318 2180 neque
359 2126 462 2167 victi
499 2139 636 2179 neque
674 2124 859 2166 victores
896 2139 986 2165 rem
1022 2124 1240 2179 publicam
1277 2126 1422 2165 tenere

89 2199 326 2239 possemus.
371 2184 493 2238 Quid,
527 2183 563 2224 si
594 2183 639 2224 in
663 2183 802 2237 prima
828 2182 1101 2224 contentione
1124 2182 1166 2223 vi
1190 2182 1422 2223 tribunicia

37 2245 229 2285 35victus
273 2243 318 2285 in
354 2243 448 2284 foro
489 2257 584 2283 cum
621 2241 770 2282 multis
794 2241 932 2287 ,bonis
971 2241 1074 2282 viris
1112 2240 1422 2282 concidissem‘?

92 2300 298 2343 Senatum
331 2301 544 2354 consules,
583 2299 725 2353 eredo,
762 2302 1006 2353 vocassent,
1042 2313 1168 2353 quem
1199 2301 1340 2340 totum
1372 2298 1422 2338 de

91 2360 265 2402 civitate
304 2360 512 2414 delerant3
550 2359 602 2399 ad
640 2372 758 2398 arma
794 2360 1036 2412 vocassent,
1075 2357 1147 2413 qui
1177 2372 1230 2398 ne
1261 2356 1423 2398 vestitu

1165 2425 1212 2460 2*
