1671 2543
540 99 640 135 CAl'.
667 104 782 136 8—10
807 104 826 142 ἓ
852 104 1001 135 23—28.
1371 101 1456 142 353

114 207 308 251 adferre?
370 207 625 250 Deiotarum
657 209 889 250 saltantem
922 208 1150 263 quisquam
1182 212 1257 250 aut
1289 209 1455 249 ebrium

114 266 221 309 vidit
259 267 492 322 umquam?
555 267 713 309 Omnes
752 267 797 308 in
834 268 908 309 illo
948 270 1048 309 sunt
1082 267 1227 323 regiae
1259 267 1455 320 virtutes,

115 326 227 381 quod
259 329 314 380 te,
346 325 515 380 Caesar,
547 326 746 381 ignorare
777 341 865 368 non
896 327 1096 381 arbitror,
1129 326 1202 368 sed
1227 326 1454 381 praecipue

116 385 346 440 singularis
373 388 416 426 et
442 385 689 426 admiranda
714 385 961 441 frugalitas3
994 385 1075 427 etsi
1099 385 1182 427 hoc
1207 385 1338 427 verbo
1366 385 1454 426 scio

33 490 38 495 θ
78 444 280 486 51311ᾶ311
317 457 463 500 regem
500 459 587 486 non
624 444 772 486 solere.
833 444 967 499 Frugi
1004 444 1223 486 hominem
1256 444 1338 485 dici
1370 459 1457 485 non

115 503 300 544 multum
325 503 458 544 habet
483 503 621 544 laudis
641 503 686 544 in
706 517 825 558 rege3
850 502 1018 554 fortem,
1046 504 1220 558 iustum,
1248 518 1455 553 severum,

116 576 308 617 gravem,
340 562 680 617 magnanimum,
713 563 899 617 largum,
932 562 1189 612 beneficum,
1221 562 1456 616 liberalem,

115 621 195 662 hae
241 623 342 662 sunt
387 621 529 676 regiae
568 621 734 676 laudes,
778 621 850 663 illa
889 622 1059 676 privata
1098 623 1174 662 est.
1241 619 1304 663 Ut
1342 621 1457 662 volet

116 680 307 735 quisque,
340 680 540 734 accipiat3
572 694 651 735 ego
686 683 831 721 tamen
862 679 1171 735 frugalitatem,
1203 680 1247 721 id
1279 682 1344 721 est
1370 694 1456 721 mo-

65 750 98 775 10
117 739 300 780 destiam
341 741 384 780 et
415 739 764 792 temperantiam,
802 739 1008 780 virtutem
1041 739 1272 779 maximam
1303 738 1456 779 iudico.

115 797 234 839 Haec
266 798 310 838 in
341 797 416 839 illo
446 800 512 839 est
538 799 591 839 ab
618 799 791 839 ineunte
819 801 959 839 aetate
988 813 1083 839 cum
1111 813 1135 839 a
1163 799 1314 838 cuncta·
1340 797 1456 851 Asia,

118 870 214 898 cum
247 871 270 897 a
302 856 631 911 magistratibus
664 857 905 912 legatisque
938 857 1111 910 nostris,
1144 860 1236 897 tum
1263 856 1316 897 ab
1344 855 1457 909 equi-

118 915 233 956 tibus
266 914 490 968 Romanis,
527 916 599 969 qui
631 915 676 956 in
706 915 813 957 Asia
842 916 1056 970 negotiati
1090 918 1202 969 sunt,
1233 916 1454 968 perspecta

118 976 160 1015 et
205 973 389 1029 cognita.
456 973 608 1015 Multis
652 974 724 1015 ille
764 974 934 1028 quidem
972 974 1176 1029 gradibus
1217 973 1458 1014 officiorum
1471 982 1514 1014 27

68 1044 98 1069 15
119 1046 220 1088 erga
263 1047 352 1073 rem
396 1032 612 1086 publicam
655 1035 849 1074 nostram
889 1033 940 1074 ad
978 1033 1058 1074 1100
1097 1032 1264 1087 regium
1301 1046 1459 1073 nomen

119 1091 329 1145 ascendit3
362 1091 435 1132 sed
468 1093 623 1145 tamen,
658 1091 858 1146 quicquid
891 1106 914 1132 a
946 1092 1071 1133 bellis
1097 1090 1247 1145 populi
1273 1090 1458 1131 Romani

117 1150 311 1203 vacabat,
343 1164 440 1191 cum
471 1150 718 1191 hominibus
750 1150 910 1191 nostris
945 1150 1284 1203 consuetudines,
1318 1149 1459 1190 amici-

119 1209 220 1262 tias,
258 1222 326 1249 res
364 1208 638 1263 rationesque
676 1209 900 1264 iungebat,
938 1212 986 1250 ut
1016 1223 1103 1250 11011
1135 1208 1275 1250 80111111
1308 1211 1460 1249 tetrar-

119 1267 218 1308 ches
249 1266 426 1321 nobilis,
464 1267 535 1308 sed
569 1267 698 1308 etiam
732 1268 920 1322 optimus
952 1271 1075 1322 pater
1107 1267 1294 1308 familias
1327 1269 1370 1308 et
1403 1266 1461 1307 di-

65 1337 100 1363 20
118 1325 432 1381 ligentissimus
478 1326 667 1381 agricola
712 1329 755 1367 et
798 1327 1022 1380 pecuarius
1065 1326 1308 1367 haberetur,
1380 1324 1460 1374 Qui

118 1384 254 1439 igitur
286 1384 530 1426 adulescens
562 1385 750 1427 nondum
783 1388 905 1426 tanta
938 1385 1076 1440 gloria
1105 1385 1324 1439 praeditus
1350 1384 1459 1426 nihil

119 1458 322 1499 umquam
358 1443 441 1484 nisi
474 1444 741 1485 severissime
774 1447 817 1485 et
849 1444 1102 1499 gravissime
1135 1443 1303 1498 fecerit,
1340 1444 1378 1484 is
1411 1458 1460 1484 ea

70 1629 103 1655 2⁵
124 1621 167 1659 et
208 1618 445 1659 clarissimo
485 1619 576 1660 viro
612 1619 788 1674 fugitivi
826 1635 896 1661 ore
935 1620 1045 1660 male
1084 1620 1234 1660 dicere.
1300 1617 1460 1667 Quodsi

124 1677 375 1718 saltatorem
416 1691 541 1718 avum
578 1677 803 1719 habuisses
839 1692 976 1732 neque
1015 1692 1112 1718 eum
1148 1677 1306 1730 virum,
1349 1677 1459 1718 unde

122 1735 297 1790 pudoris
329 1735 644 1800 pudicitiaeque
677 1737 870 1790 exempla
900 1738 1166 1790 peterentur,
1201 1738 1348 1776 tamen
1377 1735 1459 1775 hoc

123 1794 400 1835 maledictum
457 1793 631 1835 minime
685 1794 731 1835 in
786 1794 906 1835 illam
961 1796 1147 1834 aetatem
1203 1793 1458 1834 conveniret.

125 1851 288 1900 Quibus
320 1852 392 1893 ille
426 1852 579 1893 studjis
612 1852 663 1893 ab
696 1852 869 1893 ineunte
896 1855 1035 1893 aetate
1062 1866 1106 1893 se
1131 1852 1343 1905 inbuerat,
1372 1866 1460 1892 non

72 1926 106 1952 so
126 1910 322 1963 saltandi,
353 1911 425 1951 sed
456 1911 563 1951 bene
594 1913 643 1951 ut
675 1910 817 1964 armis,
849 1910 1009 1964 optime
1035 1913 1084 1951 ut
1111 1910 1230 1964 equis
1257 1884 1460 1964 uteietur,

126 1984 174 2010 ea
211 1972 356 2010 tamen
393 1969 514 2009 illum
551 1972 703 2010 cuncta
734 1969 820 2009 iam
853 1972 1001 2010 exacta
1033 1971 1174 2010 aetate
1207 1968 1459 2010 defecerant.

124 2028 277 2081 Itaque
309 2026 563 2068 Deiotarum
601 2041 697 2068 cum
731 2027 875 2081 plures
907 2027 951 2068 in
984 2042 1139 2081 equum
1171 2027 1461 2082 sustulissent,

127 2086 239 2141 quod
269 2086 444 2127 haerere
475 2085 520 2126 in
552 2100 600 2127 eo
627 2099 754 2126 senex
781 2089 940 2139 posset,
973 2085 1173 2126 admirari
1199 2085 1461 2140 solebamus;

126 2145 196 2186 hic
240 2159 340 2186 vero
385 2144 648 2197 adulescens,
694 2144 766 2197 qui
803 2158 921 2185 meus
959 2145 1004 2184 in
1042 2143 1192 2186 Cilicia
1229 2144 1371 2198 miles,
1415 2119 1461 2185 in’

75 2218 108 2244 85
130 2202 309 2244 Graecia
346 2203 582 2245 commilito
620 2202 720 2255 fuit,
758 2217 854 2243 cum
890 2203 935 2243 in
970 2202 1046 2243 1110
1083 2205 1233 2243 nostro
1272 2202 1460 2244 exercitu

129 2262 340 2315 equitaret
378 2276 473 2303 cum
511 2261 599 2302 suis
632 2261 806 2302 delectis
839 2261 1072 2315 equitibus,
1111 2275 1215 2315 quos
1247 2275 1332 2302 una
1363 2275 1460 2302 cum

130 2333 178 2360 eo
211 2321 263 2361 ad
286 2320 539 2373 Pompeium
565 2322 687 2373 pater
713 2319 900 2374 miserat,
932 2334 1038 2374 quos
1065 2334 1294 2362 concursus
1319 2319 1459 2363 facere

200 2393 270 2420 cxc.
290 2394 331 2420 n„
350 2395 374 2420 3.
1203 2392 1247 2423 23

1478 1484 1529 1525 10

120 1502 437 1543 existimatione
470 1517 600 1557 eaque
633 1506 774 1544 aetate
809 1503 1013 1544 saltavit?
1075 1502 1257 1556 Imitari,
1293 1501 1493 1566 Castor&

121 1560 266 1614 potius
293 1560 360 1600 avi
386 1575 525 1602 mores
553 1561 907 1616 disciplinamque
934 1562 1119 1602 debebas
1143 1575 1272 1614 quam
1293 1561 1458 1614 optimo
1475 1564 1493 1575 *⁴
