1671 2543
147 825 200 867 21

159 886 201 917 51

212 94 296 137 102
598 92 691 128 PRO
717 92 765 126 M.
793 90 962 126 CAELIO
991 90 1169 126 ORATIO

212 204 271 245 sit
311 203 401 244 eius
440 202 574 255 modi,
615 200 785 255 qualem
824 214 904 255 ego
939 200 1067 254 paulo
1101 202 1200 241 ante
1232 198 1456 254 descripsi,
1493 198 1560 242 tui

213 261 455 314 dissimilis,
492 260 582 301 vita
619 259 907 313 institutoque
943 258 1206 312 meretricio,
1245 273 1341 299 cum
1371 258 1453 300 hac
1484 258 1560 299 ali-

214 320 317 375 quid
361 319 678 360 adulescentem
721 317 940 358 hominem
982 316 1185 357 habuisse
1229 315 1413 357 rationis
1453 331 1559 357 num

214 379 297 420 tibi
334 380 535 432 perturpe
574 379 649 418 aut
686 375 1031 431 perflagitiosum
1068 389 1160 416 esse
1198 374 1424 416 videatur?
1493 374 1560 416 Ea

216 437 253 478 si
284 439 333 477 tu
363 451 451 477 non
482 450 539 489 es,
571 435 683 475 sicut
715 448 793 489 ego
825 434 952 488 malo,
984 433 1088 487 quid
1118 435 1196 487 est,
1229 433 1343 487 quod
1369 433 1560 475 obiciant

217 495 393 537 Caelio?
463 493 539 535 8111
576 508 669 534 eam
707 495 749 533 te
785 492 937 533 volunt
968 506 1079 544 esse,
1118 491 1220 546 quid
1252 493 1335 545 est,
1374 506 1449 533 cur
1478 506 1559 533 nos

217 555 379 595 crimen
408 553 502 606 hoc,
537 552 574 593 si
605 554 654 591 tu
687 550 937 604 contemnis,
968 550 1354 604 pertimescamus?
1417 549 1559 599 Quare

215 612 341 654 nobis
389 612 441 652 da
486 610 598 651 viam
641 609 939 663 rationemque
983 608 1253 650 defensionis.
1325 607 1441 650 Nam
1484 611 1560 649 aut

215 671 353 725 pudor
385 673 484 710 tuus
511 668 708 710 defendet
732 667 841 708 1111111
867 682 892 708 a
917 666 974 708 M.
1001 665 1146 708 Caelio
1172 666 1438 721 petulantius
1465 681 1559 708 esse

216 729 397 782 factum,
442 730 516 768 aut
556 726 807 781 inpudentia
845 726 896 767 ad
933 725 1048 767 hunc
1085 724 1393 767 defendendum
1429 725 1560 767 facul-

218 790 354 829 tatem
386 786 516 827 dabit.

309 845 391 887 Sed
433 844 635 899 quoniam
674 844 897 886 emersisse
936 844 1023 884 iam
1060 857 1082 885 e
1119 843 1239 884 vadis
1279 846 1322 884 et
1359 843 1560 897 scopulos

217 906 514 959 praetervecta
551 903 721 944 videtur
756 903 895 944 oratio
929 917 1041 957 mea,
1078 901 1295 956 perfacilis
1328 901 1436 942 mihi
1466 901 1562 943 reli-

219 978 327 1017 quus
364 976 512 1003 cursus
546 961 798 1003 ostenditur.
858 960 955 1002 Duo
989 963 1090 1002 sunt
1121 960 1234 1001 enim
1267 960 1446 1002 crimina
1475 975 1562 1001 una

217 1022 263 1062 in
287 1021 465 1062 muliere
492 1035 757 1061 summorum
783 1019 1035 1073 facinorum,
1067 1019 1172 1073 auri,
1200 1019 1313 1073 quod
1340 1021 1561 1072 sumptum

219 1096 244 1121 a
288 1079 439 1121 Clodia
482 1079 656 1132 dicitur,
701 1081 744 1119 et
787 1078 955 1131 veneni,
999 1078 1113 1132 quod
1156 1077 1345 1118 eiusdem
1386 1076 1560 1119 Clodiae

216 1138 431 1180 necandae
462 1152 590 1179 causa
617 1151 791 1190 parasse
819 1136 1012 1178 Caelium
1038 1136 1332 1177 criminantur.
1393 1135 1562 1177 Aurum

220 1197 423 1251 sumpsit,
460 1198 509 1237 ut
541 1196 702 1249 dicitis,
738 1195 851 1248 quod
882 1194 928 1235 L.
961 1194 1117 1236 Luccei
1149 1194 1284 1236 servis
1316 1194 1454 1247 daret,
1484 1208 1562 1248 per

220 1270 328 1309 quos
360 1254 675 1296 Alexandrinus
702 1252 798 1307 Dio,
831 1253 904 1306 qui
930 1256 1024 1293 tum
1050 1253 1161 1307 apud
1187 1252 1416 1294 Lucceium
1441 1252 1561 1293 habi-

219 1314 360 1367 tabat,
396 1315 633 1353 necaretur.
695 1311 903 1366 Magnum
943 1312 1103 1352 crimen
1137 1311 1204 1352 vel
1235 1311 1281 1352 in
1311 1310 1467 1365 legatis
1500 1310 1561 1351 in-

220 1371 426 1413 sidiandis
457 1371 525 1411 vel
555 1370 601 1411 in
632 1370 766 1411 servis
799 1369 850 1410 ad
881 1369 1099 1423 hospitem
1130 1369 1292 1410 domini
1322 1368 1561 1410 necandum

221 1429 517 1482 sollicitandis,
550 1429 725 1482 plenum
757 1428 928 1469 sceleris
961 1428 1199 1481 consilium,
1230 1428 1404 1481 plenum
1436 1427 1561 1468 auda-

162 1495 205 1525 52
221 1489 327 1530 ciae!
391 1487 484 1537 Quo
518 1487 690 1541 quidem
715 1487 761 1527 in
787 1486 962 1527 crimine
988 1486 1176 1540 primum
1200 1485 1307 1527 illud
1332 1486 1560 1540 requiram,

220 1547 429 1588 dixeritne
462 1545 653 1599 Clodiae,
692 1559 820 1599 quam
858 1545 911 1586 ad
947 1559 1038 1585 rem
1076 1559 1227 1586 aurum
1262 1547 1468 1598 sumeret,
1506 1558 1562 1586 an

219 1620 307 1647 non
333 1604 499 1645 dixerit.
557 1602 603 1645 81
627 1618 714 1645 11011
740 1603 858 1656 dixit,
886 1618 959 1644 cur
985 1603 1131 1644 dedit?
1195 1602 1241 1644 81
1267 1603 1386 1656 dixit,
1412 1603 1561 1644 eodem

221 1679 265 1705 se
286 1663 573 1705 conscientiae
594 1662 752 1703 scelere
773 1662 974 1703 devinxit.
1006 1661 1124 1703 Tune
1145 1676 1296 1703 aurum
1310 1676 1361 1702 ex
1374 1661 1560 1703 armario

220 1725 296 1763 tuo
328 1735 523 1776 promere
556 1735 660 1761 ausa
692 1735 753 1774 es,
785 1723 887 1761 tune
919 1719 1133 1762 Venerem
1163 1720 1285 1761 illam
1317 1722 1437 1761 tuam
1466 1734 1560 1774 spo-

220 1781 325 1821 liare
359 1779 641 1833 ornamentis,
674 1778 965 1832 spoliatricem
998 1781 1257 1833 ceterorum,
1290 1793 1386 1820 cum
1418 1778 1561 1832 scires,

222 1841 431 1893 quantum
460 1838 513 1879 ad
537 1837 703 1878 facinus
731 1851 882 1878 aurum
907 1837 989 1879 1100
1016 1840 1303 1891 quaereretur,
1336 1837 1389 1878 ad
1413 1851 1561 1878 necem

1580 737 1614 763 10

1581 1030 1614 1056 15

1580 1323 1615 1348 20

1580 1616 1615 1642 25

220 1897 373 1952 legati,
411 1897 463 1937 ad
496 1896 541 1937 L.
574 1895 746 1949 Luccei,
783 1896 1045 1937 sanctissimi
1075 1896 1263 1937 hominis
1296 1898 1424 1950 atque
1455 1895 1561 1936 inte·
1580 1910 1616 1936 30

221 1955 415 2010 gerrimi,
452 1955 594 1996 labem
630 1954 801 1995 sceleris
834 1955 1169 2008 sempiternam?
1235 1953 1348 1995 Huic
1380 1953 1561 1995 facinori

221 2017 343 2055 tanto
376 2017 452 2054 tua
483 2028 603 2054 mens
631 2013 822 2053 liberalis
849 2013 1030 2066 conscia,
1062 2016 1138 2054 tua
1163 2013 1314 2053 domus
1339 2011 1560 2066 popularis

222 2072 439 2126 ministra,
479 2075 555 2112 tua
592 2071 772 2124 denique
810 2071 1039 2125 hospitalis
1077 2071 1154 2112 illa
1190 2069 1335 2111 Venus
1374 2069 1562 2111 adiutrix

163 2134 207 2165 53
223 2144 313 2170 esse
359 2144 447 2171 non
490 2129 648 2171 debuit.
722 2128 845 2170 Vidit
888 2130 970 2170 hoc
1012 2129 1193 2183 Balbus,
1242 2128 1425 2170 celatam
1468 2142 1561 2169 esse

223 2187 417 2229 Clodiam
455 2188 581 2241 dixit,
620 2190 748 2241 atque
786 2187 849 2227 ita
881 2187 1075 2229 Caelium
1112 2188 1164 2228 ad
1198 2187 1319 2227 illam
1349 2185 1561 2241 attulisse,
1580 2201 1614 2228 35

224 2259 267 2285 se
318 2246 370 2285 ad
415 2249 613 2287 ornatum
655 2246 853 2286 ludorum
899 2261 1050 2286 aurum
1095 2259 1307 2299 quaerere.
1382 2242 1428 2285 81
1471 2247 1562 2285 tam

222 2302 448 2344 familiaris
493 2307 585 2344 erat
622 2303 814 2358 Clodiae,
859 2318 987 2357 quam
1030 2306 1078 2345 tu
1120 2317 1212 2345 esse
1250 2302 1332 2357 vis,
1377 2317 1474 2344 cum
1511 2303 1562 2344 de
