1671 2543
179 94 267 136 406
377 94 428 129 IN
455 94 502 128 M.
530 92 788 129 ANTONIUM
814 92 995 128 ORATIO
1021 91 1287 127 PHILIPPICA
1312 92 1358 128 n.
1633 77 1643 119 1

180 202 362 244 Martias
400 201 689 243 immunitatis
728 201 878 242 tabula
911 214 1016 242 neve
1049 201 1168 242 cuius
1201 199 1398 242 beneficii
1428 199 1529 256 fige-

179 265 310 303 retur.
366 260 635 302 Meministi
625 274 729 314 ipse,
756 260 806 302 de
827 259 1035 313 exulibus,
1061 259 1158 313 5315,
1183 258 1233 300 (13
1253 258 1528 301 immunitate

180 320 282 385 quid
320 320 489 361 dixeris.
554 318 779 373 Optimum
811 333 922 372 vero,
955 318 1069 373 quod
1101 318 1340 359 dictaturae
1371 332 1527 360 nomen

180 379 225 420 in
269 381 541 433 pei-'petuum
570 377 620 419 de
660 392 705 418 re
743 377 916 432 publica
954 376 1190 442 sustulisti3
1234 391 1318 431 quo
1357 376 1528 431 quidem

179 436 295 479 facto
342 439 512 478 tantum
556 438 598 477 te
644 436 807 490 cepisse
849 436 994 478 odium
1032 435 1155 492 regni
1192 435 1436 490 videbatur,
1478 438 1529 477 ut
1564 450 1582 477 ε»

181 496 271 537 31115
305 511 429 537 3111311
462 510 586 537 3111113
619 498 797 549 propter
827 494 1071 550 ploximum
1103 494 1330 536 dictatoris
1363 496 1529 536 metum

121 564 164 595 92
180 555 368 596 tolleres.
431 553 683 597 Constituta
714 568 782 595 res
814 554 989 608 publica
1018 553 1246 595 videbatur
1277 553 1385 606 aliis,
1421 553 1529 595 mihi

179 628 279 655 vero
312 613 431 655 nullo
464 613 613 667 modo,
646 613 719 667 qui
753 612 897 654 omnia
927 616 970 654 te
1003 612 1270 667 gubernante
1300 611 1530 667 naufragia

179 672 437 713 metuebam.
496 671 614 713 Num
646 671 782 727 igitur
814 686 883 714 me
914 670 1087 725 fefellit,
1126 674 1201 712 aut
1230 685 1335 712 num
1366 670 1528 713 diutius

181 731 246 772 sui
278 731 423 785 potuit
455 730 679 772 dissimilis
713 730 837 772 esse?
877 729 1251 785 inspectantibus
1282 729 1406 772 vobis
1433 732 1528 772 toto
1549 743 1584 770 ιο

180 789 396 844 Capitolio
448 790 621 831 tabulae
670 789 933 844 figebantur,
976 803 1113 844 neque
1159 789 1300 830 solum
1345 788 1528 844 singulis

178 848 386 889 venibant
429 848 745 902 immunitates,
791 848 864 889 sed
908 847 1039 889 etiam
1081 847 1254 902 populis
1297 847 1530 902 universis3

180 907 332 949 civitas
369 921 458 949 non
494 907 581 948 iam
619 907 892 962 singillatim,
931 906 1006 948 sed
1041 906 1274 961 provinciis
1313 906 1420 948 totis
1461 905 1530 947 da-

179 966 320 1007 batur.
377 965 543 1020 ltaque,
570 966 607 1007 si
632 965 738 1007 haec
764 967 951 1019 manent,
979 979 1087 1020 quae
1115 967 1258 1006 stante
1284 979 1330 1006 re
1355 964 1531 1019 publica

179 1039 355 1066 manere
386 1039 472 1066 non
503 1027 697 1079 possunt,
728 1024 971 1079 provincias
997 1024 1231 1077 universas,
1262 1025 1408 1078 patres
1434 1037 1531 1066 con·
1550 1037 1583 1063 15

182 1083 344 1138 scripti,
379 1083 641 1137 perdidistis,
673 1098 811 1138 neque
843 1083 1075 1138 vectigalia
1107 1082 1259 1136 solum,
1292 1082 1367 1124 sed
1398 1082 1530 1123 etiam

180 1142 411 1196 imperium
454 1142 604 1196 populi
648 1141 833 1184 Romani
873 1141 1001 1183 huius
1039 1115 1289 1183 domesticis
1328 1140 1530 1183 nundinis

112 1181 164 1221 37
148 1200 452 1270 3deminutum
485 1203 562 1242 est.
619 1200 707 1242 Ubi
733 1203 800 1242 est
826 1200 1014 1254 septiens
1041 1200 1222 1253 miliens,
1255 1199 1369 1253 quod
1394 1201 1462 1241 est
1486 1200 1531 1240 in

124 1240 362 1313 93tabulis,
407 1273 515 1313 quae
561 1262 661 1300 sunt
704 1259 756 1300 ad
795 1258 930 1313 Opis?
968 1258 1164 1300 funestae
1201 1258 1319 1299 illius
1357 1257 1529 1312 quidem

181 1317 405 1372 pecuniae,
444 1317 518 1358 sed
556 1320 701 1358 tamen
741 1332 848 1371 quae
885 1331 982 1370 nos,
1021 1317 1056 1358 si
1094 1316 1165 1370 iis,
1204 1330 1386 1370 quorum
1424 1319 1584 1370 erat,2o

181 1390 270 1417 non
294 1375 554 1429 redderetur,
584 1390 609 1416 a
635 1376 812 1416 tributis
838 1378 987 1429 posset
1011 1375 1239 1416 vindicare.
1295 1374 1358 1416 Tu
1385 1377 1530 1416 autem

185 1433 566 1489 quadringentiens
583 1434 843 1487 sestertium,
859 1433 971 1487 quod
985 1432 1133 1474 Idibus
1142 1432 1314 1474 Martiis
1330 1433 1530 1487 debuisti,

185 1506 371 1546 quonam
411 1492 538 1533 modo
578 1495 675 1533 ante
708 1492 924 1533 Kalendas
957 1492 1130 1546 Apriles
1163 1492 1316 1533 debere
1349 1491 1529 1533 desisti?

185 1550 294 1592 Sunt
326 1565 375 1592 ea
401 1551 574 1605 quidem
598 1551 945 1604 innumerabilia,
978 1565 1084 1604 quae
1112 1565 1137 1592 a
1162 1550 1250 1592 tuis
1277 1550 1531 1592 emebantur

181 1624 269 1650 non
294 1609 502 1651 insciente
530 1612 584 1664 te,
617 1609 690 1650 sed
715 1624 847 1650 unum
875 1609 1098 1664 egregium
1124 1609 1174 1650 de
1200 1623 1301 1664 rege
1322 1608 1528 1651 Deiotaro
1548 1621 1582 1648 85

182 1668 332 1722 populi
352 1668 537 1710 Romani
558 1668 819 1709 amicissimo
840 1668 938 1709 (1331
941 1668 1089 1709 etum
1079 1683 1123 1709 111
1142 1666 1358 1722 Capitolio
1378 1667 1531 1722 fixum;

184 1741 266 1781 quo
307 1727 531 1781 proposito
575 1741 701 1768 nemo
746 1729 839 1768 erat
883 1727 956 1781 qui
994 1726 1037 1768 in
1076 1726 1171 1792 ipso
1210 1726 1356 1768 dolore
1394 1725 1529 1768 risum

114 1804 158 1834 94
183 1788 330 1838 posset
363 1786 593 1827 continere.
657 1785 762 1834 Quis
795 1785 909 1826 enim
936 1785 1134 1843 cuiquam
1159 1784 1375 1826 inimicior
1401 1799 1529 1839 quam

182 1843 390 1885 Deiotaro
418 1843 605 1886 Caesar?
636 1858 767 1898 aeque
795 1847 924 1898 atque
949 1843 1049 1885 huic
1075 1838 1226 1897 ordini,
1250 1845 1301 1884 ut
1327 1843 1529 1898 equestri,

182 1906 230 1943 ut
262 1901 624 1957 Massiliensibus,
661 1906 710 1943 ut
746 1903 962 1955 omnibus,
1001 1902 1156 1956 quibus
1189 1912 1279 1943 rem
1310 1901 1583 1956 publicamao

181 1961 331 2025 populi
368 1960 554 2003 Romani
592 1975 734 2002 caram
773 1975 864 2002 esse
903 1960 1129 2002 sentiebat.
1196 1959 1356 2016 Igitur,
1387 1974 1413 2001 a
1445 1973 1531 2015 quo

183 2020 280 2060 vivo
313 2033 392 2061 nec
423 2033 626 2073 piaesens
658 2034 735 2060 1133
762 2019 915 2060 absens
941 2033 1015 2060 rex
1039 2018 1273 2060 Deiotarus
1300 2018 1528 2073 quicquam

184 2077 309 2131 aequi
340 2078 444 2119 boni
475 2078 736 2132 impetravit,
772 2077 884 2131 apud
915 2079 1134 2118 mortuum
1165 2077 1306 2119 factus
1338 2078 1404 2118 est
1435 2089 1529 2131 gra·
1568 2102 1571 2103 ν

183 2136 333 2177 tiosus.
401 2134 677 2190 Conpellarat
725 2135 938 2190 hospitem
991 2149 1210 2190 praesens,
1260 2136 1529 2189 conputarat,
1643 2114 1658 2150 '⁹

182 2194 407 2246 pecuniam
431 2194 662 2260 inperarat,
687 2194 734 2235 in
758 2194 848 2235 eius
874 2193 1110 2235 tetrarchia
1128 2208 1262 2235 unum
1281 2207 1331 2234 ex
1352 2191 1528 2235 Graecis
1547 2204 1581 2230 ³⁵
1643 2151 1658 2261 ξ

184 2252 416 2293 comitibus
467 2253 555 2294 suis
607 2253 857 2306 collocarat,
914 2252 1164 2293 Armeniam
1213 2250 1454 2292 abstulerat
1504 2265 1530 2293 a

184 2312 334 2350 senatu
377 2310 533 2352 datam.
601 2310 720 2352 Haec
760 2311 881 2351 vivus
924 2310 1098 2364 eripuit,
1141 2309 1281 2350 reddit
1318 2313 1527 2351 mortuus.
1468 2290 1660 2543 ἰ
