<?xml version="1.0" encoding="UTF-8"?>
<!DOCTYPE html PUBLIC "-//W3C//DTD XHTML 1.0 Transitional//EN"
    "http://www.w3.org/TR/xhtml1/DTD/xhtml1-transitional.dtd">
<html xmlns="http://www.w3.org/1999/xhtml" xml:lang="en" lang="en">
 <head>
  <title>
</title>
<meta http-equiv="Content-Type" content="text/html;charset=utf-8" />
  <meta name='ocr-system' content='tesseract 3.04.00' />
  <meta name='ocr-capabilities' content='ocr_page ocr_carea ocr_par ocr_line ocrx_word'/>
</head>
<body>
  <div class='ocr_page' id='page_1' title='image "./p3scriptaquaemanse02ciceuoft_0263.png"; bbox 0 0 1671 2543; ppageno 0'>
   <div class='ocr_carea' id='block_1_1' title="bbox 74 743 108 767">
    <p class='ocr_par' dir='ltr' id='par_1_1' title="bbox 74 743 108 767">
     <span class='ocr_line' id='line_1_1' title="bbox 74 743 108 767; baseline -0.029 0"><span class='ocrx_word' id='word_1_1' title='bbox 74 743 108 767; x_wconf 91' lang='lat'>10</span> 
     </span>
    </p>
   </div>
   <div class='ocr_carea' id='block_1_2' title="bbox 74 1036 106 1061">
    <p class='ocr_par' dir='ltr' id='par_1_2' title="bbox 74 1036 106 1061">
     <span class='ocr_line' id='line_1_2' title="bbox 74 1036 106 1061; baseline 0.031 -1"><span class='ocrx_word' id='word_1_2' title='bbox 74 1036 106 1061; x_wconf 76' lang='lat'>15</span> 
     </span>
    </p>
   </div>
   <div class='ocr_carea' id='block_1_3' title="bbox 71 1331 105 1356">
    <p class='ocr_par' dir='ltr' id='par_1_3' title="bbox 71 1331 105 1356">
     <span class='ocr_line' id='line_1_3' title="bbox 71 1331 105 1356; baseline 0.029 -1"><span class='ocrx_word' id='word_1_3' title='bbox 71 1331 105 1356; x_wconf 81' lang='lat'>20</span> 
     </span>
    </p>
   </div>
   <div class='ocr_carea' id='block_1_4' title="bbox 71 1624 105 1649">
    <p class='ocr_par' dir='ltr' id='par_1_4' title="bbox 71 1624 105 1649">
     <span class='ocr_line' id='line_1_4' title="bbox 71 1624 105 1649; baseline -0.029 0"><span class='ocrx_word' id='word_1_4' title='bbox 71 1624 105 1649; x_wconf 84' lang='lat'>25</span> 
     </span>
    </p>
   </div>
   <div class='ocr_carea' id='block_1_5' title="bbox 71 1916 106 1941">
    <p class='ocr_par' dir='ltr' id='par_1_5' title="bbox 71 1916 106 1941">
     <span class='ocr_line' id='line_1_5' title="bbox 71 1916 106 1941; baseline 0 0"><span class='ocrx_word' id='word_1_5' title='bbox 71 1916 106 1941; x_wconf 87' lang='grc'>30</span> 
     </span>
    </p>
   </div>
   <div class='ocr_carea' id='block_1_6' title="bbox 71 2207 104 2233">
    <p class='ocr_par' dir='ltr' id='par_1_6' title="bbox 71 2207 104 2233">
     <span class='ocr_line' id='line_1_6' title="bbox 71 2207 104 2233; baseline 0 0"><span class='ocrx_word' id='word_1_6' title='bbox 71 2207 104 2233; x_wconf 80' lang='grc'>35</span> 
     </span>
    </p>
   </div>
   <div class='ocr_carea' id='block_1_7' title="bbox 590 94 1479 137">
    <p class='ocr_par' dir='ltr' id='par_1_7' title="bbox 590 94 1479 137">
     <span class='ocr_line' id='line_1_7' title="bbox 590 94 1479 137; baseline 0.01 -9"><span class='ocrx_word' id='word_1_7' title='bbox 590 94 682 129; x_wconf 84' lang='lat' dir='ltr'>CAP</span> <span class='ocrx_word' id='word_1_8' title='bbox 720 98 835 130; x_wconf 87' lang='lat'>8—10</span> <span class='ocrx_word' id='word_1_9' title='bbox 862 98 881 137; x_wconf 66' lang='lat' dir='ltr'><strong>g</strong></span> <span class='ocrx_word' id='word_1_10' title='bbox 911 98 1058 130; x_wconf 83' lang='lat'><strong>19-25.</strong></span> <span class='ocrx_word' id='word_1_11' title='bbox 1395 95 1479 137; x_wconf 79' lang='lat'>123</span> 
     </span>
    </p>
   </div>
   <div class='ocr_carea' id='block_1_8' title="bbox 123 202 1544 2369">
    <p class='ocr_par' dir='ltr' id='par_1_8' title="bbox 127 202 1477 670">
     <span class='ocr_line' id='line_1_8' title="bbox 129 202 1477 257; baseline 0 -13"><span class='ocrx_word' id='word_1_12' title='bbox 129 203 388 244; x_wconf 79' lang='lat' dir='ltr'>existimatis</span> <span class='ocrx_word' id='word_1_13' title='bbox 426 205 470 244; x_wconf 91' lang='lat' dir='ltr'>et</span> <span class='ocrx_word' id='word_1_14' title='bbox 508 202 652 244; x_wconf 87' lang='lat' dir='ltr'>facitis</span> <span class='ocrx_word' id='word_1_15' title='bbox 691 202 794 257; x_wconf 79' lang='lat' dir='ltr'>ipsi)</span> <span class='ocrx_word' id='word_1_16' title='bbox 833 203 1074 245; x_wconf 84' lang='lat' dir='ltr'>incredibili</span> <span class='ocrx_word' id='word_1_17' title='bbox 1113 203 1298 257; x_wconf 87' lang='lat' dir='ltr'>quodam</span> <span class='ocrx_word' id='word_1_18' title='bbox 1332 218 1477 244; x_wconf 87' lang='lat' dir='ltr'>amore</span> 
     </span>
     <span class='ocr_line' id='line_1_9' title="bbox 129 262 1475 316; baseline 0.001 -13"><span class='ocrx_word' id='word_1_19' title='bbox 129 263 307 316; x_wconf 83' lang='lat' dir='ltr'>patriae,</span> <span class='ocrx_word' id='word_1_20' title='bbox 337 262 409 316; x_wconf 85' lang='lat' dir='ltr'>qui</span> <span class='ocrx_word' id='word_1_21' title='bbox 435 276 502 302; x_wconf 88' lang='lat' dir='ltr'>me</span> <span class='ocrx_word' id='word_1_22' title='bbox 529 276 649 303; x_wconf 87' lang='lat' dir='ltr'>amor</span> <span class='ocrx_word' id='word_1_23' title='bbox 676 265 719 303; x_wconf 93' lang='lat' dir='ltr'>et</span> <span class='ocrx_word' id='word_1_24' title='bbox 745 262 971 303; x_wconf 83' lang='lat' dir='ltr'>subvenire</span> <span class='ocrx_word' id='word_1_25' title='bbox 998 262 1102 303; x_wconf 93' lang='lat' dir='ltr'>olim</span> <span class='ocrx_word' id='word_1_26' title='bbox 1128 262 1475 316; x_wconf 60' lang='lat' dir='ltr'>impendentibus</span> 
     </span>
     <span class='ocr_line' id='line_1_10' title="bbox 128 320 1476 375; baseline 0.001 -14"><span class='ocrx_word' id='word_1_27' title='bbox 128 321 331 375; x_wconf 89' lang='lat' dir='ltr'>periculis</span> <span class='ocrx_word' id='word_1_28' title='bbox 360 320 558 362; x_wconf 83' lang='lat' dir='ltr'>maximis</span> <span class='ocrx_word' id='word_1_29' title='bbox 592 335 689 362; x_wconf 92' lang='lat' dir='ltr'>cum</span> <span class='ocrx_word' id='word_1_30' title='bbox 721 321 995 362; x_wconf 83' lang='lat' dir='ltr'>dimicatione</span> <span class='ocrx_word' id='word_1_31' title='bbox 1029 321 1184 375; x_wconf 87' lang='lat' dir='ltr'>capitis</span> <span class='ocrx_word' id='word_1_32' title='bbox 1217 324 1260 361; x_wconf 92' lang='lat' dir='ltr'>et</span> <span class='ocrx_word' id='word_1_33' title='bbox 1293 335 1476 375; x_wconf 88' lang='lat' dir='ltr'>rursum,</span> 
     </span>
     <span class='ocr_line' id='line_1_11' title="bbox 129 379 1477 434; baseline 0 -14"><span class='ocrx_word' id='word_1_34' title='bbox 129 394 226 420; x_wconf 86' lang='lat' dir='ltr'>cum</span> <span class='ocrx_word' id='word_1_35' title='bbox 254 380 397 421; x_wconf 87' lang='lat' dir='ltr'>omnia</span> <span class='ocrx_word' id='word_1_36' title='bbox 422 380 510 420; x_wconf 90' lang='lat' dir='ltr'>tela</span> <span class='ocrx_word' id='word_1_37' title='bbox 534 379 721 433; x_wconf 90' lang='lat' dir='ltr'>undique</span> <span class='ocrx_word' id='word_1_38' title='bbox 749 394 840 420; x_wconf 89' lang='lat' dir='ltr'>esse</span> <span class='ocrx_word' id='word_1_39' title='bbox 870 380 1038 421; x_wconf 88' lang='lat' dir='ltr'>intenta</span> <span class='ocrx_word' id='word_1_40' title='bbox 1069 380 1114 420; x_wconf 90' lang='lat' dir='ltr'>in</span> <span class='ocrx_word' id='word_1_41' title='bbox 1145 380 1333 434; x_wconf 87' lang='lat' dir='ltr'>patriam</span> <span class='ocrx_word' id='word_1_42' title='bbox 1364 380 1477 421; x_wconf 85' lang='lat' dir='ltr'>vide-</span> 
     </span>
     <span class='ocr_line' id='line_1_12' title="bbox 129 438 1475 493; baseline 0 -14"><span class='ocrx_word' id='word_1_43' title='bbox 129 453 231 491; x_wconf 83' lang='lat' dir='ltr'>rem,</span> <span class='ocrx_word' id='word_1_44' title='bbox 264 438 407 479; x_wconf 87' lang='lat' dir='ltr'>subire</span> <span class='ocrx_word' id='word_1_45' title='bbox 435 438 577 493; x_wconf 72' lang='lat' dir='ltr'>coegit</span> <span class='ocrx_word' id='word_1_46' title='bbox 604 441 733 492; x_wconf 87' lang='lat' dir='ltr'>atque</span> <span class='ocrx_word' id='word_1_47' title='bbox 760 439 953 492; x_wconf 77' lang='lat' dir='ltr'>excipere</span> <span class='ocrx_word' id='word_1_48' title='bbox 979 453 1112 479; x_wconf 89' lang='lat' dir='ltr'>unum</span> <span class='ocrx_word' id='word_1_49' title='bbox 1140 453 1218 493; x_wconf 87' lang='lat' dir='ltr'>pro</span> <span class='ocrx_word' id='word_1_50' title='bbox 1251 439 1475 480; x_wconf 88' lang='lat' dir='ltr'>universis.</span> 
     </span>
     <span class='ocr_line' id='line_1_13' title="bbox 128 497 1475 551; baseline 0.001 -14"><span class='ocrx_word' id='word_1_51' title='bbox 128 497 211 538; x_wconf 87' lang='lat' dir='ltr'>Hic</span> <span class='ocrx_word' id='word_1_52' title='bbox 249 511 316 538; x_wconf 91' lang='lat' dir='ltr'>me</span> <span class='ocrx_word' id='word_1_53' title='bbox 354 511 473 538; x_wconf 91' lang='lat' dir='ltr'>meus</span> <span class='ocrx_word' id='word_1_54' title='bbox 511 497 556 537; x_wconf 93' lang='lat' dir='ltr'>in</span> <span class='ocrx_word' id='word_1_55' title='bbox 593 511 684 538; x_wconf 89' lang='lat' dir='ltr'>rem</span> <span class='ocrx_word' id='word_1_56' title='bbox 722 497 940 550; x_wconf 78' lang='lat' dir='ltr'>publicam</span> <span class='ocrx_word' id='word_1_57' title='bbox 982 498 1149 538; x_wconf 90' lang='lat' dir='ltr'>animus</span> <span class='ocrx_word' id='word_1_58' title='bbox 1181 497 1392 551; x_wconf 87' lang='lat' dir='ltr'>pristinus</span> <span class='ocrx_word' id='word_1_59' title='bbox 1426 512 1475 538; x_wconf 89' lang='lat' dir='ltr'>ac</span> 
     </span>
     <span class='ocr_line' id='line_1_14' title="bbox 127 555 1475 610; baseline 0.001 -14"><span class='ocrx_word' id='word_1_60' title='bbox 127 556 327 609; x_wconf 89' lang='lat' dir='ltr'>perennis</span> <span class='ocrx_word' id='word_1_61' title='bbox 359 570 455 596; x_wconf 91' lang='lat' dir='ltr'>cum</span> <span class='ocrx_word' id='word_1_62' title='bbox 487 555 533 597; x_wconf 88' lang='lat' dir='ltr'>C.</span> <span class='ocrx_word' id='word_1_63' title='bbox 560 555 742 597; x_wconf 83' lang='lat' dir='ltr'>Caesare</span> <span class='ocrx_word' id='word_1_64' title='bbox 775 556 953 610; x_wconf 86' lang='lat' dir='ltr'>reducit,</span> <span class='ocrx_word' id='word_1_65' title='bbox 985 556 1248 610; x_wconf 75' lang='lat' dir='ltr'>reconciliat,</span> <span class='ocrx_word' id='word_1_66' title='bbox 1280 556 1475 597; x_wconf 86' lang='lat' dir='ltr'>restituit</span> 
     </span>
     <span class='ocr_line' id='line_1_15' title="bbox 127 614 402 670; baseline -0.004 -15"><span class='ocrx_word' id='word_1_67' title='bbox 127 615 172 655; x_wconf 90' lang='lat' dir='ltr'>in</span> <span class='ocrx_word' id='word_1_68' title='bbox 204 614 402 670; x_wconf 86' lang='lat' dir='ltr'>gratiam.</span> 
     </span>
    </p>

    <p class='ocr_par' dir='ltr' id='par_1_9' title="bbox 123 672 1544 2369">
     <span class='ocr_line' id='line_1_16' title="bbox 217 672 1532 727; baseline 0 -14"><span class='ocrx_word' id='word_1_69' title='bbox 217 673 340 722; x_wconf 83' lang='lat' dir='ltr'>Quod</span> <span class='ocrx_word' id='word_1_70' title='bbox 371 673 518 714; x_wconf 83' lang='lat' dir='ltr'>volent</span> <span class='ocrx_word' id='word_1_71' title='bbox 555 672 737 727; x_wconf 87' lang='lat' dir='ltr'>denique</span> <span class='ocrx_word' id='word_1_72' title='bbox 775 673 971 714; x_wconf 87' lang='lat' dir='ltr'>homines</span> <span class='ocrx_word' id='word_1_73' title='bbox 1005 674 1270 727; x_wconf 83' lang='lat' dir='ltr'>existiment,</span> <span class='ocrx_word' id='word_1_74' title='bbox 1310 674 1473 714; x_wconf 89' lang='lat' dir='ltr'>nemini</span> <span class='ocrx_word' id='word_1_75' title='bbox 1487 683 1532 713; x_wconf 72' lang='lat'>24</span> 
     </span>
     <span class='ocr_line' id='line_1_17' title="bbox 127 732 1473 787; baseline 0 -14"><span class='ocrx_word' id='word_1_76' title='bbox 127 746 207 787; x_wconf 89' lang='lat' dir='ltr'>ego</span> <span class='ocrx_word' id='word_1_77' title='bbox 251 746 428 786; x_wconf 89' lang='lat' dir='ltr'>possum</span> <span class='ocrx_word' id='word_1_78' title='bbox 472 746 564 772; x_wconf 87' lang='lat' dir='ltr'>esse</span> <span class='ocrx_word' id='word_1_79' title='bbox 608 732 716 773; x_wconf 89' lang='lat' dir='ltr'>bene</span> <span class='ocrx_word' id='word_1_80' title='bbox 761 732 943 772; x_wconf 90' lang='lat' dir='ltr'>merenti</span> <span class='ocrx_word' id='word_1_81' title='bbox 987 732 1038 773; x_wconf 89' lang='lat' dir='ltr'>de</span> <span class='ocrx_word' id='word_1_82' title='bbox 1083 747 1126 773; x_wconf 91' lang='lat' dir='ltr'>re</span> <span class='ocrx_word' id='word_1_83' title='bbox 1170 732 1344 787; x_wconf 90' lang='lat' dir='ltr'>publica</span> <span class='ocrx_word' id='word_1_84' title='bbox 1386 747 1473 774; x_wconf 89' lang='lat' dir='ltr'>non</span> 
     </span>
     <span class='ocr_line' id='line_1_18' title="bbox 127 777 1544 844; baseline 0.001 -13"><span class='ocrx_word' id='word_1_85' title='bbox 127 791 299 832; x_wconf 71' lang='lat' dir='ltr'>amicus⁴</span> <span class='ocrx_word' id='word_1_86' title='bbox 361 790 555 844; x_wconf 88' lang='lat' dir='ltr'>Etenim,</span> <span class='ocrx_word' id='word_1_87' title='bbox 592 791 629 831; x_wconf 89' lang='lat' dir='ltr'>si</span> <span class='ocrx_word' id='word_1_88' title='bbox 666 791 738 844; x_wconf 90' lang='lat' dir='ltr'>iis,</span> <span class='ocrx_word' id='word_1_89' title='bbox 783 791 855 844; x_wconf 89' lang='lat' dir='ltr'>qui</span> <span class='ocrx_word' id='word_1_90' title='bbox 893 791 998 832; x_wconf 84' lang='lat' dir='ltr'>haec</span> <span class='ocrx_word' id='word_1_91' title='bbox 1037 791 1179 832; x_wconf 89' lang='lat' dir='ltr'>omnia</span> <span class='ocrx_word' id='word_1_92' title='bbox 1216 791 1389 832; x_wconf 90' lang='lat' dir='ltr'>flamma</span> <span class='ocrx_word' id='word_1_93' title='bbox 1421 806 1469 832; x_wconf 90' lang='lat' dir='ltr'>ac</span> <span class='ocrx_word' id='word_1_94' title='bbox 1490 777 1544 817; x_wconf 73' lang='grc'>10</span> 
     </span>
     <span class='ocr_line' id='line_1_19' title="bbox 125 834 1544 903; baseline 0.001 -13"><span class='ocrx_word' id='word_1_95' title='bbox 125 850 239 891; x_wconf 86' lang='lat' dir='ltr'>ferro</span> <span class='ocrx_word' id='word_1_96' title='bbox 260 849 399 890; x_wconf 89' lang='lat' dir='ltr'>delere</span> <span class='ocrx_word' id='word_1_97' title='bbox 419 849 660 902; x_wconf 86' lang='lat' dir='ltr'>voluerunt,</span> <span class='ocrx_word' id='word_1_98' title='bbox 685 864 773 891; x_wconf 91' lang='lat' dir='ltr'>non</span> <span class='ocrx_word' id='word_1_99' title='bbox 792 850 1041 891; x_wconf 73' lang='lat' dir='ltr'>inimicitias</span> <span class='ocrx_word' id='word_1_100' title='bbox 1066 850 1217 903; x_wconf 88' lang='lat' dir='ltr'>solum,</span> <span class='ocrx_word' id='word_1_101' title='bbox 1244 850 1316 891; x_wconf 88' lang='lat' dir='ltr'>sed</span> <span class='ocrx_word' id='word_1_102' title='bbox 1338 834 1544 891; x_wconf 59' lang='lat' dir='ltr'>etiamffl)</span> 
     </span>
     <span class='ocr_line' id='line_1_20' title="bbox 125 908 1472 963; baseline 0.001 -15"><span class='ocrx_word' id='word_1_103' title='bbox 125 909 288 949; x_wconf 88' lang='lat' dir='ltr'>bellum</span> <span class='ocrx_word' id='word_1_104' title='bbox 320 908 455 948; x_wconf 78' lang='lat' dir='ltr'>indixi</span> <span class='ocrx_word' id='word_1_105' title='bbox 488 910 617 962; x_wconf 90' lang='lat' dir='ltr'>atque</span> <span class='ocrx_word' id='word_1_106' title='bbox 650 908 796 961; x_wconf 89' lang='lat' dir='ltr'>intuli,</span> <span class='ocrx_word' id='word_1_107' title='bbox 835 923 930 949; x_wconf 88' lang='lat' dir='ltr'>cum</span> <span class='ocrx_word' id='word_1_108' title='bbox 966 909 1127 963; x_wconf 83' lang='lat' dir='ltr'>partim</span> <span class='ocrx_word' id='word_1_109' title='bbox 1159 909 1266 949; x_wconf 89' lang='lat' dir='ltr'>mihi</span> <span class='ocrx_word' id='word_1_110' title='bbox 1298 908 1472 950; x_wconf 89' lang='lat' dir='ltr'>illorum</span> 
     </span>
     <span class='ocr_line' id='line_1_21' title="bbox 127 967 1472 1021; baseline 0.001 -14"><span class='ocrx_word' id='word_1_111' title='bbox 127 967 374 1021; x_wconf 87' lang='lat' dir='ltr'>familiares,</span> <span class='ocrx_word' id='word_1_112' title='bbox 404 967 565 1020; x_wconf 88' lang='lat' dir='ltr'>partim</span> <span class='ocrx_word' id='word_1_113' title='bbox 591 967 722 1008; x_wconf 85' lang='lat' dir='ltr'>etiam</span> <span class='ocrx_word' id='word_1_114' title='bbox 748 981 815 1007; x_wconf 93' lang='lat' dir='ltr'>me</span> <span class='ocrx_word' id='word_1_115' title='bbox 842 967 1094 1008; x_wconf 82' lang='lat' dir='ltr'>defendente</span> <span class='ocrx_word' id='word_1_116' title='bbox 1122 967 1277 1021; x_wconf 87' lang='lat' dir='ltr'>capitis</span> <span class='ocrx_word' id='word_1_117' title='bbox 1303 967 1472 1008; x_wconf 87' lang='lat' dir='ltr'>iudiciis</span> 
     </span>
     <span class='ocr_line' id='line_1_22' title="bbox 127 1025 1473 1080; baseline 0.001 -14"><span class='ocrx_word' id='word_1_118' title='bbox 127 1028 270 1067; x_wconf 89' lang='lat' dir='ltr'>essent</span> <span class='ocrx_word' id='word_1_119' title='bbox 308 1025 499 1079; x_wconf 86' lang='lat' dir='ltr'>liberati,</span> <span class='ocrx_word' id='word_1_120' title='bbox 544 1040 618 1066; x_wconf 91' lang='lat' dir='ltr'>cur</span> <span class='ocrx_word' id='word_1_121' title='bbox 656 1026 803 1066; x_wconf 91' lang='lat' dir='ltr'>eadem</span> <span class='ocrx_word' id='word_1_122' title='bbox 841 1040 907 1066; x_wconf 88' lang='lat' dir='ltr'>res</span> <span class='ocrx_word' id='word_1_123' title='bbox 945 1026 1135 1080; x_wconf 84' lang='lat' dir='ltr'>publica,</span> <span class='ocrx_word' id='word_1_124' title='bbox 1177 1041 1284 1080; x_wconf 88' lang='lat' dir='ltr'>quae</span> <span class='ocrx_word' id='word_1_125' title='bbox 1322 1041 1390 1067; x_wconf 90' lang='lat' dir='ltr'>me</span> <span class='ocrx_word' id='word_1_126' title='bbox 1428 1026 1473 1067; x_wconf 88' lang='lat' dir='ltr'>in</span> 
     </span>
     <span class='ocr_line' id='line_1_23' title="bbox 126 1084 1471 1139; baseline 0.001 -14"><span class='ocrx_word' id='word_1_127' title='bbox 126 1085 286 1126; x_wconf 87' lang='lat' dir='ltr'>amicos</span> <span class='ocrx_word' id='word_1_128' title='bbox 307 1084 573 1125; x_wconf 88' lang='lat' dir='ltr'>inflammare</span> <span class='ocrx_word' id='word_1_129' title='bbox 598 1085 755 1138; x_wconf 86' lang='lat' dir='ltr'>potuit,</span> <span class='ocrx_word' id='word_1_130' title='bbox 781 1084 967 1125; x_wconf 86' lang='lat' dir='ltr'>inimicis</span> <span class='ocrx_word' id='word_1_131' title='bbox 993 1085 1164 1139; x_wconf 90' lang='lat' dir='ltr'>placare</span> <span class='ocrx_word' id='word_1_132' title='bbox 1190 1099 1277 1126; x_wconf 90' lang='lat' dir='ltr'>non</span> <span class='ocrx_word' id='word_1_133' title='bbox 1302 1085 1471 1139; x_wconf 77' lang='lat' dir='ltr'>possit?</span> 
     </span>
     <span class='ocr_line' id='line_1_24' title="bbox 127 1142 1471 1197; baseline 0.001 -14"><span class='ocrx_word' id='word_1_134' title='bbox 127 1143 249 1192; x_wconf 82' lang='lat' dir='ltr'>Quod</span> <span class='ocrx_word' id='word_1_135' title='bbox 281 1143 388 1183; x_wconf 89' lang='lat' dir='ltr'>mihi</span> <span class='ocrx_word' id='word_1_136' title='bbox 421 1143 567 1184; x_wconf 91' lang='lat' dir='ltr'>odium</span> <span class='ocrx_word' id='word_1_137' title='bbox 599 1158 696 1184; x_wconf 89' lang='lat' dir='ltr'>cum</span> <span class='ocrx_word' id='word_1_138' title='bbox 728 1143 773 1183; x_wconf 88' lang='lat' dir='ltr'>P.</span> <span class='ocrx_word' id='word_1_139' title='bbox 806 1142 957 1184; x_wconf 88' lang='lat' dir='ltr'>Clodio</span> <span class='ocrx_word' id='word_1_140' title='bbox 989 1143 1085 1197; x_wconf 85' lang='lat' dir='ltr'>fuit,</span> <span class='ocrx_word' id='word_1_141' title='bbox 1116 1143 1201 1184; x_wconf 87' lang='lat' dir='ltr'>nisi</span> <span class='ocrx_word' id='word_1_142' title='bbox 1234 1144 1347 1197; x_wconf 90' lang='lat' dir='ltr'>quod</span> <span class='ocrx_word' id='word_1_143' title='bbox 1379 1159 1471 1197; x_wconf 83' lang='lat' dir='ltr'>pei·-</span> 
     </span>
     <span class='ocr_line' id='line_1_25' title="bbox 124 1201 1472 1256; baseline 0 -14"><span class='ocrx_word' id='word_1_144' title='bbox 124 1202 336 1243; x_wconf 89' lang='lat' dir='ltr'>niciosum</span> <span class='ocrx_word' id='word_1_145' title='bbox 367 1201 532 1255; x_wconf 84' lang='lat' dir='ltr'>patriae</span> <span class='ocrx_word' id='word_1_146' title='bbox 566 1202 701 1243; x_wconf 86' lang='lat' dir='ltr'>civem</span> <span class='ocrx_word' id='word_1_147' title='bbox 733 1201 823 1243; x_wconf 84' lang='lat' dir='ltr'>fore</span> <span class='ocrx_word' id='word_1_148' title='bbox 856 1202 1076 1256; x_wconf 89' lang='lat' dir='ltr'>putabam,</span> <span class='ocrx_word' id='word_1_149' title='bbox 1113 1202 1186 1256; x_wconf 91' lang='lat' dir='ltr'>qui</span> <span class='ocrx_word' id='word_1_150' title='bbox 1219 1202 1472 1256; x_wconf 89' lang='lat' dir='ltr'>turpissima</span> 
     </span>
     <span class='ocr_line' id='line_1_26' title="bbox 124 1260 1471 1316; baseline 0.001 -15"><span class='ocrx_word' id='word_1_151' title='bbox 124 1260 301 1301; x_wconf 88' lang='lat' dir='ltr'>libidine</span> <span class='ocrx_word' id='word_1_152' title='bbox 330 1260 530 1301; x_wconf 86' lang='lat' dir='ltr'>incensus</span> <span class='ocrx_word' id='word_1_153' title='bbox 563 1261 667 1301; x_wconf 89' lang='lat' dir='ltr'>duas</span> <span class='ocrx_word' id='word_1_154' title='bbox 700 1275 766 1301; x_wconf 87' lang='lat' dir='ltr'>res</span> <span class='ocrx_word' id='word_1_155' title='bbox 800 1260 1108 1313; x_wconf 82' lang='lat' dir='ltr'>sanctissimas,</span> <span class='ocrx_word' id='word_1_156' title='bbox 1141 1261 1395 1316; x_wconf 80' lang='lat' dir='ltr'>religionem</span> <span class='ocrx_word' id='word_1_157' title='bbox 1428 1264 1471 1302; x_wconf 90' lang='lat' dir='ltr'>et</span> 
     </span>
     <span class='ocr_line' id='line_1_27' title="bbox 124 1319 1471 1375; baseline 0.001 -16"><span class='ocrx_word' id='word_1_158' title='bbox 124 1319 394 1373; x_wconf 80' lang='lat' dir='ltr'>pudicitiam,</span> <span class='ocrx_word' id='word_1_159' title='bbox 443 1334 528 1360; x_wconf 89' lang='lat' dir='ltr'>uno</span> <span class='ocrx_word' id='word_1_160' title='bbox 573 1320 731 1360; x_wconf 84' lang='lat' dir='ltr'>scelere</span> <span class='ocrx_word' id='word_1_161' title='bbox 776 1319 1013 1360; x_wconf 78' lang='lat' dir='ltr'>violasset?</span> <span class='ocrx_word' id='word_1_162' title='bbox 1064 1319 1181 1360; x_wconf 90' lang='lat' dir='ltr'>Num</span> <span class='ocrx_word' id='word_1_163' title='bbox 1226 1322 1292 1360; x_wconf 92' lang='lat' dir='ltr'>est</span> <span class='ocrx_word' id='word_1_164' title='bbox 1336 1320 1471 1375; x_wconf 87' lang='lat' dir='ltr'>igitur</span> 
     </span>
     <span class='ocr_line' id='line_1_28' title="bbox 125 1377 1471 1433; baseline 0.001 -15"><span class='ocrx_word' id='word_1_165' title='bbox 125 1378 303 1418; x_wconf 90' lang='lat' dir='ltr'>dubium</span> <span class='ocrx_word' id='word_1_166' title='bbox 347 1392 397 1419; x_wconf 84' lang='lat' dir='ltr'>ex</span> <span class='ocrx_word' id='word_1_167' title='bbox 441 1377 494 1418; x_wconf 89' lang='lat' dir='ltr'>iis</span> <span class='ocrx_word' id='word_1_168' title='bbox 532 1378 679 1432; x_wconf 87' lang='lat' dir='ltr'>rebus,</span> <span class='ocrx_word' id='word_1_169' title='bbox 724 1392 829 1432; x_wconf 89' lang='lat' dir='ltr'>quas</span> <span class='ocrx_word' id='word_1_170' title='bbox 874 1378 910 1419; x_wconf 92' lang='lat' dir='ltr'>is</span> <span class='ocrx_word' id='word_1_171' title='bbox 956 1378 1046 1433; x_wconf 88' lang='lat' dir='ltr'>egit</span> <span class='ocrx_word' id='word_1_172' title='bbox 1085 1379 1262 1433; x_wconf 81' lang='lat' dir='ltr'>agitque</span> <span class='ocrx_word' id='word_1_173' title='bbox 1302 1379 1471 1432; x_wconf 88' lang='lat' dir='ltr'>cotidie,</span> 
     </span>
     <span class='ocr_line' id='line_1_29' title="bbox 125 1436 1471 1492; baseline 0.001 -15"><span class='ocrx_word' id='word_1_174' title='bbox 125 1436 228 1490; x_wconf 90' lang='lat' dir='ltr'>quin</span> <span class='ocrx_word' id='word_1_175' title='bbox 266 1450 346 1492; x_wconf 90' lang='lat' dir='ltr'>ego</span> <span class='ocrx_word' id='word_1_176' title='bbox 384 1436 429 1477; x_wconf 89' lang='lat' dir='ltr'>in</span> <span class='ocrx_word' id='word_1_177' title='bbox 460 1436 536 1477; x_wconf 94' lang='lat' dir='ltr'>illo</span> <span class='ocrx_word' id='word_1_178' title='bbox 570 1437 857 1491; x_wconf 89' lang='lat' dir='ltr'>oppugnando</span> <span class='ocrx_word' id='word_1_179' title='bbox 890 1437 951 1477; x_wconf 85' lang='lat' dir='ltr'>rei</span> <span class='ocrx_word' id='word_1_180' title='bbox 983 1437 1180 1490; x_wconf 85' lang='lat' dir='ltr'>publicae</span> <span class='ocrx_word' id='word_1_181' title='bbox 1212 1437 1309 1491; x_wconf 89' lang='lat' dir='ltr'>plus</span> <span class='ocrx_word' id='word_1_182' title='bbox 1342 1452 1471 1491; x_wconf 91' lang='lat' dir='ltr'>quam</span> 
     </span>
     <span class='ocr_line' id='line_1_30' title="bbox 125 1495 1469 1550; baseline 0.001 -15"><span class='ocrx_word' id='word_1_183' title='bbox 125 1495 215 1536; x_wconf 93' lang='lat' dir='ltr'>otio</span> <span class='ocrx_word' id='word_1_184' title='bbox 256 1510 370 1548; x_wconf 91' lang='lat' dir='ltr'>meo,</span> <span class='ocrx_word' id='word_1_185' title='bbox 412 1510 500 1536; x_wconf 90' lang='lat' dir='ltr'>non</span> <span class='ocrx_word' id='word_1_186' title='bbox 536 1495 645 1536; x_wconf 92' lang='lat' dir='ltr'>nulli</span> <span class='ocrx_word' id='word_1_187' title='bbox 683 1496 728 1536; x_wconf 90' lang='lat' dir='ltr'>in</span> <span class='ocrx_word' id='word_1_188' title='bbox 766 1496 915 1536; x_wconf 91' lang='lat' dir='ltr'>eodem</span> <span class='ocrx_word' id='word_1_189' title='bbox 952 1495 1215 1537; x_wconf 85' lang='lat' dir='ltr'>defendendo</span> <span class='ocrx_word' id='word_1_190' title='bbox 1256 1510 1333 1537; x_wconf 90' lang='lat' dir='ltr'>suo</span> <span class='ocrx_word' id='word_1_191' title='bbox 1372 1497 1469 1550; x_wconf 91' lang='lat' dir='ltr'>plus</span> 
     </span>
     <span class='ocr_line' id='line_1_31' title="bbox 126 1553 1530 1609; baseline 0.001 -16"><span class='ocrx_word' id='word_1_192' title='bbox 126 1553 215 1594; x_wconf 90' lang='lat' dir='ltr'>otio</span> <span class='ocrx_word' id='word_1_193' title='bbox 243 1568 371 1607; x_wconf 89' lang='lat' dir='ltr'>quam</span> <span class='ocrx_word' id='word_1_194' title='bbox 398 1554 614 1595; x_wconf 90' lang='lat' dir='ltr'>communi</span> <span class='ocrx_word' id='word_1_195' title='bbox 639 1554 970 1608; x_wconf 77' lang='lat' dir='ltr'>prospexerint?</span> <span class='ocrx_word' id='word_1_196' title='bbox 1016 1554 1113 1609; x_wconf 88' lang='lat' dir='ltr'>Ego</span> <span class='ocrx_word' id='word_1_197' title='bbox 1146 1569 1214 1595; x_wconf 92' lang='lat' dir='ltr'>me</span> <span class='ocrx_word' id='word_1_198' title='bbox 1247 1569 1272 1595; x_wconf 90' lang='lat' dir='ltr'>a</span> <span class='ocrx_word' id='word_1_199' title='bbox 1298 1554 1342 1596; x_wconf 92' lang='lat' dir='ltr'>C.</span> <span class='ocrx_word' id='word_1_200' title='bbox 1370 1554 1530 1596; x_wconf 73' lang='lat' dir='ltr'>Cae-25</span> 
     </span>
     <span class='ocr_line' id='line_1_32' title="bbox 126 1612 1470 1665; baseline 0.002 -14"><span class='ocrx_word' id='word_1_201' title='bbox 126 1626 218 1652; x_wconf 88' lang='lat' dir='ltr'>sare</span> <span class='ocrx_word' id='word_1_202' title='bbox 246 1612 290 1652; x_wconf 90' lang='lat' dir='ltr'>in</span> <span class='ocrx_word' id='word_1_203' title='bbox 315 1626 360 1652; x_wconf 86' lang='lat' dir='ltr'>re</span> <span class='ocrx_word' id='word_1_204' title='bbox 386 1612 558 1665; x_wconf 88' lang='lat' dir='ltr'>publica</span> <span class='ocrx_word' id='word_1_205' title='bbox 588 1612 840 1654; x_wconf 87' lang='lat' dir='ltr'>dissensisse</span> <span class='ocrx_word' id='word_1_206' title='bbox 867 1612 1008 1654; x_wconf 85' lang='lat' dir='ltr'>fateor</span> <span class='ocrx_word' id='word_1_207' title='bbox 1039 1618 1082 1653; x_wconf 89' lang='lat' dir='ltr'>et</span> <span class='ocrx_word' id='word_1_208' title='bbox 1113 1613 1298 1654; x_wconf 87' lang='lat' dir='ltr'>sensisse</span> <span class='ocrx_word' id='word_1_209' title='bbox 1331 1614 1470 1654; x_wconf 87' lang='lat' dir='ltr'>vobis-</span> 
     </span>
     <span class='ocr_line' id='line_1_33' title="bbox 126 1670 1470 1725; baseline 0.001 -15"><span class='ocrx_word' id='word_1_210' title='bbox 126 1685 240 1723; x_wconf 67' lang='lat' dir='ltr'>cum,</span> <span class='ocrx_word' id='word_1_211' title='bbox 284 1670 357 1710; x_wconf 90' lang='lat' dir='ltr'>sed</span> <span class='ocrx_word' id='word_1_212' title='bbox 400 1685 513 1711; x_wconf 92' lang='lat' dir='ltr'>nunc</span> <span class='ocrx_word' id='word_1_213' title='bbox 556 1671 691 1711; x_wconf 88' lang='lat' dir='ltr'>isdem</span> <span class='ocrx_word' id='word_1_214' title='bbox 735 1672 857 1712; x_wconf 90' lang='lat' dir='ltr'>vobis</span> <span class='ocrx_word' id='word_1_215' title='bbox 903 1671 1133 1724; x_wconf 89' lang='lat' dir='ltr'>adsentior,</span> <span class='ocrx_word' id='word_1_216' title='bbox 1178 1686 1275 1712; x_wconf 92' lang='lat' dir='ltr'>cum</span> <span class='ocrx_word' id='word_1_217' title='bbox 1314 1672 1470 1725; x_wconf 89' lang='lat' dir='ltr'>quibus</span> 
     </span>
     <span class='ocr_line' id='line_1_34' title="bbox 125 1728 1469 1783; baseline 0.002 -15"><span class='ocrx_word' id='word_1_218' title='bbox 125 1731 254 1769; x_wconf 88' lang='lat' dir='ltr'>antea</span> <span class='ocrx_word' id='word_1_219' title='bbox 285 1728 534 1769; x_wconf 84' lang='lat' dir='ltr'>sentiebam.</span> <span class='ocrx_word' id='word_1_220' title='bbox 584 1729 676 1770; x_wconf 88' lang='lat' dir='ltr'>Vos</span> <span class='ocrx_word' id='word_1_221' title='bbox 709 1730 834 1782; x_wconf 90' lang='lat' dir='ltr'>enim,</span> <span class='ocrx_word' id='word_1_222' title='bbox 867 1730 919 1770; x_wconf 89' lang='lat' dir='ltr'>ad</span> <span class='ocrx_word' id='word_1_223' title='bbox 952 1744 1059 1783; x_wconf 90' lang='lat' dir='ltr'>quos</span> <span class='ocrx_word' id='word_1_224' title='bbox 1092 1729 1262 1770; x_wconf 85' lang='lat' dir='ltr'>litteras</span> <span class='ocrx_word' id='word_1_225' title='bbox 1295 1730 1341 1770; x_wconf 91' lang='lat' dir='ltr'>L.</span> <span class='ocrx_word' id='word_1_226' title='bbox 1368 1730 1469 1771; x_wconf 92' lang='lat' dir='ltr'>Piso</span> 
     </span>
     <span class='ocr_line' id='line_1_35' title="bbox 124 1786 1470 1841; baseline 0.001 -14"><span class='ocrx_word' id='word_1_227' title='bbox 124 1788 175 1827; x_wconf 89' lang='lat' dir='ltr'>de</span> <span class='ocrx_word' id='word_1_228' title='bbox 208 1786 296 1827; x_wconf 90' lang='lat' dir='ltr'>suis</span> <span class='ocrx_word' id='word_1_229' title='bbox 328 1787 454 1827; x_wconf 90' lang='lat' dir='ltr'>rebus</span> <span class='ocrx_word' id='word_1_230' title='bbox 485 1802 573 1828; x_wconf 93' lang='lat' dir='ltr'>non</span> <span class='ocrx_word' id='word_1_231' title='bbox 604 1788 732 1828; x_wconf 87' lang='lat' dir='ltr'>audet</span> <span class='ocrx_word' id='word_1_232' title='bbox 769 1789 959 1840; x_wconf 90' lang='lat' dir='ltr'>mittere,</span> <span class='ocrx_word' id='word_1_233' title='bbox 998 1788 1071 1841; x_wconf 90' lang='lat' dir='ltr'>qui</span> <span class='ocrx_word' id='word_1_234' title='bbox 1105 1787 1264 1828; x_wconf 87' lang='lat' dir='ltr'>Gabini</span> <span class='ocrx_word' id='word_1_235' title='bbox 1300 1789 1470 1829; x_wconf 86' lang='lat' dir='ltr'>litteras</span> 
     </span>
     <span class='ocr_line' id='line_1_36' title="bbox 125 1845 1470 1900; baseline 0.001 -15"><span class='ocrx_word' id='word_1_236' title='bbox 125 1845 285 1900; x_wconf 79' lang='lat' dir='ltr'>insigni</span> <span class='ocrx_word' id='word_1_237' title='bbox 324 1845 507 1899; x_wconf 88' lang='lat' dir='ltr'>quadam</span> <span class='ocrx_word' id='word_1_238' title='bbox 543 1848 648 1886; x_wconf 88' lang='lat' dir='ltr'>nota</span> <span class='ocrx_word' id='word_1_239' title='bbox 686 1849 814 1899; x_wconf 87' lang='lat' dir='ltr'>atque</span> <span class='ocrx_word' id='word_1_240' title='bbox 852 1846 1091 1900; x_wconf 86' lang='lat' dir='ltr'>ignominia</span> <span class='ocrx_word' id='word_1_241' title='bbox 1126 1860 1239 1887; x_wconf 81' lang='lat' dir='ltr'>nova</span> <span class='ocrx_word' id='word_1_242' title='bbox 1276 1847 1470 1888; x_wconf 90' lang='lat' dir='ltr'>condem-</span> 
     </span>
     <span class='ocr_line' id='line_1_37' title="bbox 124 1903 1468 1958; baseline 0.002 -14"><span class='ocrx_word' id='word_1_243' title='bbox 124 1904 279 1957; x_wconf 87' lang='lat' dir='ltr'>nastis,</span> <span class='ocrx_word' id='word_1_244' title='bbox 325 1903 369 1945; x_wconf 87' lang='lat' dir='ltr'>C.</span> <span class='ocrx_word' id='word_1_245' title='bbox 403 1903 577 1945; x_wconf 84' lang='lat' dir='ltr'>Caesari</span> <span class='ocrx_word' id='word_1_246' title='bbox 621 1905 956 1958; x_wconf 88' lang='lat' dir='ltr'>supplicationes</span> <span class='ocrx_word' id='word_1_247' title='bbox 1000 1905 1249 1946; x_wconf 87' lang='lat' dir='ltr'>decrevistis</span> <span class='ocrx_word' id='word_1_248' title='bbox 1290 1920 1468 1947; x_wconf 89' lang='lat' dir='ltr'>numero</span> 
     </span>
     <span class='ocr_line' id='line_1_38' title="bbox 123 1962 1468 2016; baseline 0.001 -13"><span class='ocrx_word' id='word_1_249' title='bbox 123 1965 173 2003; x_wconf 91' lang='lat' dir='ltr'>ut</span> <span class='ocrx_word' id='word_1_250' title='bbox 209 1962 371 2003; x_wconf 89' lang='lat' dir='ltr'>nemini</span> <span class='ocrx_word' id='word_1_251' title='bbox 408 1977 493 2003; x_wconf 89' lang='lat' dir='ltr'>uno</span> <span class='ocrx_word' id='word_1_252' title='bbox 532 1977 583 2002; x_wconf 84' lang='lat' dir='ltr'>ex</span> <span class='ocrx_word' id='word_1_253' title='bbox 620 1963 752 2016; x_wconf 91' lang='lat' dir='ltr'>bello,</span> <span class='ocrx_word' id='word_1_254' title='bbox 795 1963 957 2004; x_wconf 88' lang='lat' dir='ltr'>honore</span> <span class='ocrx_word' id='word_1_255' title='bbox 996 1966 1045 2003; x_wconf 94' lang='lat' dir='ltr'>ut</span> <span class='ocrx_word' id='word_1_256' title='bbox 1084 1963 1257 2004; x_wconf 88' lang='lat' dir='ltr'>omnino</span> <span class='ocrx_word' id='word_1_257' title='bbox 1295 1964 1468 2005; x_wconf 87' lang='lat' dir='ltr'>nemini.</span> 
     </span>
     <span class='ocr_line' id='line_1_39' title="bbox 124 2020 1469 2075; baseline 0.002 -14"><span class='ocrx_word' id='word_1_258' title='bbox 124 2020 211 2062; x_wconf 87' lang='lat' dir='ltr'>Cur</span> <span class='ocrx_word' id='word_1_259' title='bbox 243 2021 378 2075; x_wconf 88' lang='lat' dir='ltr'>igitur</span> <span class='ocrx_word' id='word_1_260' title='bbox 409 2023 653 2075; x_wconf 82' lang='lat' dir='ltr'>exspectem</span> <span class='ocrx_word' id='word_1_261' title='bbox 684 2021 902 2062; x_wconf 89' lang='lat' dir='ltr'>hominem</span> <span class='ocrx_word' id='word_1_262' title='bbox 934 2021 1134 2075; x_wconf 90' lang='lat' dir='ltr'>aliquem,</span> <span class='ocrx_word' id='word_1_263' title='bbox 1167 2022 1239 2075; x_wconf 83' lang='lat' dir='ltr'>qui</span> <span class='ocrx_word' id='word_1_264' title='bbox 1271 2036 1339 2062; x_wconf 87' lang='lat' dir='ltr'>me</span> <span class='ocrx_word' id='word_1_265' title='bbox 1373 2037 1469 2065; x_wconf 89' lang='lat' dir='ltr'>cum</span> 
     </span>
     <span class='ocr_line' id='line_1_40' title="bbox 123 2079 1468 2135; baseline 0.001 -16"><span class='ocrx_word' id='word_1_266' title='bbox 123 2080 199 2120; x_wconf 95' lang='lat' dir='ltr'>illo</span> <span class='ocrx_word' id='word_1_267' title='bbox 238 2080 283 2120; x_wconf 90' lang='lat' dir='ltr'>in</span> <span class='ocrx_word' id='word_1_268' title='bbox 320 2080 507 2134; x_wconf 83' lang='lat' dir='ltr'>gratiam</span> <span class='ocrx_word' id='word_1_269' title='bbox 545 2080 750 2120; x_wconf 72' lang='lat' dir='ltr'>reducat?</span> <span class='ocrx_word' id='word_1_270' title='bbox 794 2079 983 2120; x_wconf 80' lang='lat' dir='ltr'>Reduxit</span> <span class='ocrx_word' id='word_1_271' title='bbox 1021 2080 1123 2121; x_wconf 87' lang='lat' dir='ltr'>ordo</span> <span class='ocrx_word' id='word_1_272' title='bbox 1164 2080 1468 2135; x_wconf 86' lang='lat' dir='ltr'>amplissimus,</span> 
     </span>
     <span class='ocr_line' id='line_1_41' title="bbox 124 2138 1468 2192; baseline 0.001 -14"><span class='ocrx_word' id='word_1_273' title='bbox 124 2141 169 2178; x_wconf 91' lang='lat' dir='ltr'>et</span> <span class='ocrx_word' id='word_1_274' title='bbox 195 2138 297 2179; x_wconf 92' lang='lat' dir='ltr'>ordo</span> <span class='ocrx_word' id='word_1_275' title='bbox 324 2138 373 2191; x_wconf 93' lang='lat' dir='ltr'>is,</span> <span class='ocrx_word' id='word_1_276' title='bbox 406 2138 479 2192; x_wconf 91' lang='lat' dir='ltr'>qui</span> <span class='ocrx_word' id='word_1_277' title='bbox 512 2141 577 2179; x_wconf 87' lang='lat' dir='ltr'>est</span> <span class='ocrx_word' id='word_1_278' title='bbox 610 2141 652 2178; x_wconf 89' lang='lat' dir='ltr'>et</span> <span class='ocrx_word' id='word_1_279' title='bbox 684 2138 847 2192; x_wconf 84' lang='lat' dir='ltr'>publici</span> <span class='ocrx_word' id='word_1_280' title='bbox 880 2138 1047 2180; x_wconf 90' lang='lat' dir='ltr'>consilii</span> <span class='ocrx_word' id='word_1_281' title='bbox 1081 2141 1125 2179; x_wconf 91' lang='lat' dir='ltr'>et</span> <span class='ocrx_word' id='word_1_282' title='bbox 1156 2153 1350 2180; x_wconf 87' lang='lat' dir='ltr'>meorum</span> <span class='ocrx_word' id='word_1_283' title='bbox 1383 2155 1468 2181; x_wconf 94' lang='lat' dir='ltr'>om-</span> 
     </span>
     <span class='ocr_line' id='line_1_42' title="bbox 123 2196 1468 2252; baseline 0.003 -16"><span class='ocrx_word' id='word_1_284' title='bbox 123 2196 243 2237; x_wconf 92' lang='lat' dir='ltr'>nium</span> <span class='ocrx_word' id='word_1_285' title='bbox 288 2197 567 2238; x_wconf 89' lang='lat' dir='ltr'>consiliorum</span> <span class='ocrx_word' id='word_1_286' title='bbox 612 2199 761 2237; x_wconf 89' lang='lat' dir='ltr'>auctor</span> <span class='ocrx_word' id='word_1_287' title='bbox 805 2200 848 2237; x_wconf 92' lang='lat' dir='ltr'>et</span> <span class='ocrx_word' id='word_1_288' title='bbox 891 2197 1102 2251; x_wconf 86' lang='lat' dir='ltr'>princeps.</span> <span class='ocrx_word' id='word_1_289' title='bbox 1165 2197 1256 2238; x_wconf 85' lang='lat' dir='ltr'>Vos</span> <span class='ocrx_word' id='word_1_290' title='bbox 1301 2212 1468 2252; x_wconf 89' lang='lat' dir='ltr'>sequor,</span> 
     </span>
     <span class='ocr_line' id='line_1_43' title="bbox 124 2255 1467 2311; baseline 0.003 -17"><span class='ocrx_word' id='word_1_291' title='bbox 124 2257 270 2308; x_wconf 87' lang='lat' dir='ltr'>patres</span> <span class='ocrx_word' id='word_1_292' title='bbox 309 2256 560 2309; x_wconf 84' lang='lat' dir='ltr'>conscripti,</span> <span class='ocrx_word' id='word_1_293' title='bbox 604 2255 727 2295; x_wconf 85' lang='lat' dir='ltr'>vobis</span> <span class='ocrx_word' id='word_1_294' title='bbox 767 2258 1036 2309; x_wconf 83' lang='lat' dir='ltr'>optempero,</span> <span class='ocrx_word' id='word_1_295' title='bbox 1077 2256 1199 2297; x_wconf 87' lang='lat' dir='ltr'>vobis</span> <span class='ocrx_word' id='word_1_296' title='bbox 1238 2256 1467 2311; x_wconf 85' lang='lat' dir='ltr'>adsentior,</span> 
     </span>
     <span class='ocr_line' id='line_1_44' title="bbox 126 2313 1468 2369; baseline 0.003 -16"><span class='ocrx_word' id='word_1_297' title='bbox 126 2313 216 2366; x_wconf 90' lang='lat' dir='ltr'>qui,</span> <span class='ocrx_word' id='word_1_298' title='bbox 255 2314 458 2367; x_wconf 89' lang='lat' dir='ltr'>quamdiu</span> <span class='ocrx_word' id='word_1_299' title='bbox 491 2313 535 2356; x_wconf 88' lang='lat' dir='ltr'>C.</span> <span class='ocrx_word' id='word_1_300' title='bbox 569 2313 763 2355; x_wconf 85' lang='lat' dir='ltr'>Caesaris</span> <span class='ocrx_word' id='word_1_301' title='bbox 803 2315 982 2355; x_wconf 88' lang='lat' dir='ltr'>consilia</span> <span class='ocrx_word' id='word_1_302' title='bbox 1020 2315 1064 2355; x_wconf 93' lang='lat' dir='ltr'>in</span> <span class='ocrx_word' id='word_1_303' title='bbox 1096 2329 1140 2355; x_wconf 89' lang='lat' dir='ltr'>re</span> <span class='ocrx_word' id='word_1_304' title='bbox 1177 2315 1351 2369; x_wconf 86' lang='lat' dir='ltr'>publica</span> <span class='ocrx_word' id='word_1_305' title='bbox 1381 2331 1468 2357; x_wconf 89' lang='lat' dir='ltr'>non</span> 
     </span>
    </p>
   </div>
  </div>
 </body>
</html>
