1671 2543
218 113 304 153 542
389 111 440 146 IN
467 112 514 147 M.
541 111 799 146 ANTONIUM
825 110 1003 146 ORATIO
1029 110 1296 146 PHILIPPICA
1321 111 1416 148 XIII.

218 220 271 261 ad
308 220 486 275 milites3
523 220 583 261 ibi
622 219 827 274 pestifera
862 220 937 260 illa
971 219 1119 260 Tiburi
1152 219 1306 261 contio.
1367 217 1472 262 Inde
1503 219 1556 261 ad
1636 230 1649 307 ἦ

217 279 368 320 urbem
407 293 572 332 cursuS,
610 281 783 320 senatus
820 278 865 320 in
896 277 1175 332 Capitolium,
1212 279 1364 332 parata
1398 278 1448 320 de
1480 278 1557 320 cir-

219 338 541 380 cumscribendo
586 337 856 378 adulescente
901 337 1114 378 sententia
1157 336 1411 387 consularis,
1460 351 1557 379 cum

218 399 392 451 repente
449 394 567 451 (nam
615 395 818 437 Martiam
868 396 1080 451 legionem
1130 394 1268 437 Albae
1317 395 1557 438 consedisse
1632 396 1638 403 “’

219 453 400 511 sciebat)
433 454 623 496 adfertur
655 455 693 496 ei
724 455 774 496 de
803 457 956 509 quarta
979 454 1168 496 nuntius.
1219 453 1312 504 Quo
1337 454 1559 509 perculsus
1595 467 1621 507 ογ
1656 479 1657 482 =

220 514 377 557 abiecit
421 514 648 556 consilium
691 513 899 555 referendi
943 513 994 555 ad
1038 516 1234 555 senatum
1273 513 1322 555 de
1360 511 1562 568 Caesare3

220 586 417 629 egressus
450 575 517 615 est
546 586 633 615 non
664 573 756 624 viis,
789 572 861 614 sed
893 572 1140 614 tramitibus
1173 572 1400 626 paludatus
1427 586 1559 626 eoque

219 633 313 687 ipso
357 631 425 674 die
467 631 798 673 innumerabilia
840 634 1013 673 senatus
1057 631 1254 672 consulta
1289 630 1409 685 fecit,
1453 645 1560 685 quae
1640 656 1641 659 =

162 705 205 735 20
221 691 392 746 quidem
430 690 573 732 omnia
609 690 737 732 citius
774 690 917 731 delata
955 704 1082 744 quam
1119 690 1280 744 scripta
1316 691 1428 732 sunt.
1494 688 1561 731 Ex

221 764 271 792 eo
308 763 395 791 non
432 749 532 803 iter,
570 747 643 791 sed
681 763 829 791 cursus
867 752 910 790 et
944 748 1047 804 fuga
1077 748 1122 790 in
1154 747 1350 790 Galliam.
1412 747 1562 791 Caesa·
1582 761 1617 786 ιο

221 823 312 850 10111
333 808 451 862 sequi
474 807 767 849 arbitrabatur
787 822 883 849 cum
903 808 1071 863 legione
1091 806 1260 862 Martia,
1281 821 1378 849 cum
1398 810 1564 862 quarta,
1640 815 1645 848 ’,

221 881 320 909 011111
362 867 593 921 veteranis⁷
638 881 819 921 quorum
856 866 928 907 ille
966 881 1121 908 nomen
1158 881 1260 920 prae
1298 868 1417 908 metu
1452 865 1565 908 ferre
1636 867 1645 919 «ᾗ

221 940 308 968 11011
338 928 521 980 poterat,
553 925 675 980 eique
706 926 751 966 in
778 924 964 966 Galliam
993 925 1236 980 penetranti
1260 924 1312 966 D.
1332 939 1377 966 se
1402 923 1565 966 Brutus
1636 928 1646 978 ξ

223 984 400 1038 obiecit,
438 984 511 1039 qui
550 998 594 1026 se
631 985 767 1026 totius
806 984 909 1026 belli
947 984 1149 1026 fluctibus
1188 983 1402 1026 circumiri
1437 997 1565 1038 quam
1637 984 1646 1027 l

221 1044 345 1085 illum
389 1046 464 1085 aut
507 1043 675 1099 regredi
719 1045 794 1084 aut
839 1040 1040 1098 progredi
1079 1042 1231 1084 maluit
1267 1041 1565 1096 Mutinamque
1587 1044 1646 1080 15³

222 1102 287 1144 illi
326 1102 537 1144 exultanti
576 1105 797 1156 tamquam
834 1101 977 1143 frenos
1015 1101 1172 1143 furoris
1207 1101 1365 1143 iniecit.
1428 1100 1568 1150 Quam
1639 1100 1642 1109 ⁶

224 1176 321 1203 cum
371 1161 572 1215 operibus
623 1160 1018 1214 munitionibusque
1069 1160 1301 1215 saepsisset
1348 1173 1427 1202 nec
1470 1173 1568 1201 eum

225 1220 416 1262 coloniae
460 1217 789 1261 florentissimae
834 1219 1022 1274 dignitas
1061 1233 1197 1273 neque
1235 1218 1424 1261 consulis
1462 1217 1568 1260 desi-

225 1278 345 1334 gnati
377 1278 580 1319 maiestas
614 1293 638 1319 a
669 1278 898 1332 parricidio
925 1278 1168 1330 deterreret,
1200 1280 1292 1319 tum
1318 1291 1384 1319 me
1412 1274 1568 1332 (testor

225 1339 268 1378 et
299 1350 375 1378 vos
409 1339 452 1377 et
482 1337 689 1390 populum
722 1336 965 1378 Romanum
991 1339 1034 1377 et
1060 1336 1197 1377 omnis
1224 1336 1337 1390 deos,
1370 1335 1443 1389 qui
1466 1334 1567 1376 huic
1587 1347 1622 1374 20

224 1395 321 1437 urbi
354 1393 617 1450 praesident)
651 1395 785 1436 invito
813 1398 856 1436 et
882 1397 1146 1449 repugnante
1173 1393 1306 1449 legati
1332 1393 1453 1435 missi
1479 1395 1569 1435 tres

167 1468 210 1499 21
226 1453 471 1496 consulares
498 1453 551 1494 ad
577 1453 794 1494 latronum
820 1453 1103 1508 gladiatorem
1135 1452 1295 1494 ducem.
1348 1451 1453 1502 Quis
1478 1454 1570 1494 tam

225 1513 434 1554 barbarus
478 1526 699 1566 umquam,
744 1515 833 1553 tam
871 1512 1087 1566 immanis,
1131 1514 1221 1552 tam
1258 1510 1402 1553 ferus?
1469 1509 1571 1553 Non

226 1571 407 1624 audivit,
451 1585 539 1612 non
576 1571 814 1625 respondit,
851 1584 985 1624 neque
1024 1584 1096 1612 eos
1135 1570 1274 1612 solum
1311 1571 1570 1624 praesenteS,

227 1630 300 1672 sed
326 1629 463 1671 multo
491 1629 628 1685 magis
654 1643 744 1682 nos,
777 1643 801 1670 a
827 1629 981 1683 quibus
1008 1629 1072 1669 illi
1099 1632 1222 1670 erant
1246 1628 1379 1682 missi,
1407 1627 1570 1682 sprevit
1589 1639 1641 1678 ¹⁵1

226 1691 270 1731 et
301 1703 377 1743 pro
410 1688 546 1730 nihilo
579 1687 759 1742 putavit.
823 1688 978 1729 Postea
1011 1687 1123 1742 quod
1150 1687 1300 1741 scelus,
1332 1687 1445 1742 quod
1470 1685 1572 1728 faci·
1631 1694 1645 1744 j

226 1762 307 1790 nus
333 1747 547 1802 parricida
571 1761 657 1788 non
677 1747 838 1788 edidit?
877 1745 1170 1788 Circumsedet
1193 1745 1366 1787 colonos
1385 1748 1572 1800 nostros,
1629 1760 1642 1786 ι·

227 1806 463 1848 exercitum
491 1805 639 1860 populi
666 1805 861 1859 Romani,
894 1805 1197 1859 imperatorem
1223 1804 1440 1846 consulem
1465 1803 1571 1845 desi·
1629 1791 1645 1904 ς

228 1867 420 1921 gnatum,
447 1877 573 1920 agros
595 1864 766 1905 divexat
786 1864 942 1906 civium
963 1863 1236 1918 optimorum,
1257 1862 1397 1904 hostis
1416 1864 1572 1904 taeter-

228 1924 361 1965 rimus
406 1923 604 1964 omnibus
648 1923 773 1964 bonis
811 1936 954 1964 cruces
993 1936 1042 1964 ac
1079 1924 1296 1963 tormenta
1333 1921 1570 1962 minitatur.
1590 1919 1642 1961 ω)

160 1982 214 2024 10
228 1981 337 2025 Cum
368 1981 467 2034 hoc,
500 1981 555 2022 M.
583 1980 752 2035 Lepide,
784 1995 866 2036 pax
899 1995 990 2022 esse
1023 1994 1130 2034 quae
1162 1980 1336 2034 potest?
1368 1979 1486 2022 cuius
1517 1993 1570 2021 ne

229 2040 440 2095 supplicio
486 2040 656 2094 quidem
698 2040 787 2082 ullo
833 2038 981 2081 satiari
1019 2039 1187 2080 videtur
1223 2052 1349 2093 posse
1386 2037 1570 2093 populus

230 2099 461 2141 Romanus.
1120 2119 1125 2125 ·
1643 2137 1649 2142 .

126 2145 222 2201 (10)
321 2157 483 2207 Quodsi
509 2157 603 2211 quis
625 2157 822 2198 dubitare
843 2157 979 2198 adhuc
999 2155 1155 2210 potuit,
1182 2154 1286 2210 quin
1303 2153 1424 2196 nulla
1441 2153 1571 2195 socie·

172 2206 214 2236 22
232 2219 299 2257 tas
337 2216 438 2257 huic
471 2216 610 2257 ordini
642 2216 886 2270 populoque
919 2214 1113 2256 Romano
1147 2228 1244 2256 cum
1274 2213 1350 2254 illa
1379 2212 1623 2265 inportu-³⁶

231 2274 412 2316 nissima
449 2274 576 2316 belua
613 2277 760 2328 posset
798 2288 908 2327 esse,
946 2273 1112 2314 desinet
1148 2271 1342 2327 profecto
1375 2269 1570 2311 dubitare

234 2332 299 2373 his
333 2332 519 2388 cognitis
552 2332 723 2387 litteris,
756 2346 860 2387 quas
894 2331 999 2373 mihi
1031 2331 1186 2372 missas
1217 2329 1271 2371 ab
1297 2327 1442 2369 Hirtio
1475 2341 1571 2384 conf
