1671 2543
240 83 322 124 188
620 82 672 117 IN
697 82 735 117 L.
762 82 976 118 PISONEM
1003 82 1190 119 ORATIO.

240 206 323 246 quo
356 191 483 233 modo
514 191 608 232 fieri
640 190 812 245 quidem
841 190 1024 245 posthac
1054 191 1242 246 possint,
1275 206 1453 246 possum
1483 192 1572 234 ullo

238 253 365 305 pacto
399 249 620 304 suspicari.
670 248 738 290 Da
768 252 811 290 te
839 250 1011 304 populo,
1043 250 1266 291 committe
1291 250 1414 291 ludis.
1465 248 1574 292 Sibi-

238 310 329 350 lum
366 309 552 349 metuis‘.>
614 307 701 349 Ubi
740 310 841 349 sunt
877 311 1044 349 vestrae
1080 308 1282 350 scholae?
1343 308 1410 350 Ne
1442 309 1574 351 accla-

240 371 398 420 metur,
435 367 591 407 times?
653 365 720 407 Ne
757 366 797 408 id
835 367 1006 420 quidem
1037 369 1104 408 est
1136 381 1282 408 curare
1314 366 1573 422 philosophi.

239 425 392 466 Manus
424 425 506 466 tibi
536 439 588 466 ne
615 424 881 466 afferantur?
930 425 1066 467 Dolor
1091 426 1205 467 enim
1232 428 1298 467 est
1323 425 1496 479 malum,
1527 429 1575 467 ut
1610 439 1628 465 5

238 487 287 525 tu
325 484 537 538 disputas,
574 483 855 537 existimatio,
892 483 1089 537 dedecus,
1122 484 1318 538 infamia,
1350 485 1573 538 turpitudo

239 543 370 584 verba
407 545 534 596 atque
571 542 771 596 ineptiae.
834 541 917 583 Sed
954 543 1004 583 de
1042 542 1125 584 hoc
1160 557 1249 584 non
1283 543 1453 597 dubito,
1488 558 1576 585 non

169 600 422 645 (sssslaudebit
454 601 650 642 accedere
683 600 736 641 ad
766 601 902 642 ludos.
952 600 1206 643 Convivium
1237 601 1459 655 publicum
1488 616 1576 643 non

240 660 465 715 dignitatis
493 673 620 701 causa
645 659 784 714 inibit,
812 659 898 700 nisi
921 659 1032 700 forte
1058 663 1107 700 ut
1135 675 1231 701 cum
1255 660 1454 714 patribus
1481 675 1576 702 con-

241 718 426 772 scriptis,
457 718 540 759 hoc
572 720 638 758 est
670 732 767 759 cum
799 718 1016 759 amoribus
1050 719 1150 771 suis,
1183 722 1316 772 cenet,
1348 719 1422 760 sed
1449 719 1574 773 plane
1596 733 1630 758 10

181 784 226 815 66
241 777 374 817 animi
404 777 470 817 sui
497 791 642 831 causa3
672 776 794 817 ludos
826 777 951 818 nobis
979 776 1155 817 ‘idiotis’
1181 777 1406 831 relinquet.
1456 776 1577 819 Solet

240 836 352 876 enim
400 836 446 876 in
495 835 860 889 disputationibus
912 835 999 876 suis
1051 835 1272 877 oculorum
1322 838 1365 876 et
1409 835 1577 877 aurium

240 894 516 935 delectationi
572 893 814 935 abdominis
867 894 1111 948 voluptates
1162 893 1384 935 anteferre.
1462 893 1577 936 Nam

241 952 353 1006 quod
403 952 526 994 vobis
576 952 659 993 iste
704 955 876 993 tantum
919 952 1046 993 modo
1090 952 1332 1006 improbus,
1382 953 1577 1007 crudelis,

241 1011 345 1052 olim
376 1010 647 1064 furunculus,
679 1025 792 1052 nunc
823 1025 923 1052 vero
957 1010 1088 1052 etiam
1118 1025 1267 1065 rapax,
1301 1011 1415 1065 quod
1445 1012 1576 1053 sordi·
1597 1025 1630 1051 15

241 1070 335 1122 dus,
387 1070 499 1124 quod
544 1072 792 1123 contumax,
842 1069 955 1123 quod
999 1070 1226 1124 superbus,
1277 1069 1391 1124 quod
1433 1069 1578 1124 fallax,

242 1128 355 1182 quod
398 1128 670 1182 perfidiosus,
715 1128 828 1182 quod
870 1128 1115 1182 impudens,
1159 1128 1272 1182 quod
1310 1129 1449 1169 audax
1486 1143 1578 1170 esse

241 1187 454 1239 videatur,
484 1186 594 1227 nihil
626 1186 781 1228 scitote
815 1201 906 1227 esse
938 1187 1211 1240 luxuriosius,
1242 1186 1351 1228 nihil
1382 1186 1579 1228 libidino-

172 1245 351 1298 (67)sius,
381 1245 490 1286 nihil
516 1245 772 1298 protervius,
797 1245 906 1285 nihil
930 1245 1123 1298 nequius.
1173 1244 1405 1286 Luxuriem
1433 1248 1578 1286 autem

185 1311 227 1342 67
241 1303 376 1345 nolite
425 1303 471 1343 in
513 1304 598 1344 isto
642 1303 754 1344 hanc
796 1303 998 1358 cogitare.
1071 1303 1154 1344 Est
1199 1303 1312 1344 enim
1356 1303 1576 1357 quaedam,
1598 1319 1633 1344 20

244 1376 504 1416 quamquam
554 1361 693 1402 omnis
743 1364 810 1402 est
853 1361 1010 1402 vitiosa
1054 1364 1181 1415 atque
1226 1361 1383 1416 turpis,
1434 1364 1578 1403 tamen

242 1421 428 1474 ingenuo
464 1434 512 1461 ac
543 1419 680 1461 libero
714 1419 894 1474 dignior.
957 1418 1079 1460 Nihil
1112 1420 1224 1473 apud
1254 1420 1368 1461 hunc
1399 1420 1578 1474 lautum,

240 1478 349 1520 nihil
394 1478 585 1533 elegans,
626 1477 736 1519 nihil
774 1478 1052 1532 exquisitum,
1097 1477 1297 1533 (laudabo
1336 1478 1576 1533 inimicum)

241 1551 294 1578 ne
332 1550 489 1591 magno
529 1551 655 1590 opere
695 1536 866 1590 quidem
905 1536 1134 1590 quicquam
1171 1539 1343 1591 praeter
1379 1537 1578 1579 libidines

243 1598 556 1649 sumptuosum.
605 1594 819 1636 Toreuma
848 1595 1026 1649 nullum,
1059 1595 1234 1636 maximi
1268 1595 1433 1650 calices,
1465 1599 1508 1637 et
1536 1597 1579 1650 ii,
1599 1610 1633 1637 25

241 1668 294 1694 ne
338 1656 610 1695 contemnere
654 1668 754 1695 suos
798 1653 1010 1706 videatur,
1055 1653 1316 1706 Placentini;
1361 1657 1580 1696 exstructa

243 1726 390 1753 mensa
425 1727 513 1753 non
551 1711 787 1766 conchyliis
827 1715 901 1752 aut
931 1712 1141 1766 piscibus,
1179 1713 1253 1754 sed
1285 1713 1423 1753 multa
1454 1727 1579 1755 carne

242 1770 509 1812 subrancida.
549 1769 670 1812 Servi
696 1770 904 1812 sordidati
929 1771 1191 1825 ministrant,
1215 1786 1303 1812 non
1320 1771 1428 1812 nulli
1449 1772 1580 1813 etiam

243 1843 385 1883 senes,
409 1829 523 1870 idem
550 1843 724 1883 coquus,
749 1829 862 1870 idem
886 1830 1104 1884 atriensis3
1128 1830 1270 1883 pistor
1289 1830 1404 1871 domi
1423 1830 1579 1884 nullus,

241 1888 362 1929 nulla
394 1888 519 1942 cella3
549 1888 672 1941 panis
705 1890 748 1928 et
779 1887 926 1929 vinum
958 1903 983 1929 a
1012 1888 1193 1942 propola
1222 1891 1351 1942 atque
1377 1888 1427 1929 de
1454 1903 1580 1943 cupa3
1598 1904 1633 1929 30

245 1945 397 1987 Graeci
424 1946 576 2000 stipati
603 1946 723 2000 quini
748 1946 794 1987 in
818 1946 953 1999 lectis,
987 1960 1111 2000 saepe
1138 1946 1301 2001 plures3
1331 1947 1423 2001 ipse
1450 1947 1580 2001 solus;

243 2005 408 2046 bibitur
436 2018 570 2058 usque
599 2019 658 2058 eo,
691 2005 792 2045 dum
818 2004 867 2045 de
895 2004 1004 2046 solio
1031 2005 1310 2046 ministretur.
1361 2004 1448 2046 Ubi
1473 2005 1579 2060 galli

245 2065 419 2104 cantum
451 2063 625 2117 audivit,
661 2077 788 2104 avum
819 2077 944 2104 suum
975 2063 1179 2104 revixisse
1211 2065 1353 2117 putat3
1387 2077 1578 2105 mensam

243 2121 341 2162 tolli
372 2121 504 2162 iubet.

331 2178 460 2221 Dicet
497 2179 671 2234 aliquis:
708 2179 847 2221 ‘Unde
885 2181 967 2221 tibi
1000 2180 1106 2222 haec
1135 2182 1241 2221 nota
1271 2179 1416 2220 suntP'
1478 2178 1579 2222 Non
1597 2197 1631 2222 35

245 2237 508 2279 mehercules
547 2238 831 2280 contumeliae
871 2253 998 2280 causa
1036 2238 1274 2280 describam
1309 2251 1577 2293 quemquam,

243 2296 498 2348 praesertim
528 2296 801 2351 ingeniosum
831 2297 1050 2338 hominem
1083 2299 1210 2350 atque
1242 2296 1474 2350 eruditum,
1510 2298 1578 2339 cui

173 2161 228 2203 {28
