1671 2543
184 97 274 138 424
353 96 405 131 IN
431 96 480 132 M.
507 95 768 131 ANTONIUM
794 94 974 130 ORATIO
1000 95 1268 130 PHILIPPICA
1293 95 1355 131 III.

185 209 236 247 ut
272 208 398 260 turpe
437 204 629 246 senatori
667 207 782 245 esset
818 204 928 245 nihil
961 204 1126 246 timere.
1188 204 1256 245 Ad
1288 218 1361 246 eos
1394 206 1540 247 tamen

185 265 323 319 ipsos,
363 264 437 318 qui
469 266 776 318 convenerant,
809 277 863 304 ne
894 263 1073 304 verbum
1107 263 1279 317 quidem
1312 277 1440 305 ausus
1473 267 1539 306 est

185 323 327 365 facere
353 323 403 364 de
431 321 627 376 Caesare,
654 337 751 364 cum
778 322 828 363 de
856 336 905 364 eo
933 322 1234 364 constituisset
1260 322 1313 364 ad
1340 325 1539 364 senatum

186 382 365 436 referre3
403 382 611 436 scriptam
649 381 859 422 attulerat
891 381 1130 423 consularis
1164 381 1337 435 quidam
1371 384 1538 423 senten-

127 453 171 484 21
187 441 307 482 1513111.
370 440 482 489 Quid
520 443 587 482 est
625 440 742 481 aliud
779 440 829 481 de
869 455 918 482 eo
951 440 1109 482 referre
1140 454 1228 481 non
1260 440 1432 494 audere,
1464 441 1538 495 qui

187 503 339 542 contra
373 514 417 541 se
450 499 672 541 consulem
704 499 940 540 exercitum
972 499 1165 553 duceret,
1202 499 1286 540 nisi
1319 513 1362 540 se
1394 499 1538 554 ipsum

186 559 359 600 hostem
390 558 608 600 iudicare?
670 557 858 600 Necesse
891 561 985 600 erat
1017 559 1130 599 enim
1161 558 1419 599 alterutrum
1445 572 1537 600 esse

186 617 376 671 hostem,
426 632 504 659 nec
554 620 728 672 poterat
778 617 905 658 aliter
954 618 1005 659 de
1056 617 1313 658 adversariis
1356 617 1538 658 iudicari

186 676 378 717 ducibus.
442 674 488 718 Si
520 676 656 731 igitur
687 675 733 718 C.
765 675 924 718 Caesar
953 676 1113 729 hostis,
1147 691 1221 718 cur
1253 676 1403 718 consul
1427 676 1536 717 nihil

186 735 318 777 refert
358 735 411 776 ad
449 735 676 776 senatum?
735 733 812 777 Sin
848 735 922 776 ille
961 750 986 777 a
1018 738 1168 776 senatu
1202 735 1418 776 notandus
1450 749 1538 777 non

185 793 283 849 fuit,
314 794 416 848 quid
447 797 596 848 potest
627 794 778 849 dicere,
811 794 926 848 quin,
959 809 1055 836 cum
1087 794 1137 835 de
1164 794 1239 836 illo
1267 794 1464 848 tacuerit,
1493 808 1538 836 se

185 853 359 894 hostem
403 852 624 895 confessus
669 853 756 894 sit‘?
832 852 969 902 Quem
1005 853 1052 894 in
1089 853 1240 894 edictis
1281 852 1538 907 Spartacum

187 912 389 967 appellat,
420 912 535 954 hunc
567 912 613 953 in
644 915 797 953 senatu
829 927 882 954 ne
914 912 1162 966 improbum
1194 912 1365 967 quidem
1398 912 1538 953 dicere

145 974 171 1015 9
189 971 328 1012 audet.
390 970 452 1012 At
484 971 529 1012 in
555 971 683 1012 rebus
711 971 976 1012 tristissimis
1004 974 1190 1036 quantos
1218 972 1379 1012 excitat
1405 971 1536 1012 risus!

188 1028 482 1071 Sententiolas
516 1030 645 1071 edicti
680 1030 902 1072 cuiusdam
928 1030 1160 1072 memoriae
1187 1029 1398 1082 mandavi,
1431 1043 1537 1084 quas

185 1089 356 1130 videtur
387 1088 460 1129 1116
492 1091 719 1143 peracutas
750 1093 922 1144 putare3
954 1103 1034 1144 ego
1068 1092 1231 1154 autem,
1269 1089 1342 1143 qui
1373 1063 1539 1130 11116116-

186 1151 325 1203 ger,et
383 1147 485 1202 quid
535 1148 676 1189 dicere
725 1148 874 1202 vellet,
931 1148 1068 1189 adhuc
1117 1148 1334 1189 neminem
1383 1147 1538 1189 inveni.

126 1181 361 1247 22PNulla
417 1206 733 1248 contumelia
790 1183 885 1261 est),
942 1222 1089 1261 quam
1144 1206 1274 1248 facit
1324 1206 1537 1261 dignus?

185 1264 382 1306 Primum
403 1265 505 1319 quid
525 1268 592 1306 est
613 1265 799 1320 ‘dignus'
810 1266 830 1306 ἶ)
850 1281 952 1306 nam
972 1266 1103 1306 etiam
1123 1266 1238 1306 malo
1260 1265 1387 1306 multi
1405 1265 1537 1319 digni,

187 1323 300 1364 sicut
325 1323 429 1377 ipse.
480 1323 551 1364 An
577 1323 722 1377 ‘quam
748 1324 854 1365 facit
879 1324 928 1377 is,
962 1325 1033 1378 qui
1060 1339 1157 1365 cum
1184 1324 1396 1378 dignitate
1423 1322 1536 1364 est'?

188 1381 305 1430 Quae
361 1384 505 1422 autem
554 1385 700 1436 potest
744 1397 835 1423 esse
886 1382 1053 1423 maior?
1129 1382 1240 1431 Quid
1291 1385 1357 1422 est
1406 1396 1536 1436 porro

187 1440 342 1481 ‘facere
393 1440 747 1481 contumeliam’?
799 1441 893 1494 quis
945 1441 1006 1482 sic
1055 1441 1278 1495 loquitur?
1353 1439 1536 1482 Deinde:

187 1499 292 1540 ‘nec
343 1498 517 1552 timor,
569 1513 713 1553 quem
758 1499 1031 1540 denuntiat
1075 1498 1344 1541 inimicus.’
1425 1499 1537 1548 Quid

187 1557 321 1611 ergo?
346 1558 399 1598 ab
421 1558 559 1600 amico
581 1558 714 1599 timor
734 1558 976 1599 denuntiari
998 1558 1138 1599 solet?
1187 1558 1357 1600 Horum
1379 1558 1538 1600 similia

187 1616 399 1670 deinceps.
462 1615 617 1658 Nonne
651 1617 786 1658 satius
820 1620 887 1658 est
919 1620 1088 1658 mutum
1121 1632 1213 1659 esse
1247 1632 1387 1682 quam,
1423 1617 1535 1672 quod

185 1689 313 1716 nemo
341 1675 581 1730 intellegat,
609 1676 778 1718 diceie‘?
824 1676 904 1729 En,
932 1691 1005 1717 6111
1031 1677 1242 1732 magister
1262 1676 1352 1717 eius
1375 1689 1426 1717 ex
1446 1691 1537 1718 ora-

187 1736 281 1775 tore
308 1738 455 1775 arator
475 1734 616 1776 factus
639 1735 708 1789 sit,
735 1735 985 1789 possideat
975 1750 1020 1776 111
1047 1749 1152 1790 agro
1173 1735 1347 1800 publico
1370 1735 1536 1800 [populi

187 1792 391 1845 Romani]
427 1794 566 1847 campi
599 1792 801 1835 Leontini
834 1794 916 1835 duo
947 1771 1099 1835 miliae
1093 1795 1290 1850 iugerum
1317 1793 1537 1847 immunia,

186 1854 236 1892 ut
272 1852 493 1893 hominem
531 1853 753 1907 stupidum
793 1853 932 1908 magis
965 1853 1096 1894 etiam
1128 1852 1314 1893 infatuet
1344 1852 1536 1894 mercede

128 1920 170 1950 23
186 1910 372 1964 publica.
437 1909 520 1952 Sed
552 1911 657 1953 haec
689 1912 852 1953 leviora
865 1888 1088 1966 Ufortasse3
1119 1911 1224 1952 illud
1259 1925 1429 1965 quaero,
1462 1925 1537 1952 cur

187 1972 278 2010 tam
317 1972 566 2010 mansuetus
606 1970 651 2010 in
684 1973 835 2011 senatu
867 1970 1017 2023 fuerit,
1056 1984 1153 2011 cum
1184 1970 1229 2010 in
1261 1970 1414 2012 edictis
1446 1972 1537 2010 tam

186 2027 302 2069 ferus
334 2028 500 2070 fuisset.
557 2027 666 2077 Quid
700 2030 813 2070 enim
840 2030 1078 2070 attinuerat
1104 2028 1150 2069 L.
1177 2027 1328 2070 Cassio
1361 2028 1534 2069 tribuno

1559 754 1592 778 10

1559 1045 1592 1071 15

1557 1340 1590 1365 20

1556 1634 1590 1659 25

1555 1927 1590 1953 30

185 2086 260 2139 pL,
293 2086 533 2128 fortissimo
567 2090 611 2128 et
643 2088 997 2129 constantissimo
1030 2088 1131 2140 civi,
1163 2090 1347 2128 mortem
1380 2087 1536 2128 denun-
1576 2095 1578 2097 ’

186 2144 314 2199 tiare,
347 2145 383 2186 si
414 2145 459 2186 in
491 2149 690 2187 senatum
721 2146 922 2201 venisset,
953 2145 1005 2187 D.
1038 2145 1317 2188 Carfulenum
1348 2145 1455 2186 bene
1484 2144 1534 2186 de

185 2216 230 2243 re
267 2203 442 2257 publica
480 2205 738 2246 sentientem
777 2208 929 2246 senatu
966 2205 1008 2246 vi
1047 2207 1091 2246 et
1122 2205 1251 2245 minis
1282 2203 1436 2244 mortis
1468 2218 1534 2245 ex-

186 2260 358 2315 pellere,
389 2262 452 2303 Ti.
485 2262 762 2317 Cannutium,
794 2278 818 2304 a
851 2278 935 2318 quo
968 2266 1062 2304 erat
1085 2261 1405 2304 honestissimis
1438 2275 1535 2303 con-

185 2318 379 2360 tionibus
412 2323 456 2361 et
489 2335 615 2375 saepe
649 2325 693 2363 et
724 2322 816 2363 iure
849 2325 1042 2376 vexatus,
1073 2335 1161 2362 non
1191 2320 1354 2374 templo
1382 2320 1534 2373 solum,

1554 2220 1588 2246 35
