1671 2543
181 63 236 104 56
381 38 386 43 ³
568 61 662 96 PRo
688 61 726 96 P.
754 61 917 96 snsno
945 61 1135 97 ORATIO.

179 173 231 212 ut
261 169 421 211 litteris
446 169 749 211 consularibus
782 183 832 210 ex
863 172 1036 210 senatus
1067 169 1263 211 consulto
1291 172 1444 211 cuncta
1469 185 1520 211 ex

181 229 311 270 Italia
343 242 508 282 omnes,
546 228 619 282 qui
650 242 741 268 rem
771 228 988 281 publicam
1019 228 1182 269 salvam
1213 228 1390 282 vellent,
1426 243 1521 270 con-

181 289 448 329 vocarentur.
512 285 635 335 Quod
664 300 899 339 numquam
931 289 1104 328 senatus
1136 287 1181 327 in
1210 287 1433 328 universae
1459 287 1518 327 rei

180 345 379 400 publicae
404 344 594 399 periculo
622 344 820 398 decrevit,
850 345 894 385 id
918 344 963 386 in
987 345 1113 386 unius
1140 359 1235 386 mea
1259 345 1398 386 salute
1425 360 1517 387 con-

182 404 390 446 servanda
435 403 744 444 decernendum
786 403 967 456 putavit.
1041 403 1178 452 Quem
1222 404 1339 445 curia
1382 404 1516 459 magis
1553 414 1570 440 5

182 462 420 517 requisivit,
456 476 582 515 quem
613 461 754 502 forum
786 461 908 515 luxit,
941 476 1068 516 quem
1099 476 1231 516 aeque
1263 462 1357 517 ipsa
1388 462 1518 504 tribu-

181 521 297 562 nalia
341 520 716 561 desideraverunt?
784 519 937 561 Omnia
979 520 1169 561 discessu
1209 535 1303 562 meo
1342 521 1519 574 deserta,

181 579 368 632 horrida,
393 581 524 632 muta,
550 579 676 632 plena
701 578 842 619 luctus
869 581 912 620 et
937 579 1143 620 maeroris
1168 579 1353 620 fuerunt.
1416 579 1517 628 Quis

183 641 249 679 est
286 637 439 678 Italiae
483 638 620 689 locus,
665 637 709 677 in
748 652 831 691 quo
868 652 954 678 non
990 637 1123 679 fixum
1160 638 1217 678 sit
1254 637 1300 678 in
1336 637 1517 691 publicis

183 696 473 738 monumentis
518 696 707 737 studium
751 696 902 736 salutis
946 710 1081 750 meae,
1126 696 1420 737 testimonium
1461 695 1517 736 di·
1539 707 1573 731 ιο

184 755 395 810 gnitatis‘?

273 813 386 854 Nam
419 813 519 866 quid
552 826 632 867 ego
665 813 740 853 illa
772 813 821 854 de
853 827 920 854 me
953 813 1096 854 divina
1124 815 1298 854 senatus
1326 812 1521 853 consulta

183 871 543 913 commemorem?
582 871 648 912 vel
688 871 800 925 quod
832 871 877 912 in
908 871 1069 925 templo
1103 871 1218 912 Iovis
1252 870 1404 925 optimi
1435 885 1521 911 ma-

182 930 286 971 ximi
318 930 481 971 factum
508 932 585 983 est,
618 944 714 970 cum
744 930 809 971 vir
841 930 889 984 is,
921 931 995 983 qui
1026 930 1268 983 tripertitas
1296 929 1410 970 orbis
1439 931 1521 970 ter-

182 1003 329 1029 rarum
361 1003 456 1029 oras
490 991 619 1041 atque
650 988 847 1042 regiones
877 989 1016 1030 tribus
1043 988 1274 1042 triumphis
1299 987 1520 1028 adiunctas
1541 998 1574 1024 15

181 1046 282 1088 huic
314 1047 494 1100 imperio
526 1046 712 1100 notavit,
747 1047 796 1087 de
829 1047 992 1100 scripto
1024 1047 1240 1088 sententia
1271 1046 1384 1088 dicta
1414 1045 1521 1087 mihi

181 1105 256 1146 uni
289 1104 587 1145 testimonium
617 1104 783 1158 patriae
816 1108 1091 1146 conservatae
1121 1105 1254 1153 dedit3
1285 1105 1404 1146 cuius
1431 1119 1522 1146 sen-

182 1163 365 1204 tentiam
408 1163 471 1203 ita
513 1162 887 1216 frequentissimus
929 1166 1101 1204 senatus
1139 1166 1309 1205 secutus
1347 1166 1430 1217 est,
1472 1165 1521 1204 ut

182 1235 292 1262 unus
334 1220 582 1261 dissentiret
619 1221 757 1262 hostis
796 1221 923 1274 idque
960 1222 1101 1275 ipsum
1139 1222 1298 1262 tabulis
1336 1221 1520 1275 publicis

183 1279 460 1320 mandaretur
497 1279 548 1318 ad
586 1279 835 1320 memoriam
869 1280 1032 1333 posteri
1065 1280 1270 1333 temporis
1302 1279 1521 1333 sempiter-
1541 1291 1576 1315 20

182 1353 301 1391 nam3
332 1337 398 1378 vel
431 1337 544 1390 quod
576 1339 641 1377 est
672 1337 879 1391 postridie
911 1338 1125 1379 decretum
1159 1339 1204 1378 in
1230 1338 1348 1379 curia
1372 1337 1521 1392 populi

183 1396 321 1450 ipsius
353 1395 537 1436 Romani
575 1397 619 1436 et
654 1409 818 1450 eorum,
857 1396 929 1449 qui
961 1411 1011 1437 ex
1042 1396 1287 1450 municipiis
1320 1411 1522 1437 convene-

183 1456 300 1507 rant,
345 1453 584 1507 admonitu,
623 1468 676 1494 ne
716 1454 810 1507 quis
849 1455 898 1495 de
937 1454 1052 1495 caelo
1091 1457 1298 1508 servaret,
1334 1469 1387 1496 ne
1426 1455 1521 1509 quis

184 1526 352 1553 moram
395 1512 528 1552 ullam
572 1511 776 1566 adferret3
819 1513 855 1553 si
895 1513 989 1566 quis
1028 1513 1154 1553 aliter
1191 1513 1381 1567 fecisset,
1425 1528 1522 1554 eum

184 1571 310 1624 plane
366 1584 606 1611 eversorem
654 1570 715 1611 rei
763 1571 959 1624 publicae
1009 1571 1100 1612 fore
1149 1571 1275 1625 idque
1325 1574 1522 1612 senatum
1541 1582 1576 1608 25

185 1628 438 1684 gravissime
463 1628 664 1682 laturum7
696 1631 739 1669 et
764 1632 813 1670 ut
838 1630 988 1670 statim
1014 1630 1063 1670 de
1091 1629 1180 1670 eius
1206 1629 1321 1671 facto
1348 1629 1523 1671 referre-

185 1690 269 1728 tur.
338 1687 431 1736 Qua
473 1687 687 1741 gravitate
733 1701 810 1728 sua
853 1703 948 1729 cum
988 1688 1187 1742 frequens
1226 1691 1400 1730 senatus
1436 1703 1523 1730 11011

182 1746 402 1787 nullorum
442 1745 579 1786 scelus
618 1746 921 1800 audaciamque
959 1747 1189 1801 tardasset,
1234 1750 1378 1788 tamen
1415 1747 1522 1788 illud

185 1804 367 1858 addidit,
415 1806 481 1857 ut7
525 1804 562 1845 si
605 1804 753 1846 diebus
798 1805 1002 1858 quinque,
1048 1805 1202 1859 quibus
1247 1805 1317 1860 agi
1360 1805 1410 1846 de
1453 1820 1521 1847 me

183 1862 410 1916 potuisset,
440 1877 528 1903 non
560 1865 672 1903 esset
705 1865 859 1917 actum,
890 1863 1073 1904 redirem
1103 1864 1146 1904 in
1176 1864 1362 1917 patriam
1387 1863 1521 1918 digni·
1541 1875 1576 1900 30

186 1923 276 1961 tate
309 1920 425 1962 omni
457 1924 718 1974 recuperata.
780 1921 981 1963 Decrevit
1013 1923 1161 1963 eodem
1187 1925 1379 1976 tempore
1405 1936 1522 1963 sena-

186 1981 269 2032 tus,
300 1982 349 2019 ut
374 1979 440 2033 iis,
473 1979 546 2032 qui
578 1993 628 2020 ex
659 1982 754 2020 tota
784 1979 913 2021 Italia
945 1981 1096 2021 salutis
1128 1995 1246 2021 meae
1274 1994 1401 2021 causa
1427 1994 1522 2022 con-

184 2039 408 2090 venerant,
452 2040 682 2092 agerentur
718 2039 901 2093 gratiae,
945 2042 1073 2092 atque
1111 2041 1160 2079 ut
1196 2038 1326 2091 idem,
1364 2038 1417 2078 ad
1453 2052 1520 2079 res

108 2107 173 2137 130
184 2094 402 2135 redeuntis
433 2098 482 2136 ut
513 2095 724 2150 venirent,
763 2100 1030 2151 rogarentur.
1090 2096 1208 2138 Haec
1240 2099 1332 2137 erat
1363 2095 1521 2138 studio-

186 2167 282 2193 rum
316 2153 361 2193 in
391 2168 486 2194 mea
517 2153 656 2195 salute
688 2155 924 2209 contentio,
961 2158 1010 2196 ut
1041 2155 1089 2208 ii,
1128 2155 1201 2208 qui
1232 2169 1256 2195 a
1288 2157 1439 2195 senatu
1470 2154 1519 2195 de
1539 2171 1574 2197 35

187 2225 254 2251 me
295 2211 577 2265 rogabantur,
621 2212 757 2253 eidem
794 2213 961 2254 senatui
998 2228 1076 2268 pro
1114 2227 1180 2254 me
1218 2212 1520 2266 supplicarent.

186 2271 331 2322 Atque
369 2269 432 2309 ita
468 2270 513 2310 in
549 2270 616 2311 his
651 2270 778 2312 rebus
810 2286 917 2312 unus
950 2275 1015 2312 est
1046 2271 1162 2312 solus
1193 2270 1409 2325 inventus,
1445 2271 1520 2325 qui

103 856 169 887 129

104 1898 159 1938 62

76 1957 172 1997 (130)
