1671 2543
229 113 285 153 92
602 109 694 144 PRO
721 108 770 143 M.
797 107 969 143 CAELIO
997 106 1184 142 ORATIO.

230 221 497 262 delectantur
529 231 687 267 omnes,
721 216 882 257 versari
913 214 1170 269 periucunde
1202 213 1371 267 soleret,
1401 211 1484 254 fuit
1514 212 1560 254 in

229 279 310 320 hac
336 292 464 319 causa
487 275 704 331 pertristis
732 274 904 329 quidam
929 276 1120 328 patruus,
1149 286 1310 325 censor,
1335 271 1559 326 magister3

232 336 478 391 obiurgavit
497 335 553 376 M.
574 333 777 387 Caelium,
804 332 915 374 sicut
933 332 1147 373 neminem
1166 344 1370 384 umquam
1388 344 1560 384 parens3

232 395 368 436 multa
387 395 437 435 de
456 392 766 435 incontinentia
779 390 1193 444 intemperantiaque
1208 388 1421 430 disseruit.
1449 387 1560 436 Quid

233 453 452 508 quaeritis,
483 450 671 492 iudices?
703 449 979 504 ignoscebam
1011 448 1133 489 vobis
1166 449 1330 488 attente
1356 445 1560 487 audienti·
1596 459 1613 484 5

232 512 330 565 bus,
367 513 595 565 propterea
632 509 744 562 quod
780 510 950 562 egomet
981 510 1071 547 tam
1103 506 1228 547 triste
1259 505 1366 546 illud
1397 508 1440 546 et
1471 507 1561 545 tam

175 573 219 604 26
234 584 431 624 asperum
468 582 601 623 genus
641 566 847 608 orationis
884 565 1122 607 horrebam.
1187 564 1251 606 Ac
1286 563 1426 618 prima
1461 577 1560 617 pars

233 628 317 669 fuit
347 628 440 681 illa,
477 641 582 680 quae
614 640 681 666 me
713 625 853 665 minus
885 624 1102 678 movebat,
1132 622 1265 664 fuisse
1297 636 1391 663 meo
1422 636 1561 663 neces-

235 686 346 728 sario
378 685 549 726 Bestiae
582 683 774 726 Caelium
804 682 1073 735 familiarem,
1108 695 1279 723 cenasse
1311 680 1422 735 apud
1453 694 1561 733 eum,

234 745 467 786 ventitasse
494 743 678 796 domum,
704 741 918 783 studuisse
942 743 1178 795 praeturae.
1240 738 1340 780 Non
1364 753 1431 779 me
1456 738 1561 779 haec
1582 752 1617 777 10

235 806 424 857 movent,
467 816 574 856 quae
616 800 838 855 perspicue
875 799 985 840 falsa
1021 801 1139 853 sunt3
1176 797 1333 839 etenim
1370 811 1442 838 eos
1478 811 1563 837 una

236 875 407 903 cenasse
439 860 558 914 dixit,
594 859 666 913 qui
698 862 772 900 aut
803 858 971 911 absunt,
1003 860 1077 898 aut
1109 857 1263 911 quibus
1294 869 1465 897 11666886
1497 858 1563 896 681

235 920 347 960 idem
384 919 532 960 dicere.
593 917 744 971 Neque
781 931 880 958 vero
915 916 1022 957 illud
1053 929 1120 956 me
1153 916 1411 968 commovet,
1451 913 1564 967 quod

236 978 319 1019 sibi
359 978 404 1018 in
440 976 644 1031 Lupercis
683 975 872 1017 sodalem
910 989 1002 1016 esse
1041 973 1232 1015 Caelium
1270 972 1388 1013 dixit.
1454 971 1565 1013 Fera

236 1036 443 1090 quaedam
481 1035 686 1076 sodalitas
725 1037 767 1075 et
800 1034 925 1088 plane
956 1032 1189 1087 pastoricia
1220 1034 1348 1085 atque
1381 1030 1563 1086 agrestis
1584 1044 1618 1069 15

237 1108 537 1149 germanorum
574 1092 882 1147 Lupercorum,
927 1105 1108 1146 quorum
1151 1090 1280 1132 coitio
1325 1089 1401 1130 illa
1445 1089 1564 1130 silve-

238 1154 338 1194 stris
371 1155 468 1193 ante
507 1154 573 1193 est
609 1151 811 1192 instituta
842 1164 970 1204 quam
1001 1149 1246 1190 humanitas
1278 1150 1406 1202 atque
1436 1147 1566 1202 leges,

238 1211 447 1265 siquidem
476 1224 564 1250 non
594 1209 719 1250 modo
751 1209 924 1249 nomina
955 1207 1151 1248 deferunt
1181 1207 1293 1247 inter
1319 1221 1362 1247 86
1388 1206 1566 1258 sodales,
1614 1206 1615 1209 ’

239 1270 311 1311 sed
358 1269 488 1310 etiam
532 1270 869 1309 commemorant
912 1266 1186 1307 sodalitatem
1228 1265 1273 1305 in
1317 1264 1565 1317 accusando,

180 1334 222 1364 27
237 1331 303 1381 ut,
338 1341 392 1368 ne
430 1326 524 1380 quis
561 1326 605 1366 id
635 1325 746 1366 forte
777 1324 958 1378 nesciat,
996 1324 1147 1364 timere
1178 1323 1420 1363 videantur!
1483 1321 1566 1363 Sed
1586 1337 1621 1362 ρο

237 1387 342 1427 haec
390 1385 606 1438 omittam3
650 1383 702 1424 ad
746 1383 836 1436 illa,
887 1397 994 1436 quae
1037 1396 1104 1423 me
1147 1381 1285 1436 magis
1330 1383 1566 1434 moverunt,

240 1443 519 1497 respondebo.

169 1505 242 1548 (⁶27)
321 1501 584 1542 Deliciarum
604 1500 848 1554 obiurgatio
869 1499 951 1540 fuit
970 1499 1100 1553 longa
1119 1498 1148 1552 †
1169 1501 1211 1538 et
1232 1512 1281 1538 ea
1299 1496 1437 1538 lenior
1454 1497 1568 1551 plus-

241 1575 321 1614 que
353 1558 657 1613 disputationis
688 1558 841 1598 habuit
873 1572 1000 1611 quam
1033 1556 1286 1609 atrocitatis,
1321 1570 1404 1609 quo
1438 1555 1566 1596 etiam

241 1619 386 1659 audita
417 1620 482 1658 est
514 1616 732 1658 attentius.
792 1615 906 1657 Nam
938 1615 983 1656 P.
1015 1614 1207 1668 Clodius,
1242 1614 1402 1655 amicus
1435 1628 1566 1667 meus,
1586 1628 1620 1654 25

242 1691 337 1718 cum
387 1690 431 1717 se
481 1675 745 1730 gravissume
789 1674 1257 1726 vehementissumeque
1300 1673 1482 1714 iactaret
1524 1674 1568 1713 et

242 1735 384 1776 omnia
425 1734 715 1775 inflammatus
759 1735 905 1788 ageret
948 1732 1223 1773 tristissumis
1264 1731 1423 1785 verbis,
1465 1744 1568 1771 voce

241 1793 445 1845 maxima,
483 1792 658 1833 tametsi
692 1792 929 1845 probabam
961 1791 1050 1831 eius
1083 1790 1387 1844 eloquentiam,
1424 1792 1569 1829 tamen

241 1866 326 1893 non
356 1850 728 1905 pertimescebam3
760 1849 925 1903 aliquot
956 1848 1068 1889 enim
1099 1849 1144 1889 in
1173 1847 1310 1889 causis
1337 1862 1433 1888 eum
1458 1846 1569 1888 vide-

242 1925 334 1951 ram
359 1909 521 1950 frustra
545 1908 800 1963 litigantem.
858 1907 955 1948 Tibi
981 1909 1137 1960 autem,
1163 1906 1308 1959 Balbe,
1334 1905 1567 1959 respondeo
1588 1920 1624 1945 30

242 1968 429 2023 primum
456 1967 661 2021 precario,
693 1966 857 2007 scilieet
883 1966 919 2006 si
943 1965 1009 2006 fas
1036 1968 1102 2006 est
1127 1964 1294 2005 defendi
1320 1979 1343 2004 a
1369 1978 1435 2004 me
1461 1977 1569 2016 eum,

245 2026 316 2080 qui
352 2026 519 2067 nullum
557 2025 798 2066 convivium
834 2024 1039 2077 renuerit,
1078 2023 1150 2077 qui
1183 2023 1229 2063 in
1258 2022 1396 2063 hortis
1427 2021 1569 2074 fuerit,

245 2085 317 2138 qui
349 2086 568 2138 unguenta
600 2083 840 2136 sumpserit,
876 2082 948 2136 qui
979 2082 1107 2123 Baias
1139 2080 1299 2121 viserit.
1359 2079 1570 2132 Equidem

245 2142 404 2183 multos
443 2145 485 2182 et
522 2141 608 2182 vidi
645 2141 689 2181 in
725 2141 805 2181 hac
843 2141 1015 2181 civitate
1057 2142 1100 2180 et
1134 2138 1291 2191 audivi,
1326 2152 1412 2178 non
1443 2137 1569 2178 modo

247 2200 319 2253 qui
356 2199 616 2253 primoribus
653 2199 786 2239 labris
825 2200 1073 2252 gustassent
1107 2210 1239 2251 genus
1270 2195 1351 2237 hoc
1381 2195 1494 2236 vitae
1527 2198 1570 2235 et
1589 2211 1622 2236 35

247 2257 458 2310 extremis,
489 2261 538 2297 ut
569 2257 736 2310 dicitur,
768 2256 914 2310 digitis
948 2256 1205 2310 attigissent,
1236 2254 1309 2294 sed
1335 2253 1407 2307 qui
1432 2256 1571 2294 totam

247 2315 580 2356 adulescentiam
623 2315 916 2368 voluptatibus
961 2314 1192 2366 dedissent,
1235 2311 1456 2353 emersisse
1498 2311 1571 2352 ali-

177 2066 229 2106 12

187 2126 229 2155 ‘28
