1671 2543
115 452 132 477 ⁵

101 745 135 770 10

102 1036 135 1062 15

102 1329 136 1354 20

104 1620 137 1645 25

574 91 675 127 CAP.
704 95 839 126 10—12
866 95 884 133 ἓ
910 94 1060 126 27—32.
1402 93 1490 134 565

150 201 393 257 legionibus
424 200 537 242 bello
571 198 765 242 confecto
798 200 1038 241 tributuros
1063 214 1142 242 nos
1169 201 1489 255 spopondimus,

150 260 357 301 hodierno
390 262 564 300 senatus
596 258 792 300 consulto
825 259 1068 300 renovanda
1099 273 1268 313 censeo3
1306 273 1489 313 aequum

152 321 218 360 est
238 319 351 359 enim
371 318 570 371 militum,
589 317 742 358 talium
760 317 1024 371 praesertim,
1046 317 1254 359 honorem
1275 318 1488 373 coniungi.

152 378 296 431 Atque
341 377 523 430 utinam,
566 379 710 430 patres
755 376 1004 430 conscripti,
1049 376 1249 428 [civibus]
1292 377 1490 418 omnibus
1504 389 1550 420 30

154 435 316 477 solvere
365 435 489 477 nobis
539 435 728 488 praemia
777 434 942 476 liceret!
993 449 1252 489 quamquam
1299 449 1378 477 nos
1429 450 1490 489 ea,

153 508 261 548 quae
298 493 592 548 promisimus,
629 493 820 534 studiose
859 493 1076 534 cumulata
1109 494 1344 536 reddemus.
1407 493 1490 536 Sed

152 552 195 593 id
228 552 398 606 quidem
429 554 575 606 restat,
607 555 655 593 ut
688 566 825 606 spero,
853 552 1102 605 victoribus,
1135 553 1289 606 quibus
1316 555 1489 594 senatus

152 611 257 652 fides
288 611 597 665 praestabitur3
638 625 766 664 quam
804 611 1005 665 quoniam
1036 610 1291 653 difficillimo
1323 611 1386 652 rei
1415 626 1491 666 pu-

154 669 290 711 blicae
327 673 521 724 tempore
559 669 694 710 secuti
733 672 850 723 sunt,
891 683 963 710 eos
999 684 1234 724 numquam
1271 670 1490 724 oportebit

155 728 322 770 consilii
354 728 420 769 sui
450 728 678 783 paenitere.
737 727 818 769 Sed
849 728 974 769 facile
1007 731 1072 769 est
1103 729 1210 769 bene
1240 742 1366 784 agere
1393 743 1490 771 cum

153 787 218 840 iis,
251 801 276 828 a
307 787 461 841 quibus
494 787 624 828 etiam
655 787 898 828 tacentibus
930 787 1118 842 flagitari
1143 787 1352 842 videmur3
1383 787 1491 829 illud

153 845 448 887 admirabilius
492 848 535 887 et
578 846 714 886 maius
753 845 1019 899 maximeque
1056 846 1278 899 proprium
1315 849 1490 887 senatus

155 904 360 959 sapientis
388 907 464 958 est,
491 906 617 959 grata
642 918 789 945 eorum
814 904 1020 945 virtutem
1047 904 1253 945 memoria
1275 905 1490 959 prosequi,

155 963 228 1017 qui
270 977 347 1017 pro
391 963 533 1017 patria
568 963 703 1003 vitam
738 962 1032 1016 profuderunt.
1101 962 1293 1011 Quorum
1329 963 1379 1004 de
1415 963 1489 1004 ho·
1504 976 1548 1008 31

153 1036 256 1063 nore
298 1021 466 1062 utinam
505 1021 611 1062 mihi
647 1021 772 1075 plura
808 1022 852 1062 in
889 1024 1076 1062 mentem
1113 1021 1324 1062 venirent!
1391 1021 1489 1062 Duo

156 1083 270 1121 certe
295 1094 382 1121 non
406 1079 662 1134 praeteribo,
695 1094 801 1133 quae
827 1080 1009 1120 maxime
1037 1083 1276 1133 occurrunt,
1308 1094 1491 1134 quorum

155 1139 339 1179 alterum
381 1138 568 1192 pertinet
613 1138 663 1179 ad
706 1138 896 1179 virorum
934 1137 1270 1180 fortissimorum
1307 1139 1491 1193 gloriam

155 1197 478 1251 sempiternam,
534 1197 717 1237 alterum
770 1197 822 1237 ad
870 1196 1112 1237 leniendum
1160 1211 1399 1238 maerorem
1448 1199 1492 1238 et

156 1256 319 1297 luctum
349 1255 654 1309 proximorum.

242 1313 390 1355 Placet
416 1313 550 1368 igitur
575 1313 693 1366 mihi,
723 1316 868 1367 patres
895 1313 1139 1367 conscripti,
1170 1313 1354 1368 legionis
1380 1313 1489 1354 Mar·
1509 1316 1563 1355 12

155 1372 241 1413 tiae
285 1372 495 1413 militibus
534 1374 577 1413 et
614 1372 692 1424 eis,
736 1372 809 1426 qui
846 1386 931 1412 una
965 1373 1206 1427 pugnantes
1245 1372 1491 1426 occiderint,

155 1433 480 1472 monumentum
509 1430 604 1471 fieri
636 1444 764 1484 quam
795 1430 1119 1484 amplissimum.
1173 1429 1334 1485 Magna
1362 1433 1491 1484 atque

156 1488 423 1529 incredibilia
453 1491 554 1529 sunt
584 1489 630 1529 in
660 1503 749 1530 rem
779 1489 997 1542 publicam
1026 1488 1153 1529 huius
1182 1488 1337 1529 merita
1361 1488 1492 1544 legio-

156 1547 235 1588 nis.
295 1545 414 1587 Haec
450 1561 494 1587 se
531 1546 671 1600 prima
704 1547 930 1588 latrocinio
964 1546 1136 1600 abrupit
1168 1546 1349 1600 Antoni,
1385 1546 1492 1588 haec

158 1604 298 1646 tenuit
333 1603 508 1656 Albam,
551 1603 656 1645 haec
700 1618 743 1645 se
787 1605 839 1644 ad
877 1603 1102 1646 Caesarem
1140 1604 1341 1658 contulit,
1380 1604 1492 1646 hanc

156 1664 328 1704 imitata
361 1666 513 1716 quarta
540 1661 653 1715 legio
679 1676 826 1716 parem
851 1662 1026 1703 virtutis
1052 1662 1236 1716 gloriam
1263 1665 1493 1704 consecuta

137 1724 235 1775 est.
306 1720 469 1769 Quarta
511 1720 665 1761 victrix
709 1720 922 1761 desiderat
963 1720 1195 1775 neminem3
1238 1735 1289 1761 ex
1331 1720 1492 1762 Martia

155 1794 244 1821 non
282 1779 390 1819 nulli
427 1779 472 1819 in
506 1778 601 1832 ipsa
638 1778 818 1819 victoria
853 1778 1138 1820 conciderunt.
1201 1777 1236 1820 Ο
1268 1778 1492 1820 fortunata

157 1851 286 1890 mors,
319 1851 424 1891 quae
455 1839 633 1877 naturae
665 1836 810 1877 debita
839 1851 917 1890 pro
949 1837 1090 1890 patria
1121 1839 1187 1878 est
1214 1837 1491 1891 potissimum

105 1911 139 1936 30
158 1896 339 1937 reddita!
392 1894 483 1936 Vos
507 1909 607 1936 vero
633 1895 797 1948 patriae
822 1897 947 1936 natos
973 1895 1127 1949 iudico,
1152 1909 1334 1949 quorum
1360 1896 1491 1936 etiam
1505 1909 1550 1940 32

156 1968 314 1996 nomen
345 1968 369 1994 a
400 1952 538 1994 Marte
570 1956 647 2006 est,
678 1956 727 1993 ut
757 1953 869 1994 idem
901 1953 1003 1994 deus
1033 1953 1185 1994 urbem
1214 1954 1325 1995 hanc
1356 1954 1489 2009 genti-

157 2013 256 2066 bus,
294 2026 369 2053 vos
400 2011 500 2052 huic
530 2012 628 2052 urbi
659 2011 856 2066 genuisse
887 2011 1092 2052 videatur.
1150 2011 1203 2052 In
1232 2011 1337 2067 fuga
1365 2011 1492 2053 foeda

158 2085 274 2112 mors
307 2073 383 2122 est,
417 2070 463 2110 in
492 2069 674 2110 victoria
705 2069 903 2124 gloriosa.
965 2069 1139 2111 Etenim
1170 2069 1287 2112 Mars
1318 2071 1409 2124 ipse
1441 2085 1493 2111 ex

159 2129 248 2170 acie
278 2128 564 2170 fortissimum
597 2142 804 2182 quemque
835 2128 1053 2182 pignerari
1084 2128 1205 2169 solet.
1260 2128 1331 2169 Illi
1357 2128 1494 2183 igitur

106 2202 140 2228 ³5
159 2187 298 2241 impii,
331 2200 437 2240 quos
469 2186 700 2236 cecidistis,
732 2186 864 2226 etiam
895 2186 947 2227 ad
977 2185 1138 2227 inferos
1169 2201 1328 2240 poenas
1359 2187 1492 2241 parri-

160 2245 259 2286 cidii
295 2245 432 2297 luent,
468 2258 544 2285 vos
575 2258 693 2297 vero,
731 2244 803 2298 qui
834 2247 1071 2285 extremum
1103 2244 1304 2298 spiritum
1334 2245 1380 2286 in
1410 2245 1493 2287 vic-

159 2303 271 2344 toria
315 2302 540 2356 effudistis,
582 2302 752 2356 piorum
795 2302 898 2343 estis
939 2302 1083 2344 sedem
1127 2305 1170 2344 et
1211 2303 1354 2344 locum
1398 2318 1494 2345 con-
