1671 2543
534 103 634 139 CAP.
662 109 800 139 ζεῖ-29
828 109 847 147 ξ
874 109 1022 141 67—73.
1360 107 1446 149 399

101 212 293 267 partium
329 212 523 267 propria,
562 212 717 266 quibus
755 216 802 254 tu
842 228 932 254 rem
969 213 1187 268 publicam
1217 214 1445 269 vexavisti3

103 271 157 312 ad
193 271 309 325 ipsas
348 268 444 313 tuas
483 271 621 325 partis
660 271 804 325 redeo,
841 271 884 313 id
922 275 987 313 est
1025 273 1077 314 ad
1116 272 1240 315 civile
1271 273 1444 327 bellum,

103 329 217 384 quod
241 332 404 382 natum,
436 330 682 383 conflatum,
709 333 955 385 susceptum
982 345 1111 385 opera
1136 334 1211 372 tua
1236 334 1314 373 est.
1364 331 1443 375 Cui
1459 309 1514 401 Ξῖ)

103 388 216 430 bello
262 402 358 434 cum
400 391 580 443 propter
623 388 902 430 timiditatem
944 392 1081 443 tuam,
1131 393 1225 431 tum
1264 392 1443 445 propter

66 462 82 488 5
102 446 302 489 libidines
352 446 538 488 defuisti.
615 446 824 489 Gustaras
869 447 1036 489 civilem
1080 449 1332 504 sanguinem
1375 449 1443 491 vel

101 505 246 560 potius
291 506 568 560 exorbueras3
610 505 754 548 fueras
791 507 836 548 in
874 506 963 548 acie
1001 506 1251 548 Pharsalica
1288 508 1444 550 antesi-

101 577 287 620 gnanus3
330 563 378 605 L.
415 563 676 618 Domitium,
721 565 1007 606 clarissimum
1044 568 1088 607 et
1123 566 1442 608 nobilissimum

100 623 259 676 virum,
298 623 513 665 occideras
552 623 797 678 multosque
834 626 1073 678 praeterea,
1113 624 1185 678 qui
1223 639 1245 666 e
1276 625 1441 679 proelio

102 681 358 736 effugerant,
403 696 509 736 quos
549 681 706 724 Caesar
749 685 798 723 ut
833 697 920 724 non
956 682 1097 724 nullos
1135 682 1320 724 fortasse
1359 697 1442 724 ser-

49 756 82 782 10
101 743 263 794 vasset,
314 740 607 782 crudelissime
655 743 906 795 persecutus
951 741 1201 783 trucidaras.
1275 741 1441 790 Quibus

100 799 229 840 rebus
262 798 396 840 tantis
428 813 476 841 ac
507 799 667 840 talibus
701 799 835 855 gestis
864 799 965 854 quid
990 799 1074 840 fuit
1101 814 1264 853 causae,
1297 814 1371 842 cur
1396 801 1441 841 in

100 856 296 898 Africam
341 856 569 900 Caesarem
617 872 705 899 non
755 872 996 912 sequerere,
1047 872 1143 899 cum
1185 858 1441 913 praesertim

100 915 205 957 belli
242 930 342 970 pars
382 918 506 957 tanta
536 916 750 958 restaret?
811 916 964 970 Itaque
997 931 1123 970 quem
1154 916 1297 958 locum
1330 917 1440 971 apud

100 974 243 1028 ipsum
282 973 508 1016 Caesarem
551 978 652 1029 post
696 975 786 1016 eius
831 989 881 1016 ex
924 974 1073 1017 Africa
1109 975 1295 1016 reditum
1333 976 1441 1017 obti-

49 1049 82 1075 15
99 1032 265 1074 nuisti?
315 1047 399 1087 quo
452 1048 630 1075 numero
673 1033 825 1074 fuisti?
899 1032 1030 1075 Cuius
1074 1036 1123 1075 tu
1165 1033 1440 1088 imperatoris

102 1093 306 1146 quaestor
347 1091 508 1145 fueras,
558 1092 782 1133 dictatoris
826 1092 1033 1147 magister
1076 1092 1287 1147 equitum,
1337 1091 1462 1133 belli

100 1150 320 1204 princeps,
364 1150 631 1192 crudelitatis
677 1154 836 1203 auctor,
886 1150 1067 1205 praedae
1106 1151 1264 1205 socius,
1310 1154 1440 1192 testa-

101 1211 265 1262 mento,
302 1211 352 1249 ut
389 1209 559 1250 dicebas
597 1209 707 1263 ipse,
750 1209 883 1262 filius,
921 1209 1162 1263 appellatus
1201 1224 1245 1250 es
1285 1209 1335 1250 de
1371 1224 1441 1263 pe-

101 1267 237 1321 cunia,
270 1281 398 1321 quam
429 1282 508 1322 pro
540 1267 683 1324 domo,
710 1281 789 1322 pro
814 1267 966 1321 hortis,
997 1282 1075 1322 pro
1103 1268 1291 1309 sectione
1319 1268 1441 1309 debe-

50 1341 84 1367 20
104 1326 193 1367 bas.
254 1324 401 1367 Primo
433 1326 694 1380 respondisti
725 1327 851 1380 plane
882 1326 1084 1368 ferociter
1115 1329 1176 1380 et,
1212 1341 1265 1367 ne
1299 1327 1441 1368 omnia
1456 1341 1498 1371 72

98 1384 245 1425 videar
282 1387 432 1426 contra
470 1388 533 1439 te,
570 1399 702 1439 prope
741 1385 915 1426 modum
947 1399 1083 1439 aequa
1114 1388 1157 1426 et
1188 1385 1303 1426 iusta
1335 1385 1441 1426 dice-

99 1441 195 1484 bas:
241 1442 295 1483 ‘A
332 1458 399 1484 me
439 1442 483 1485 C.
522 1442 680 1485 Caesar
716 1443 971 1498 pecuniam?
1017 1457 1092 1484 cur
1127 1443 1273 1498 potius
1313 1458 1442 1498 quam

101 1513 181 1555 ego
226 1500 279 1541 ab
323 1500 428 1542 illo?
473 1516 527 1543 an
564 1502 654 1543 sine
693 1517 759 1544 me
797 1502 869 1543 ille
907 1502 1042 1543 vicit?
1110 1504 1171 1542 At
1207 1516 1260 1543 ne
1297 1503 1442 1556 potuit

102 1558 285 1612 quidem.
352 1559 448 1614 Ego
490 1560 543 1600 ad
585 1560 708 1602 illum
753 1561 855 1602 belli
901 1560 1038 1602 civilis
1084 1574 1257 1602 causam
1301 1561 1441 1615 attuli,

48 1634 81 1659 25
102 1630 182 1672 ego
221 1617 338 1671 leges
375 1617 637 1670 perniciosas
675 1619 844 1673 rogavi,
882 1632 961 1673 ego
1001 1633 1120 1659 arma
1158 1620 1308 1659 contra
1345 1633 1441 1660 con-

105 1675 218 1716 sules
251 1675 618 1729 imperatoresque
649 1677 798 1730 populi
828 1675 1030 1729 Romani,
1063 1678 1212 1717 contra
1244 1679 1440 1717 senatum

101 1733 394 1788 populumque
431 1732 692 1787 Romanum,
731 1737 881 1775 contra
918 1734 1018 1774 deos
1059 1734 1223 1787 patrios
1262 1748 1441 1787 arasque

102 1794 146 1832 et
182 1791 320 1845 focos,
359 1794 508 1832 contra
544 1792 731 1845 patriam
769 1793 862 1832 tuli.
923 1791 1040 1833 Num
1078 1792 1162 1833 sibi
1194 1792 1275 1833 soli
1307 1792 1439 1833 vicit?

103 1849 295 1898 Quorum
334 1848 499 1890 facinus
544 1853 610 1890 est
654 1864 894 1903 commune,
946 1863 1020 1891 cur
1063 1865 1150 1891 non
1190 1851 1248 1891 sit
1291 1865 1440 1892 eorum

47 1926 82 1950 30
101 1908 261 1962 praeda
287 1907 569 1949 communis?
613 1906 685 1948 Ius
712 1908 981 1962 postulabas,
1015 1908 1087 1949 sed
1114 1909 1215 1962 quid
1241 1909 1293 1950 ad
1318 1909 1438 1949 rem'?

100 1966 204 2007 Plus
236 1966 308 2007 ille
339 1968 521 2020 poterat.
582 1965 734 2020 Itaque
767 1966 954 2007 excussis
987 1967 1073 2007 tuis
1105 1967 1282 2008 vocibus
1315 1970 1358 2007 et
1383 1967 1436 2008 ad
1452 1975 1496 2006 73

100 2027 144 2066 te
183 2027 226 2066 et
264 2024 316 2065 ad
353 2024 530 2078 praedes
568 2027 666 2065 tuos
704 2024 864 2065 milites
903 2024 1039 2078 misit,
1077 2039 1172 2065 cum
1207 2027 1381 2079 repente
1414 2039 1438 2065 a

100 2086 144 2124 te
174 2083 395 2137 praeclara
425 2082 500 2123 illa
532 2083 680 2123 tabula
710 2083 879 2136 prolata
911 2085 986 2123 est.
1046 2081 1127 2131 Qui
1158 2083 1270 2124 risus
1301 2083 1437 2124 homi-

100 2156 220 2196 num,
258 2144 424 2183 tantam
462 2155 554 2182 esse
592 2140 801 2194 tabulam,
839 2144 929 2181 tam
960 2141 1117 2195 varias,
1155 2143 1245 2181 tam
1277 2141 1435 2182 multas

48 2200 410 2253 aepossessioneS,
443 2213 493 2240 ex
532 2199 686 2253 quibus
723 2202 894 2252 praeter
930 2201 1098 2253 partem
1134 2198 1290 2240 Miseni
1326 2199 1432 2240 nihil

101 2261 211 2312 erat,
255 2259 385 2312 quod,
429 2258 502 2311 qui
547 2257 882 2311 auctionaretur,
925 2260 1074 2311 posset
1116 2271 1241 2298 suum
1278 2257 1434 2299 dicere!

99 2315 329 2358 Auctionis
366 2330 468 2358 vero
506 2315 765 2357 miserabilis
803 2316 1049 2370 adspectus3
1085 2316 1217 2357 vestis
1256 2315 1433 2371 Pompei
