1671 2543
561 120 661 156 CAP.
689 123 802 155 9—11
830 123 848 162 g
875 123 1024 155 26—32.
1391 120 1478 161 485

136 243 262 284 quam
312 242 517 284 magnum
567 231 634 269 est
681 242 910 282 personam
959 228 1004 269 in
1052 241 1098 269 re
1147 227 1321 281 publica
1365 228 1478 268 tueri

134 287 360 342 principis!
405 301 512 342 quae
548 301 636 328 non
673 287 827 328 animis
865 286 1004 328 solum
1045 286 1190 340 debet,
1233 285 1307 327 sed
1348 285 1477 326 etiam

137 346 273 388 oculis
329 346 488 388 servire
546 345 713 387 civium.
798 344 987 386 Domum
1042 345 1228 399 recipere
1284 344 1478 399 legatum

135 405 345 459 hostium,
399 404 444 446 in
497 404 739 447 cubiculum
796 404 1040 457 admittere,
1096 404 1226 445 etiam
1277 403 1476 444 seducere

99 463 323 508 5hominis
368 466 434 505 est
473 463 581 504 m'hil
619 463 669 504 de
708 462 938 518 dignitate,
980 463 1161 503 nimium
1198 462 1248 503 de
1285 461 1477 516 periculo

137 522 381 579 cogitantis.
457 521 579 571 Quod
629 524 772 563 autem
816 524 882 563 est
924 520 1191 576 periculum?
1265 519 1397 574 Nam,
1441 520 1477 561 si

135 581 371 622 maximum
414 580 458 621 in
501 580 731 622 discrimen
769 581 956 633 venitur,
998 583 1072 621 aut
1109 580 1289 621 libertas
1326 581 1478 633 parata

135 640 292 681 victori
324 642 390 681 est
422 641 497 680 aut
527 653 644 681 mors
675 639 901 694 proposita
926 639 1053 692 victo,
1086 652 1267 693 quorum
1294 638 1477 679 alterum

138 698 327 753 optabile
367 701 450 752 est,
488 698 672 739 alterum
711 698 896 753 effugere
934 712 1059 739 nemo
1096 700 1254 763 potest.
1321 696 1477 750 Turpis

84 777 117 801 ιο
137 760 281 798 autem
311 756 416 812 fuga
447 757 600 798 mortis
633 757 750 798 omni
781 759 848 798 est
879 759 1016 798 morte
1043 756 1173 810 peior.
1230 754 1344 796 Nam
1370 755 1477 796 illud
1493 763 1536 793 30

137 816 310 870 quidem
346 830 434 857 non
471 816 657 857 adducor
694 818 744 856 ut
782 816 968 869 credam,
1012 829 1103 856 esse
1142 814 1372 880 quosdam,
1405 814 1477 879 qui

135 874 356 916 invideant
382 874 561 916 alicuius
589 875 868 928 constantiae,
895 874 968 928 qui
994 874 1132 915 labori
1159 874 1261 926 eius,
1288 873 1361 927 qui
1387 873 1478 914 eius

134 936 388 988 perpetuam
437 933 482 974 in
530 947 575 974 re
623 933 797 987 publica
846 933 1084 974 adiuvanda
1126 932 1394 973 voluntatem
1436 934 1479 972 et

137 992 305 1034 senatui
354 995 397 1033 et
439 992 599 1046 populo
644 991 840 1033 Romano
884 992 1059 1046 probari
1102 991 1282 1032 moleste
1326 990 1478 1031 ferant.

84 1068 116 1093 15
139 1050 300 1092 Omnes
336 1050 379 1091 id
413 1051 584 1105 quidem
615 1049 754 1092 facere
787 1050 1065 1103 debebamus,
1105 1064 1237 1104 eaque
1270 1052 1362 1090 erat
1392 1063 1479 1090 non

136 1110 264 1151 modo
297 1109 408 1164 apud
440 1109 623 1150 maiores
655 1112 840 1162 nostros,
875 1109 948 1150 sed
981 1109 1112 1150 etiam
1142 1122 1279 1162 nuper
1311 1122 1480 1149 summa

135 1169 230 1209 laus
251 1167 553 1222 consularium,
572 1168 764 1223 vigilare,
785 1168 931 1209 adesse
953 1168 1107 1221 animo,
1128 1181 1296 1221 semper
1316 1165 1478 1221 aliquid

134 1241 214 1280 pro
259 1241 303 1268 re
344 1226 519 1280 publica
562 1230 637 1267 aut
681 1227 872 1282 cogitare
917 1229 991 1267 aut
1033 1226 1173 1267 facere
1215 1228 1289 1266 aut
1327 1225 1478 1266 dicere.

135 1285 246 1341 Ego,
271 1288 416 1340 patres
439 1285 685 1340 conscripti,
705 1285 752 1334 Q.
775 1284 1023 1327 Scaevolam
1045 1298 1251 1340 augurem
1270 1283 1478 1325 memoria
1491 1291 1534 1322 31

83 1363 118 1388 20
137 1347 262 1385 teneo
300 1344 415 1385 bello
446 1343 654 1398 Marsico,
692 1358 787 1385 cum
826 1346 940 1385 esset
977 1358 1146 1385 summa
1182 1345 1404 1384 senectute
1436 1346 1478 1383 et

135 1403 306 1457 perdita
336 1403 592 1456 valetudine,
624 1403 792 1457 cotidie,
824 1402 951 1444 simul
978 1405 1107 1456 atque
1132 1402 1308 1455 luceret,
1338 1401 1478 1442 facere

137 1461 338 1502 omnibus
377 1461 654 1503 conveniendi
692 1461 759 1502 sui
796 1463 1077 1515 potestatem3
1115 1475 1193 1502 nec
1231 1475 1328 1502 eum
1367 1460 1479 1514 quis-

138 1533 268 1574 quam
292 1519 368 1561 illo
394 1520 508 1561 bello
535 1520 643 1561 vidit
668 1520 713 1561 in
738 1521 863 1573 lecto,
895 1534 1107 1574 senexque
1134 1519 1287 1560 debilis
1313 1518 1478 1573 primus

137 1578 338 1620 veniebat
356 1578 402 1619 in
422 1578 595 1619 curiam.
640 1578 780 1620 Huius
800 1579 1057 1620 industriam
1077 1578 1261 1618 maxime
1281 1577 1478 1631 equidem

85 1654 118 1680 ‘25
137 1636 293 1678 vellem
312 1639 362 1677 ut
381 1636 655 1678 imitarentur
674 1637 718 1691 ii,
738 1651 845 1691 quos
866 1637 1107 1690 oportebat,
1127 1635 1311 1677 secundo
1332 1638 1476 1676 autem

136 1696 251 1749 loco,
293 1709 346 1736 ne
386 1695 564 1735 alterius
602 1695 739 1736 labori
777 1695 1028 1736 inviderent
1095 1694 1288 1747 Etenim,
1331 1696 1535 1756 patres32

127 1753 384 1819 conscripti,
412 1768 509 1794 cum
535 1753 579 1793 in
605 1767 724 1807 spem
750 1753 965 1794 libertatis
992 1753 1192 1794 sexennio
1211 1754 1312 1806 post
1332 1766 1478 1793 sumus

137 1813 324 1877 ingressi
356 1811 601 1865 diutiusque
635 1811 886 1852 servitutem
917 1812 1126 1865 perpessi,
1159 1825 1286 1864 quam
1320 1811 1479 1864 captivi

138 1871 251 1912 servi
293 1870 409 1925 frugi
448 1873 491 1911 et
529 1870 757 1924 diligentes
795 1870 953 1923 solent,
997 1884 1103 1924 quas
1140 1869 1330 1924 vigilias,
1372 1883 1478 1922 quas

85 1947 120 1972 30
140 1929 469 1979 sollicitudines,
508 1942 615 1982 quos
654 1928 823 1969 labores
860 1928 1070 1969 liberandi
1109 1928 1256 1982 populi
1293 1927 1480 1969 Romani

138 2001 267 2029 causa
298 2001 494 2028 recusare
521 1987 752 2027 debemus?
807 1986 1031 2040 Equidem,
1062 1989 1207 2041 patres
1234 1986 1479 2040 conscripti,

138 2060 399 2100 quamquam
431 2046 512 2086 hoc
542 2045 704 2086 honore
730 2045 797 2086 usi
823 2045 963 2100 togati
991 2046 1130 2086 solent
1155 2059 1258 2098 esse,
1290 2059 1386 2086 cum
1413 2047 1478 2086 est

137 2105 183 2146 in
215 2104 331 2159 sagis
364 2103 528 2156 civitas,
561 2103 696 2144 statui
727 2106 871 2144 tamen
903 2118 928 2144 a
958 2104 1081 2145 vobis
1115 2104 1353 2157 ceterisque
1380 2103 1478 2144 civi-

137 2163 218 2204 bus
256 2163 300 2204 in
337 2165 461 2203 tanta
499 2162 729 2203 atrocitate
767 2162 975 2216 temporis
1013 2165 1220 2216 tantaque
1257 2161 1478 2216 perturba-

85 2238 118 2264 35
137 2221 256 2263 tione
288 2221 349 2262 rei
380 2220 577 2275 publicae
607 2234 696 2261 non
727 2220 895 2261 differre
921 2221 1092 2261 vestitu.
1151 2219 1253 2262 Non
1278 2219 1391 2261 enim
1415 2220 1479 2261 ita

138 2280 327 2334 gerimus
369 2293 449 2320 nos
492 2279 574 2320 hoc
615 2278 728 2320 bello
769 2279 1031 2332 consulares,
1074 2281 1124 2320 ut
1162 2293 1296 2333 aequo
1336 2278 1476 2320 animo

136 2338 321 2392 populus
360 2337 580 2379 Romanus
612 2337 781 2378 visurus
814 2337 872 2378 sit
901 2337 1041 2379 nostri
1071 2337 1248 2379 honoris
1279 2337 1479 2393 insignia,
