1671 2543
200 78 286 120 298
490 76 582 112 PRO
610 76 648 112 T.
675 75 830 112 ANNIO
856 75 1039 112 MILONE
1066 75 1254 112 ORATIO.

202 186 250 235 Q.
283 185 426 240 Petili,
458 185 640 239 appello,
674 184 886 238 optimum
919 186 962 225 et
993 183 1281 226 fortissimum
1310 184 1458 239 civem,
1489 187 1547 239 te,

200 244 257 286 M.
284 243 405 299 Cato,
437 246 585 298 testor,
618 257 725 297 quos
758 243 865 284 mihi
897 243 1041 284 divina
1072 243 1282 297 quaedam
1309 257 1401 285 sors
1428 243 1546 285 dedit

200 303 373 345 iudices.
442 302 627 358 Vos-ex
668 301 724 342 M.
763 300 954 343 Favonio
999 301 1180 343 audistis
1219 301 1418 344 Clodium
1461 302 1544 344 sibi

201 362 376 416 dixisse,
415 364 459 402 et
497 360 677 402 audistis
715 359 812 401 vivo
851 359 1021 414 Clodio,
1059 360 1300 414 periturum
1337 359 1545 402 Milonem

200 420 363 474 triduo3
400 422 500 474 post
537 419 650 460 diem
681 419 859 460 tertium
891 421 1015 474 gesta
1046 433 1113 460 res
1147 422 1230 473 est,
1272 433 1401 473 quam
1433 419 1545 461 dixe·
1581 431 1598 458 ε

202 482 282 520 rat.
346 478 453 521 Cum
492 478 564 519 ille
601 492 689 519 non
726 477 938 519 dubitarit
973 478 1156 532 aperire,
1194 477 1296 532 quid
1328 477 1545 533 cogitarit,

135 521 187 611 h}
201 553 277 579 vos
309 537 495 592 potestis
528 536 737 591 dubitare,
771 536 873 590 quid
903 535 1084 578 fecerit?
1129 536 1265 585 Quem
1292 536 1344 578 ad
1371 537 1546 578 modum

202 597 337 651 igitur
381 610 477 637 eum
522 595 611 636 dies
654 609 742 637 non
784 594 970 636 fefellit?
1031 594 1132 636 Dixi
1175 595 1373 650 equidem
1404 595 1544 638 modo.

200 655 440 697 Dictatoris
468 653 680 695 Lanuvini
712 656 828 695 stata
857 653 1067 695 sacrificia
1091 668 1218 695 nosse
1243 654 1410 709 negotii
1435 654 1544 696 nihil

202 717 304 755 crat.
366 712 491 755 Vidit
527 726 699 754 necesse
738 726 829 754 esse
864 712 1017 754 Miloni
1054 712 1270 767 proficisci
1302 712 1544 755 Lanuvium
1566 726 1598 751 10

201 773 276 814 illo
309 773 416 826 ipso,
449 786 533 826 quo
566 774 632 813 est
659 771 891 826 profectus,
923 771 990 813 die
1015 771 1162 826 itaque
1189 771 1434 813 antevertit.
1483 771 1546 814 At

202 846 285 885 quo
319 831 416 872 die?
474 830 586 885 Quo,
623 833 673 871 ut
704 833 803 872 ante
835 830 941 885 dixi,
977 829 1062 872 fuit
1093 830 1369 871 insanissima
1399 830 1544 872 contio

202 890 255 931 ab
300 889 436 944 ipsius
481 889 774 930 mercennario
819 889 994 931 tribuno
1039 889 1095 943 pl.
1140 889 1374 944 concitata;
1419 903 1545 944 quem

200 949 314 990 diem
352 948 442 1003 ille,
488 962 617 1002 quam
655 947 919 1002 contionem,
957 962 1065 1002 quos
1105 947 1331 1002 clamores,
1369 947 1454 989 nisi
1492 948 1546 990 ad

201 1008 442 1063 cogitatum
473 1006 640 1049 facinus
673 1006 990 1061 adproperaret,
1021 1020 1257 1061 numquam
1287 1006 1544 1061 reliquisset.
1566 1018 1598 1045 15

200 1066 320 1121 Ergo
359 1066 424 1107 illi
461 1080 515 1107 ne
548 1079 676 1107 causa
708 1065 880 1119 quidem
911 1065 1098 1119 itineris,
1137 1065 1269 1106 etiam
1301 1079 1429 1107 causa
1461 1080 1546 1107 ma-

200 1125 347 1179 nendi,
391 1123 545 1166 Miloni
589 1124 789 1165 manendi
832 1124 952 1166 nulla
995 1123 1197 1178 facultas,
1241 1124 1421 1166 exeundi
1457 1138 1546 1166 non

201 1197 331 1224 causa
362 1183 522 1235 solum,
557 1183 630 1224 sed
663 1183 794 1224 etiam
824 1183 1059 1224 necessitas
1090 1182 1186 1224 fuit.
1249 1182 1379 1236 Quid,
1411 1182 1466 1236 si,
1496 1185 1546 1224 ut

200 1242 273 1283 ille
312 1241 439 1283 scivit
475 1240 682 1282 Milonem
719 1240 811 1282 fore
849 1255 899 1283 eo
938 1241 1004 1282 die
1042 1241 1087 1282 in
1123 1241 1210 1295 via,
1248 1241 1310 1282 sic
1345 1239 1544 1283 Clodium

142 1308 187 1340 46
201 1299 307 1341 Milo
352 1314 404 1340 ne
447 1299 657 1354 suspicari
695 1300 866 1353 quidem
904 1299 1078 1353 potuit?
1140 1298 1334 1340 Primum
1373 1312 1599 1354 quaero,20

133 2330 176 2361 47

202 1358 276 1412 qui
307 1357 350 1398 id
383 1358 491 1399 scire
523 1357 726 1411 potuerit,
762 1357 875 1412 quod
906 1372 982 1399 vos
1015 1357 1129 1398 idem
1160 1357 1205 1398 in
1237 1356 1387 1399 Clodio
1421 1372 1546 1412 quae·

200 1430 292 1457 rere
333 1430 420 1457 non
456 1416 652 1470 potestis.
713 1415 776 1457 Ut
815 1416 928 1457 enim
965 1416 1181 1457 neminem
1220 1416 1352 1457 alium
1383 1416 1467 1458 nisi
1498 1416 1544 1458 T.

200 1474 412 1528 Patinam,
444 1474 831 1515 familiarissimum
858 1489 995 1529 suum,
1027 1477 1236 1530 rogasset,
1267 1475 1375 1516 scire
1400 1475 1544 1529 potuit
1585 1486 1588 1489 ⁴

199 1533 275 1574 illo
302 1533 396 1587 ipso
423 1533 490 1574 die
516 1532 681 1574 Lanuvi
708 1547 733 1574 a
759 1533 968 1575 dictatore
989 1532 1150 1575 Milone
1175 1533 1300 1587 prodi
1326 1533 1546 1575 flaminem

199 1605 372 1633 necesse
412 1605 515 1633 0330.
579 1590 662 1633 Sed
701 1594 824 1632 erant
860 1592 1066 1646 permulti
1102 1591 1194 1646 alii,
1232 1606 1282 1633 ex
1315 1592 1470 1646 quibus
1502 1592 1546 1634 id
1565 1605 1599 1631 25

199 1650 403 1692 facillime
437 1650 544 1692 scire
570 1653 719 1704 posset
753 1651 918 1701 [omnes
953 1651 1118 1692 scilicet
1146 1649 1390 1703 Lanuvini}
1438 1649 1545 1692 Milo

198 1709 249 1750 de
271 1708 392 1751 Clodi
414 1709 555 1750 reditu
576 1709 685 1750 unde
707 1709 949 1763 quaesivit?
983 1708 1226 1758 Quaesierit
1253 1723 1354 1750 sane
1375 1707 1546 1765 (videte,

199 1767 299 1820 quid
325 1767 449 1808 vobis
475 1765 668 1823 largiar),
700 1781 869 1808 servum
902 1767 1045 1822 etiam,
1076 1770 1126 1821 ut
1153 1766 1200 1816 Q.
1226 1767 1393 1821 Arrius,
1424 1781 1545 1809 meus

198 1826 378 1879 amicus,
417 1826 543 1879 dixit,
583 1826 833 1880 corruperit.
896 1825 1048 1881 Legite
1084 1826 1335 1867 testimonia
1367 1826 1545 1867 testium

196 1887 450 1926 vestrorum.
523 1883 646 1925 Dixit
693 1883 737 1926 C.
782 1883 1009 1926 Causinius
1067 1882 1224 1925 Schola
1261 1883 1597 1939 Interamnas,so

196 1942 562 1984 familiarissimus
601 1945 645 1984 et
682 1942 795 1983 idem
835 1957 977 1984 comes
1010 1941 1153 1996 Clodi,
1191 1942 1312 1984 0111113
1344 1942 1430 1984 iam
1460 1942 1545 1997 pri-

196 2001 293 2042 dem
318 2001 570 2042 testimonio
598 2000 774 2043 Clodius
802 2001 948 2042 eadem
973 2000 1081 2042 hora
1106 2000 1379 2042 Interamnae
1403 2001 1545 2042 fuerat

196 2063 239 2099 et
271 2058 452 2113 Romae,
490 2058 537 2101 Ρ.
569 2058 768 2102 Clodium
806 2059 881 2100 illo
915 2059 981 2100 die
1013 2059 1058 2100 in
1089 2059 1261 2100 Albano
1294 2072 1544 2100 mansurum

194 2116 339 2171 fuisse,
367 2118 439 2158 sed
466 2117 610 2159 subito
632 2118 670 2159 ei
691 2132 783 2159 esse
803 2118 1051 2159 nuntiatum
1073 2116 1234 2172 Cyrum
1254 2116 1543 2158 architectum

195 2189 289 2216 csse
335 2179 575 2229 mortuum,
625 2176 772 2230 itaque
815 2179 992 2230 repente
1036 2175 1219 2217 Romam
1265 2174 1597 2217 constituissess

204 2233 431 2285 proficisci.
480 2233 603 2275 Dixit
633 2234 715 2276 hoc
747 2248 890 2275 comes
921 2234 1027 2275 item
1052 2233 1098 2274 P.
1125 2232 1259 2286 Clodi,
1285 2231 1329 2274 C.
1357 2231 1545 2275 Clodius.

138 2271 190 2312 18
207 2289 377 2345 Videte,
408 2292 587 2343 iudices,
622 2295 807 2346 quantae
840 2306 907 2333 res
938 2291 1006 2332 his
1038 2290 1299 2332 testimoniis
1331 2291 1419 2332 sint
1450 2306 1547 2333 con-
