1671 2543
206 117 290 157 508
383 115 431 150 IN
459 115 505 150 M.
533 113 791 149 ANTON1UM
817 113 994 148 ORATio
1021 113 1286 148 PHTLIPPICA
1314 114 1372 149 xi.

165 224 286 267 3hoc
318 224 467 278 iugum
500 223 729 276 impiorum
756 221 978 263 nefarium.
1034 221 1271 277 Imaginem
1298 221 1354 263 M.
1382 221 1545 263 Antoni

206 282 473 324 crudelitatis
512 282 555 321 in
589 280 816 322 Dolabella
853 281 1045 334 cernitis,
1083 295 1133 322 ex
1169 280 1251 322 hoc
1289 280 1364 321 illa
1401 279 1546 322 efficta

207 345 284 394 est,
311 341 364 382 ab
390 341 472 381 hoc
491 339 742 381 Dolabellae
769 339 975 381 scelerum
1002 342 1230 394 praecepta
1253 341 1354 381 sunt
1373 339 1542 380 tradita.

206 399 323 441 Num
349 400 567 452 leniorem,
599 413 727 452 quam
753 398 796 439 in
824 398 928 439 Asia
953 397 1180 439 Dolabella
1208 397 1302 451 fuit,
1334 398 1379 440 in
1403 397 1544 451 Italia,

207 459 243 500 si
275 459 414 510 liceat,
445 457 537 499 fore
566 457 729 511 putatis
756 457 1021 498 Antonium?
1071 456 1180 498 Mihi
1207 457 1376 511 quidem
1403 459 1446 498 et
1471 457 1543 498 ille
1581 468 1597 494 ⁵

206 516 451 571 pervenisse
482 516 661 569 videtur,
697 516 835 570 quoad
866 516 1066 571 progredi
1091 515 1283 570 potuerit
1307 514 1387 558 feri
1411 515 1544 557 homi-

207 577 273 617 nis
301 576 498 628 amentia,
523 589 658 629 neque
683 574 898 616 Antonius
924 575 1054 616 ullius
1081 574 1279 629 supplicii
1307 574 1546 629 adhibendi,

208 635 243 675 si
284 637 547 689 potestatem
584 633 759 687 habeat,
802 633 936 674 ullam
974 647 1065 675 esse
1102 637 1268 688 partem
1307 633 1544 675 relicturus.

176 693 362 734 7Ponite
395 693 531 748 igitur
563 695 661 734 ante
698 692 861 745 oculos,
892 695 1037 746 patres
1069 692 1313 746 conscripti,
1345 692 1544 734 miseram

208 753 327 792 illam
367 751 538 806 quidem
577 754 620 793 et
657 751 844 792 flebilem
875 751 1079 804 speciem,
1117 751 1189 792 sed
1221 751 1273 792 ad
1305 751 1545 793 incitandos
1568 763 1599 789 ¹⁰

208 814 380 852 nostros
419 810 585 851 animos
622 809 926 863 necessariam,
962 812 1221 852 nocturnum
1258 810 1468 864 impetum
1502 811 1546 853 in

207 870 358 910 urbem
390 869 518 911 Asiae
551 868 853 922 clarissimam,
883 868 1174 923 inruptionem
1207 872 1471 911 armatorum
1503 869 1547 912 in

208 928 394 970 Treboni
420 927 605 981 domum,
632 942 728 969 cum
754 928 883 969 miser
909 927 981 968 ille
1005 927 1123 982 prius
1143 928 1360 970 latronum
1380 928 1547 983 gladios

208 987 394 1041 videret,
433 1001 579 1040 quam,
619 1000 725 1040 quae
760 1000 827 1028 res
860 989 990 1043 esset,
1028 987 1236 1041 audisset,
1272 985 1456 1028 furentis
1487 987 1546 1028 in-

209 1047 389 1087 troitum
432 1045 701 1099 Dolabellae,
744 1059 891 1086 vocem
935 1045 1147 1099 impuram
1188 1048 1318 1100 atque
1355 1059 1404 1087 os
1440 1045 1545 1087 illud
1568 1058 1600 1084 15

208 1104 379 1154 infame,
411 1104 563 1157 vincla,
594 1104 784 1158 verbera,
816 1103 1020 1158 eculeum,
1052 1107 1263 1145 tortorem
1290 1104 1545 1147 carnificem·

210 1178 290 1217 que
313 1162 589 1216 Samiarium,
615 1177 722 1217 quae
748 1163 899 1204 tulisse
926 1139 1047 1204 illuin
1073 1162 1246 1204 fortiter
1271 1166 1315 1204 et
1334 1163 1549 1218 patienter

208 1222 364 1263 ferunt.
420 1221 580 1276 Magna
610 1221 703 1263 laus
736 1235 914 1276 meoque
946 1221 1103 1263 iudicio
1134 1222 1324 1263 omnium
1350 1222 1546 1264 maxima.

208 1280 291 1322 Est
329 1281 442 1321 enim
480 1280 704 1333 sapientis,
744 1280 945 1334 quicquid
979 1280 1144 1321 homini
1176 1280 1364 1322 accidere
1395 1281 1546 1335 possit,

209 1339 251 1379 id
294 1338 596 1393 praemeditari
638 1337 863 1379 ferundum
907 1338 1070 1380 modice
1113 1352 1223 1392 esse,
1267 1339 1304 1380 si
1347 1339 1545 1380 evenerit.
1567 1351 1602 1376 20

209 1396 387 1438 Maioris
426 1397 598 1437 omnino
638 1399 704 1437 est
745 1396 912 1438 consilii
952 1397 1191 1451 providere,
1231 1411 1283 1438 ne
1322 1397 1422 1451 quid
1461 1398 1547 1440 tale

210 1456 392 1507 accidat,
427 1455 559 1496 animi
590 1468 676 1496 non
708 1455 884 1496 minoris
917 1454 1089 1496 fortiter
1120 1454 1247 1508 ferre,
1280 1455 1316 1496 si
1348 1457 1546 1499 evenerit.

175 1515 272 1561 gAc
305 1513 532 1555 Dolabella
571 1513 741 1567 quidem
782 1517 871 1554 tam
908 1513 992 1554 fuit
1024 1514 1233 1556 inmemor
1263 1514 1547 1557 humanitatis

210 1572 489 1627 (quamquam
531 1573 621 1613 eius
660 1586 894 1626 numquam
930 1572 1145 1626 particeps
1182 1572 1297 1626 fuit),
1340 1576 1389 1614 ut
1427 1587 1546 1615 suam

208 1631 500 1673 insatiabilem
527 1630 825 1673 crudelitatem
854 1631 1090 1672 exercuerit
1109 1645 1195 1672 non
1215 1631 1385 1673 solum
1374 1647 1419 1673 1n
1438 1633 1548 1687 vivo,
1567 1643 1604 1670 25

210 1691 282 1731 sed
316 1691 446 1731 etiam
478 1690 523 1731 in
555 1692 737 1744 mortuo,
769 1692 898 1755 atque
931 1690 975 1730 in
1002 1690 1092 1731 eius
1119 1704 1296 1744 corpore
1322 1691 1548 1733 lacerando

210 1753 337 1803 atque
370 1749 560 1791 vexando
593 1763 690 1790 cum
722 1748 912 1789 animum
945 1749 1100 1789 satiare
1132 1763 1219 1790 non
1249 1753 1415 1803 posset,
1453 1764 1548 1792 ocu-

208 1808 274 1849 los
307 1808 474 1861 paverit
506 1821 617 1848 suos.

169 1866 194 1905 4
299 1866 333 1907 Ο
374 1866 510 1907 multo
549 1865 745 1907 miserior
777 1864 1005 1907 Dolabella
1043 1880 1171 1919 quam
1208 1866 1298 1920 ille,
1337 1881 1463 1921 quem
1501 1870 1548 1909 tu

210 1925 498 1966 miserrimum
523 1939 614 1966 esse
642 1924 833 1965 voluisti!
885 1923 1080 1966 ‘Dolores
1106 1924 1344 1967 Trebonius
1368 1926 1548 1979 pertulit
1568 1936 1604 1963 so

210 1983 417 2039 magnos.'
492 1982 619 2024 Multi
660 1997 710 2024 ex
755 1983 893 2024 morbi
937 1983 1149 2038 gravitate
1189 1984 1389 2038 maiores,
1441 1998 1548 2038 quos

210 2045 355 2083 tamen
398 2056 485 2083 non
524 2042 721 2095 miseros,
768 2041 840 2083 sed
884 2041 1123 2083 laboriosos
1167 2042 1354 2084 solemus
1398 2042 1547 2084 dicere.

210 2099 401 2156 ‘Longus
433 2100 518 2141 fuit
549 2100 696 2142 dolor.'
758 2099 904 2154 Bidui3
939 2104 984 2141 at
1016 2100 1308 2154 compluribus
1340 2115 1547 2142 annorum

211 2173 336 2213 saepe
376 2160 622 2201 multorum.
683 2157 773 2200 Nec
805 2173 905 2200 vero
938 2159 1138 2214 graviora
1169 2163 1269 2201 sunt
1301 2159 1547 2201 czu'nificum
1652 2207 1654 2212 ,

211 2218 501 2259 cruciamenta
562 2231 690 2272 quam
745 2217 960 2259 interdum
1016 2220 1232 2259 tormenta
1287 2217 1545 2259 morborum.
1566 2227 1601 2254 35

176 2276 310 2317 9Alia
347 2279 465 2330 sunt,
509 2276 613 2330 alia,
652 2276 845 2330 inquam,
889 2290 913 2317 o
957 2276 1236 2330 perditissimi
1272 2275 1466 2317 homines
1504 2279 1548 2317 et

212 2335 513 2387 amentissimi,
552 2334 686 2375 multo
726 2334 958 2375 miseriora.
1020 2333 1150 2387 Nam,
1189 2348 1271 2388 quo
1309 2334 1446 2374 maior
1482 2334 1546 2375 vis
