1671 2543
530 87 630 124 GAP.
659 92 771 124 9—11
803 92 821 131 ξ
848 94 999 125 21—27.
1351 92 1437 134 383

93 192 282 236 viderem
325 194 554 251 nefarium,
603 196 738 251 pacis,
790 198 1059 253 concordiae,
1109 199 1437 254 compositionis

95 255 246 294 auctor
289 267 383 295 esse
425 269 512 296 non
555 255 722 309 destiti,
765 270 945 311 meaque
988 257 1065 299 illa
1107 272 1191 300 vox
1228 262 1295 300 est
1331 262 1436 300 nota

94 311 265 353 multis:
327 311 575 367 ‘Utinam,
636 313 864 369 Pompei,
921 330 1029 357 cum
1085 315 1303 359 Caesare
1360 331 1436 359 so-

95 370 330 412 cietatem
375 374 463 413 aut
498 386 770 427 numquam
809 374 1003 416 coisses
1042 378 1129 416 aut
1166 390 1436 430 numquam

57 429 410 471 5diremisses!
472 429 593 472 Fuit
625 431 846 473 alterum
879 433 1182 488 gravitatis,
1214 434 1436 476 alterum

93 488 401 543 prudentiae
427 489 571 530 tuae?
627 489 746 532 Haec
771 505 878 545 mea,
909 490 966 532 M.
993 491 1169 547 Antoni,
1200 507 1368 548 semper
1395 497 1438 534 et

93 547 144 589 de
175 546 383 601 Pompeio
421 550 465 588 et
497 548 546 589 de
578 563 624 590 re
655 549 829 603 publica
861 550 1040 592 consilia
1070 550 1256 593 fuerunt.
1318 551 1436 601 Quae

94 606 130 648 si
162 605 412 660 valuissent,
443 620 511 648 res
543 607 717 661 publica
749 610 898 662 staret,
931 611 979 650 tu
1006 609 1092 650 tuis
1118 609 1310 665 flagitiis,
1343 624 1437 666 ege-

94 667 224 718 state,
256 664 434 706 infamia
465 665 735 708 concidisses.

43 736 74 761 10
186 722 270 765 Sed
300 724 408 765 haec
438 726 596 778 vetera,
628 725 734 766 illud
766 740 865 767 vero
891 740 1051 779 recens,
1084 725 1312 768 Caesarem
1339 741 1433 769 meo

93 782 274 824 consilio
311 782 599 824 interfectum.
667 783 760 824 Iam
797 799 964 839 vereor,
1005 787 1151 839 patres
1190 786 1436 840 conscripti,

91 855 163 894 ne,
202 840 316 895 quod
352 841 655 895 turpissimum
687 845 770 895 est,
807 843 1197 897 praevaricatorem
1229 844 1336 885 mihi
1368 844 1436 885 ad-

92 899 289 954 posuisse
332 899 494 953 videar,
545 901 618 954 qui
663 915 729 941 me
772 915 860 942 non
903 902 1043 943 solum
1086 902 1193 943 meis
1236 902 1435 943 laudibus

94 960 284 1012 ornaret,
352 958 425 1000 sed
492 958 624 1000 etiam
693 959 855 1001 alienis.
958 959 1061 1008 Quis
1124 961 1237 1002 enim
1293 975 1436 1002 meum

40 1028 73 1054 15
93 1017 139 1058 in
181 1017 267 1058 ista
310 1016 517 1058 societate
562 1017 866 1072 gloriosissimi
909 1017 1012 1060 facti
1049 1033 1206 1060 nomen
1244 1019 1436 1060 audivit?

93 1074 224 1118 Cuius
263 1078 426 1129 autem,
459 1075 532 1129 qui
575 1075 620 1116 in
657 1090 707 1117 eo
744 1091 922 1118 numero
960 1076 1131 1131 fuisset,
1174 1092 1332 1119 nomen
1370 1080 1436 1119 est

94 1134 388 1176 occultatum?
453 1133 729 1175 Occultatum
761 1135 874 1189 dico3
912 1135 1031 1177 cuius
1070 1150 1155 1177 non
1194 1136 1345 1177 statim
1377 1136 1436 1177 di-

91 1193 348 1248 vulgatum?
423 1191 562 1234 Citius
613 1193 792 1234 dixerim
836 1194 1019 1235 iactasse
1064 1209 1108 1235 se
1153 1194 1338 1249 aliquos,
1387 1198 1437 1235 ut

92 1251 226 1292 fuisse
270 1251 315 1292 in
358 1265 408 1291 ea
455 1251 663 1292 societate
707 1252 970 1307 viderentur,
1016 1267 1112 1294 cum
1151 1253 1312 1294 conscii
1349 1267 1436 1294 non

41 1322 76 1348 20
93 1310 296 1364 fuissent,
327 1324 457 1365 quam
487 1313 536 1351 ut
568 1310 795 1365 quisquam
827 1311 956 1352 celari
988 1311 1134 1365 vellet,
1167 1312 1239 1366 qui
1270 1311 1436 1353 fuisset.

95 1368 234 1417 Quam
268 1369 358 1410 veri
390 1368 530 1410 simile
561 1383 690 1422 porro
724 1372 790 1410 est
820 1369 866 1410 in
897 1372 964 1411 tot
994 1369 1243 1411 hominibus
1275 1370 1435 1424 partim
1450 1378 1495 1408 26

95 1427 301 1481 obscuris,
325 1427 485 1481 partim
511 1427 857 1469 adulescentibus
881 1428 1097 1470 neminem
1117 1429 1436 1470 occultantibus

95 1500 237 1526 meum
274 1500 431 1526 nomen
469 1486 605 1527 latere
642 1486 865 1540 potuisse?
931 1486 1124 1540 Etenim,
1163 1487 1200 1528 si
1238 1490 1436 1528 auctores

96 1544 148 1584 ad
185 1543 452 1584 liberandam
488 1544 676 1597 patriam
711 1544 1054 1586 desiderarentur
1085 1545 1172 1585 illis
1206 1545 1437 1598 actoribus,

43 1614 76 1640 25
96 1602 257 1644 Brutos
310 1615 390 1656 ego
433 1602 718 1656 impellerem,
768 1617 951 1656 quorum
994 1606 1175 1656 uterque
1218 1601 1265 1642 L.
1309 1602 1436 1643 Bruti

95 1660 329 1715 imaginem
377 1659 532 1700 cotidie
570 1660 752 1713 videret,
796 1660 906 1701 alter
943 1661 1074 1701 etiam
1112 1659 1311 1701 Ahalae?
1378 1660 1437 1701 Hi

95 1720 231 1774 igitur
261 1718 329 1759 his
362 1717 597 1758 maioribus
630 1718 684 1758 ab
717 1718 866 1759 alienis
899 1718 1043 1771 potius
1071 1717 1299 1758 consilium
1324 1720 1438 1770 pete-

95 1780 193 1818 rent
225 1790 354 1830 quam
386 1790 410 1816 a
442 1775 530 1816 suis
557 1777 600 1815 et
625 1774 730 1816 foris
756 1776 900 1829 potius
929 1790 1056 1829 quam
1083 1775 1238 1816 domo?
1297 1774 1438 1823 Quid?

98 1835 142 1877 O.
170 1834 344 1877 Cassius
375 1834 421 1875 in
452 1847 501 1874 ea
531 1833 697 1873 familia
727 1836 867 1886 natus,
900 1848 1008 1886 quae
1039 1847 1126 1874 non
1152 1833 1278 1874 modo
1306 1833 1437 1873 domi-

44 1907 78 1932 30
95 1897 268 1947 natum,
318 1893 391 1933 sed
433 1906 486 1932 ne
529 1890 771 1945 potentiam
816 1891 986 1944 quidem
1030 1891 1282 1945 cuiusquam
1325 1890 1438 1931 ferre

96 1952 259 2007 potuit,
303 1965 370 1992 me
409 1952 645 2002 auctorem,
684 1949 826 2002 credo,
871 1949 1146 2002 desideravit3
1193 1949 1266 2002 qui
1306 1949 1436 1989 etiam

98 2011 188 2052 sine
213 2010 281 2050 his
309 2008 560 2051 clarissimis
586 2007 690 2048 viris
716 2007 826 2048 hanc
852 2021 941 2048 rem
967 2008 1011 2048 in
1032 2006 1183 2049 Cilicia
1203 2007 1255 2047 ad
1276 2007 1437 2047 ostium

96 2068 285 2110 fluminis
313 2066 449 2121 Cydni
476 2065 740 2118 confecisset,
773 2065 808 2105 si
834 2065 905 2106 ille
933 2066 984 2106 ad
1011 2079 1105 2106 eam
1131 2065 1282 2118 ripam,
1308 2078 1435 2119 quam

98 2127 393 2179 constituerat,
424 2139 511 2166 non
543 2124 595 2165 ad
621 2123 882 2165 contrariam
906 2123 1027 2164 navis
1054 2123 1303 2177 appulisset.
1360 2121 1491 2166 Cn.2'1

44 2197 78 2222 35
97 2185 339 2227 Domitium
382 2198 469 2225 non
505 2182 642 2237 patris
680 2181 898 2234 interitus,
944 2181 1171 2222 clarissimi
1208 2181 1307 2234 viri,
1349 2195 1436 2222 non

98 2243 297 2285 avunculi
334 2256 468 2296 mors,
504 2256 592 2282 non
629 2239 831 2293 spoliatio
865 2239 1090 2294 dignitatis
1117 2239 1170 2280 ad
1201 2239 1416 2292 reciperat·

98 2302 195 2343 dam
226 2301 485 2353 libertatem,
517 2299 589 2341 sed
622 2312 717 2339 mea
743 2298 978 2339 auctoritas
1006 2297 1238 2339 excitavit?
1294 2297 1364 2338 An
1389 2296 1436 2338 O.

1452 705 1499 745 11

1449 764 1495 794 25
