1671 2543
560 73 660 110 CAP.
690 78 779 110 7—9
806 78 825 117 g
853 78 1000 109 15—21.
1426 75 1452 115 9

115 197 244 237 quam
272 183 350 235 [in]
384 181 499 223 fretu
528 182 581 223 ad
614 182 857 223 columnam
884 181 1216 235 adhaeresceret,
1247 182 1292 222 in
1323 183 1456 223 tribu—

112 245 240 283 natus
272 243 447 296 portum
477 240 739 296 perfugerat,
771 241 1073 282 contemnebat
1104 241 1270 294 equites
1302 240 1456 281 Roma-

112 315 210 354 nos,
248 300 532 341 minitabatur
564 300 750 354 senatui,
787 300 1039 341 venditabat
1069 313 1113 341 se
1147 299 1287 353 operis
1327 301 1455 353 atque

115 359 168 400 ab
194 359 247 400 iis
274 373 318 400 se
351 361 558 413 ereptum,
587 372 640 399 ne
667 359 717 399 de
745 359 911 399 ambitu
938 372 1109 400 causam
1135 358 1307 411 diceret,
1338 372 1456 412 prae--

78 435 94 460 5
116 418 287 459 dicabat
307 418 360 458 ab
380 417 600 471 isdemque
628 431 672 458 se
699 417 830 458 etia-m
851 417 986 458 invito
1013 419 1164 458 senatu
1189 416 1456 471 provinciam

115 491 285 530 sperare
323 476 510 530 dicebat3
547 490 725 529 eamque
756 476 841 516 nisi
879 475 1058 530 adeptus
1090 478 1221 527 esset,
1259 489 1304 517 se
1342 476 1455 517 inco-

113 535 273 576 lumem
315 535 434 576 nullo
479 535 606 576 modo
650 534 742 576 fore
787 534 1093 575 arbitrabatur.
1154 534 1297 588 Alter,
1343 549 1367 575 o
1412 534 1454 575 di
1471 547 1513 577 19

113 594 238 635 boni!
273 608 401 647 quam
426 596 564 635 taeter
590 593 826 645 incedebat,
859 608 986 647 quam
1012 593 1294 646 truculentus,
1327 607 1456 647 quam

114 651 322 694 terribilis
349 653 543 706 aspectu!
594 651 739 694 Unum
767 652 953 706 aliquem
984 654 1027 693 te
1054 666 1104 693 ex
1128 651 1323 693 barbatis
1356 652 1455 705 illis,

62 728 95 754 ιο
114 711 357 777 exemplum
388 711 558 765 imperii
589 711 764 764 veteris,
797 711 1030 765 imaginem
1062 710 1358 764 antiquitatis,
1390 725 1456 752 00-

112 770 258 811 lumen
294 770 356 811 rei
395 770 593 824 publicae
631 770 791 811 diceres
831 770 1002 810 intueri.
1064 768 1262 810 Vestitus
1307 783 1455 823 aspere

111 832 262 870 nostra
298 829 379 870 hac
415 843 605 883 pumma
647 828 815 882 plebeia
853 843 900 870 ac
943 842 1077 893 paene
1115 827 1255 882 fusca,
1300 828 1456 882 capillo

112 887 176 928 ita
216 887 411 941 horrido,
459 890 509 928 ut
553 886 717 941 Capua,
763 887 808 927 in
852 901 936 941 qua
978 887 1072 940 ipsa
1116 890 1210 927 tum
1253 886 1455 941 imaginis

115 947 328 988 ornandae
357 960 483 987 causa
514 945 832 987 duumviratum
865 946 1055 1000 gerebat
1088 944 1328 999 Seplasiam
1361 945 1457 986 sub-

62 1021 94 1047 15
113 1005 281 1046 laturus
307 1004 534 1045 viderxetui
584 1003 699 1045 Nam
725 1005 826 1058 quid
852 1018 932 1059 ego
965 1004 1015 1045 de
1042 1004 1271 1058 supercilio
1305 1003 1456 1056 dicam,

115 1064 228 1117 quod
259 1066 353 1104 tum
384 1063 631 1104 hominibus
662 1077 749 1104 non
782 1063 1068 1117 supercilium,
1101 1063 1173 1103 sed
1205 1063 1362 1117 pignus
1395 1062 1457 1103 rei

113 1122 309 1176 publicae
353 1121 608 1163 videbatur?
677 1121 816 1162 Tanta
860 1124 953 1162 erat
997 1121 1187 1176 gravitas
1231 1121 1277 1162 in
1322 1121 1457 1174 oculo,

114 1184 238 1222 tanta
269 1180 508 1222 contractio
541 1179 716 1234 frontis,
752 1182 802 1221 ut
832 1180 908 1221 illo
947 1179 1175 1233 supercilio
1209 1194 1344 1220 annus
1383 1179 1457 1220 ille

113 1240 196 1280 niti
215 1242 436 1292 tamquam
461 1239 562 1280 vade
580 1239 805 1280 videretur.
855 1238 964 1280 Erat
989 1238 1060 1280 hic
1080 1238 1272 1279 omnium
1299 1252 1456 1279 sermo:
1471 1250 1519 1281 2ss

61 1314 96 1340 20
115 1298 213 1339 tEst
232 1301 379 1339 tamen
397 1297 458 1338 rei
478 1297 674 1351 publicae
694 1311 899 1352 magnum
918 1298 1175 1351 firmumque
1197 1296 1454 1349 subsidium3

112 1357 263 1411 habeo,
296 1371 423 1410 quem
450 1370 664 1410 opponam
694 1356 783 1396 labi
809 1356 873 1396 illi
900 1359 1028 1410 atque
1055 1370 1203 1409 00011ος
1234 1356 1357 1396 vultu
1390 1370 1456 1396 me

114 1415 208 1457 dius
234 1415 360 1456 fidius
388 1415 577 1470 collegae
603 1415 668 1456 sui
694 1415 917 1456 libidinem
941 1415 1248 1468 levitatemque
1268 1413 1457 1469 franget3

112 1474 293 1515 habebit
325 1476 498 1515 senatus
530 1474 577 1514 in
606 1474 719 1515 hunc
752 1488 921 1525 annum,
957 1488 1083 1527 quem
1116 1475 1339 1527 sequatur3
1370 1487 1458 1514 non

115 1532 250 1574 deerit
287 1535 436 1573 auctor
473 1535 517 1573 et
554 1532 638 1573 dux
675 1531 828 1573 bonis.'
890 1531 1000 1572 Mihi
1039 1532 1219 1585 denique
1259 1531 1456 1573 homines

62 1606 96 1633 25
114 1591 341 1645 praecipue
368 1591 710 1645 gratulabantur,
743 1591 856 1645 quod
880 1591 1108 1631 habiturus
1136 1604 1274 1631 essem
1307 1592 1458 1631 contra

116 1649 341 1690 tribunum
377 1650 434 1703 pl.
471 1649 684 1690 furiosum
727 1652 770 1690 et
811 1649 1013 1690 audacem
1052 1663 1148 1690 cum
1192 1648 1376 1689 amicum
1414 1650 1458 1689 et

116 1708 312 1761 adfinem,
343 1710 436 1748 tum
468 1708 601 1748 etiam
632 1707 791 1748 fortem
823 1710 866 1748 et
898 1721 1073 1762 gravem
1107 1707 1337 1748 consulem.

202 1765 347 1820 Atque
386 1780 533 1807 eorum
572 1766 680 1806 alter
717 1765 872 1806 fefellit
908 1765 1135 1806 neminem.
1199 1764 1304 1813 Quis
1344 1764 1504 1805 enim9

115 1825 282 1867 clavum
308 1824 421 1865 tanti
452 1824 622 1877 imperii
653 1827 798 1864 tenere
831 1826 874 1864 et
906 1823 1197 1878 gubernacula
1227 1823 1289 1863 rei
1320 1822 1457 1876 publi-

62 1900 96 1925 30
115 1898 188 1925 000
213 1886 400 1924 tractare
432 1882 478 1923 in
504 1882 688 1923 maximo
723 1896 848 1923 cursu
875 1896 923 1922 00
955 1882 1157 1922 fluctibus
1188 1895 1315 1934 posse
1349 1881 1458 1921 arbi-

114 1944 304 1983 traretur
333 1941 552 1982 hominem
585 1954 798 1981 emersum
831 1940 975 1982 subito
1007 1954 1058 1981 ex
1090 1939 1303 1980 diuturnis
1344 1941 1458 1980 tene-

113 2001 204 2041 bris
236 2000 473 2041 lustrorum
505 2013 553 2040 ac
585 2002 850 2052 stuprorum,
882 1998 999 2051 vino,
1031 1998 1201 2052 ganeis,
1232 1997 1457 2038 lenociniis

115 2058 422 2112 adulteriisque
450 2057 704 2110 confectum,
737 2071 833 2098 cum
857 2056 895 2097 13
921 2059 1092 2111 praeter
1118 2070 1238 2109 spem
1263 2055 1309 2096 in
1340 2056 1457 2096 altis-

116 2117 225 2159 simo
252 2117 387 2172 gradu
414 2116 565 2157 alienis
593 2115 745 2169 opibus
771 2115 940 2169 positus
967 2117 1093 2167 esset,
1120 2114 1193 2167 qui
1218 2128 1305 2155 non
1329 2114 1456 2155 modo

0 2183 1 2186 ’
64 2190 96 2217 35
117 2178 422 2229 tempestatem
458 2174 760 2228 inpendentem
790 2173 948 2214 intueri
980 2173 1260 2226 temulentus,
1301 2173 1374 2213 sed
1404 2187 1457 2213 ne

115 2233 256 2275 lucem
282 2234 454 2287 quidem
472 2232 695 2273 insolitam
721 2232 910 2285 aspicere
936 2231 1115 2286 posset?
1146 2230 1272 2272 Alter
1297 2231 1458 2271 multos
1472 2242 1514 2274 21

113 2292 241 2346 plane
278 2292 325 2333 in
362 2291 501 2333 omnis
544 2291 681 2345 partis
719 2290 885 2331 fefellit.
945 2289 1054 2331 Erat
1086 2289 1199 2331 enim
1234 2289 1458 2330 hominum
