1671 2543
589 97 689 133 CAP.
719 102 808 133 1—3
834 102 853 141 ς
882 104 982 134 ι-τ,
1374 101 1462 142 489

119 204 199 246 viri
243 208 287 246 et
330 205 488 261 magni,
531 206 602 260 qui
646 206 811 260 primus
855 207 899 248 in
946 220 1038 248 eam
1083 206 1310 261 familiam,
1355 223 1462 261 quae

118 266 271 317 postea
320 264 423 306 viris
473 263 722 306 fortissimis
774 265 938 318 floruit,
983 265 1132 307 attulit
1181 267 1464 320 consulatum,

121 324 309 364 statuam
348 323 539 365 videmus
576 323 621 364 in
658 324 824 365 rostris.
886 323 1024 366 Nemo
1063 327 1156 366 tum
1186 325 1370 367 novitati
1403 326 1463 366 in—

121 381 311 434 videbat,
349 396 473 424 nemo
511 382 715 423 virtutem
752 397 837 424 non
876 383 1128 424 honorabat.
1195 384 1255 425 At
1293 399 1342 425 ea
1380 383 1463 425 fuit

83 439 280 495 alegatio
314 439 483 494 Octavi,
514 441 558 482 in
591 455 674 506 qua
705 442 883 495 periculi
917 442 1104 496 suspicio
1137 457 1222 484 non
1255 443 1462 484 subesset.

119 497 233 539 Nam
279 513 374 540 cum
421 502 534 541 esset
572 500 729 541 missus
769 515 793 541 a
831 503 981 541 senatu
1021 501 1071 542 ad
1110 501 1275 543 animos
1313 515 1460 557 regum

120 557 438 611 perspiciendos
470 558 788 613 liberorumque
821 560 1079 624 populorum
1105 560 1384 614 maximeque,
1416 564 1463 601 ut

117 618 320 669 nepotem
370 617 483 672 regis
528 617 752 670 Antiochi,
805 618 913 671 eius,
964 619 1035 672 qui
1086 633 1180 659 cum
1228 619 1463 660 maioribus

118 674 279 716 nostris
302 675 462 716 bellum
482 679 688 731 gesserat,
714 677 863 718 classis
883 677 1052 730 habere,
1079 677 1330 731 elephantos
1351 677 1463 718 alere

67 749 101 774 10
119 733 380 787 prohiberet,
411 733 647 776 Laudiceae
681 735 722 775 in
756 736 980 790 gymnasio
1014 750 1038 776 a
1070 737 1254 789 quodam
1281 735 1462 789 Leptine

121 794 188 833 est
237 792 501 834 interfectus.
575 793 759 835 Reddita
809 797 874 835 est
923 794 961 835 ei
1010 797 1102 835 tum
1153 809 1177 835 a
1227 795 1499 836 maioribus-³>

119 852 264 892 statua
307 866 385 905 pro
430 852 536 906 vita,
582 867 689 906 quae
733 853 893 893 multos
930 867 1005 906 per
1044 867 1176 894 annos
1214 854 1464 908 progeniem

118 908 208 951 eius
247 909 514 964 honestaret,
560 925 672 952 nunc
711 912 763 952 ad
801 914 946 952 tantae
986 910 1173 953 familiae
1211 912 1461 953 memoriam

119 967 212 1009 sola
255 971 402 1010 restat.
469 969 606 1023 Atqui
650 972 694 1011 et
735 970 836 1011 huic
880 973 923 1011 et
966 969 1090 1011 Tullo
1136 969 1287 1012 Cluvio
1330 974 1372 1012 et
1416 970 1463 1011 L.

67 1041 100 1066 15
120 1025 279 1068 Roscio
313 1030 356 1068 et
390 1026 458 1081 Sp.
491 1028 626 1069 Antio
659 1031 702 1070 et
734 1027 778 1071 C.
811 1028 1019 1082 Fulcinio,
1055 1028 1128 1082 qui
1160 1044 1185 1070 a
1215 1028 1463 1070 Veientium

118 1099 217 1140 rege
245 1086 357 1127 caesi
386 1088 498 1139 sunt,
524 1101 609 1128 non
630 1088 817 1142 sanguis,
845 1087 917 1140 qui
938 1090 1003 1128 est
1027 1087 1228 1142 profusus
1248 1088 1291 1128 in
1312 1091 1463 1140 morte,

119 1144 192 1184 sed
235 1144 331 1198 ipsa
374 1159 489 1186 mors
535 1146 589 1186 ob
634 1160 724 1186 rem
766 1146 982 1199 publicam
1021 1146 1140 1187 obita
1176 1146 1330 1188 honori
1369 1146 1461 1187 fuit.

116 1201 283 1256 Itaque,
308 1207 454 1257 patres
483 1204 727 1258 conscripti,
754 1205 790 1245 si
812 1203 900 1246 Ser.
923 1203 1113 1258 Sulpicio
1136 1219 1259 1246 casus
1279 1208 1462 1246 mortem
1478 1206 1505 1247 3

117 1261 350 1315 attulisset,
378 1262 566 1303 dolerem
594 1263 789 1316 equidem
816 1266 938 1304 tanto
964 1263 1026 1304 rei
1053 1264 1249 1317 publicae
1275 1265 1462 1317 vulnere,

64 1336 98 1361 20
119 1322 304 1362 mortem
337 1335 436 1361 vero
469 1321 559 1362 eius
591 1336 677 1362 non
710 1322 991 1375 monimento,
1033 1322 1105 1362 sed
1138 1322 1256 1363 luctu
1288 1323 1461 1376 publico

118 1392 211 1419 esse
256 1379 490 1420 ornandam
528 1382 735 1434 putarem.
803 1379 929 1421 Nunc
966 1382 1108 1421 autem
1148 1381 1241 1435 quis
1281 1381 1461 1434 dubitat,

118 1437 222 1490 quin
261 1437 299 1478 ei
335 1438 470 1479 vitam
510 1439 737 1480 abstulerit
775 1439 870 1493 ipsa
907 1439 1098 1494 legatio?
1162 1438 1315 1481 Secum
1348 1441 1461 1481 enim

117 1495 191 1535 ille
229 1499 414 1537 mortem
453 1497 626 1551 extulit,
665 1512 810 1551 quam,
848 1498 884 1538 si
914 1498 1141 1539 nobiscum
1173 1499 1462 1552 remansisset,

117 1567 195 1594 sua
226 1568 338 1606 cura,
365 1555 518 1608 optimi
543 1556 622 1596 filii
641 1556 999 1610 fidelissimaeque
1021 1557 1215 1611 coniugis
1237 1557 1462 1612 diligentia

64 1629 98 1654 25
117 1612 253 1653 vitare
279 1613 504 1666 potuisset.
554 1614 615 1654 At
641 1614 713 1655 ille
740 1629 836 1655 cum
862 1615 1036 1668 videret,
1063 1615 1098 1655 si
1126 1617 1291 1656 vestrae
1319 1619 1498 1657 aucto-6

116 1670 237 1711 ritati
274 1685 361 1712 non
400 1671 631 1725 paruisset,
670 1672 921 1713 dissimilem
959 1687 1002 1714 se
1041 1672 1235 1714 futurum
1273 1673 1357 1727 sui,
1395 1674 1459 1715 sin

115 1729 350 1783 paruisset,
384 1744 538 1770 munus
572 1730 654 1770 sibi
685 1730 790 1771 illud
823 1745 900 1784 pro
933 1745 977 1771 re
1008 1731 1182 1784 publica
1214 1735 1461 1785 susceptum

115 1788 230 1829 vitae
267 1788 395 1829 finem
428 1788 540 1841 fore,
579 1788 732 1829 maluit
763 1788 806 1829 in
839 1789 1025 1830 maximo
1058 1789 1117 1830 rei
1150 1790 1347 1843 publicae
1380 1789 1461 1831 dis-

117 1846 294 1888 crimine
339 1847 473 1888 emori
519 1861 647 1900 quam
685 1847 843 1899 minus,
889 1862 1016 1900 quam
1053 1848 1283 1902 potuisset,
1327 1848 1460 1890 videri

63 1921 98 1946 30
117 1905 179 1945 rei
210 1905 408 1958 publicae
434 1905 659 1959 profuisse.
710 1905 860 1946 Multis
886 1906 949 1946 illi
977 1906 1020 1946 in
1046 1906 1238 1959 urbibus,
1269 1907 1353 1947 iter
1379 1922 1462 1961 qua

118 1962 316 2015 faciebat,
348 1964 565 2005 reficiendi
592 1978 636 2004 se
664 1967 707 2004 et
733 1964 906 2004 curandi
932 1968 1126 2018 potestas
1153 1965 1247 2006 fuit.
1298 1965 1461 2006 Aderat

116 2024 160 2063 et
203 2021 426 2075 hospitum
468 2022 669 2063 invitatio
707 2022 899 2063 liberalis
936 2037 1014 2077 pro
1053 2023 1265 2078 dignitate
1304 2024 1459 2065 summi

115 2080 196 2121 viri
235 2083 278 2121 et
316 2094 464 2121 eorum
500 2080 711 2133 hortatio,
749 2081 821 2135 qui
858 2095 943 2122 una
981 2085 1104 2122 erant
1136 2082 1275 2134 missi,
1316 2082 1368 2123 ad
1399 2097 1460 2123 re·

117 2138 420 2193 quiescendum
454 2141 496 2179 et
528 2139 640 2179 vitae
673 2153 773 2180 suae
807 2140 1125 2181 consulendum.
1182 2141 1242 2181 At
1267 2141 1339 2181 ille
1365 2155 1460 2194 pro-

61 2211 96 2238 35
115 2211 282 2250 perans,
314 2196 536 2250 festinans,
569 2197 772 2238 mandata
803 2201 945 2239 vestra
977 2198 1182 2240 conficere
1216 2199 1390 2253 cupiens
1417 2199 1460 2240 in

115 2255 197 2297 hac
230 2255 476 2297 constantia
508 2256 659 2296 morbo
693 2256 942 2297 adversante
973 2257 1273 2310 perseveravit.
1330 2256 1495 2299 Cuius?

116 2328 214 2355 cum
242 2314 426 2355 adventu
452 2314 635 2355 maxime
661 2315 939 2368 perturbatus
961 2318 1073 2356 esset
1094 2315 1321 2370 Antonius,
1349 2317 1461 2371 quod
