1671 2543
587 80 685 115 CAP.
714 85 825 116 9-11
853 84 872 123 ξ
897 84 1046 116 21-26.
1430 82 1482 123 11

146 189 401 243 quibuscum
420 187 667 230 hominibus
688 189 732 230 in
751 189 954 231 interiore
974 191 1095 244 parte
1123 189 1291 230 aedium
1314 189 1486 244 viveret,

144 251 190 289 et
222 248 334 302 quod
364 248 427 289 ita
457 247 608 288 domus
639 248 734 301 ipsa
758 248 965 302 fumabat,
997 250 1046 289 ut
1072 248 1208 289 multa
1234 248 1324 288 eius
1351 248 1381 301 †
1402 263 1486 289 ser-

145 307 285 348 monis
312 305 470 348 indicia
500 306 753 360 redolerent,
786 307 1031 348 statuebam
1056 306 1128 361 sic,
1159 306 1263 348 boni
1288 306 1397 347 nihil
1430 307 1483 347 ab

146 365 233 406 illis
258 365 386 420 nugis
413 379 505 406 6886
532 365 876 419 exspectandum,
908 365 1011 406 mali
1038 365 1208 419 quidem
1236 368 1349 406 certe
1375 365 1484 406 nihil

110 435 127 460 5
145 423 544 478 pertimescendum.
608 423 691 465 Sed
717 424 778 465 ita
805 427 882 478 est,
913 424 1091 466 iudices:
1123 423 1196 477 Ut,
1229 424 1266 465 si
1292 424 1485 478 gladium

144 496 278 537 parvo
309 497 441 536 puero
481 485 555 523 aut
586 483 622 523 si
663 482 864 524 inbecillo
904 483 995 524 seni
1027 485 1101 524 aut
1139 483 1269 523 debili
1308 483 1485 536 dederis,

145 541 236 595 ipse
274 541 438 595 impetu
482 555 558 582 suo
602 541 764 582 nemini
806 544 976 596 noceat,
1020 541 1087 583 sin
1129 542 1181 582 ad
1217 542 1380 583 nudum
1417 542 1484 582 vel

140 599 374 641 fortissimi
410 599 491 640 viri
531 614 683 654 corpus
722 600 968 655 accesserit,
1004 600 1144 654 possit
1181 600 1271 642 acie
1309 600 1404 654 ipsa
1441 602 1485 641 et

144 658 248 699 ferri
279 659 441 699 viribus
474 658 713 712 vulnerare,
751 660 825 713 sic,
864 674 960 700 cum
990 659 1237 700 hominibus
1270 659 1483 700 enervatis

94 735 126 759 10
146 720 274 771 atque
308 717 596 783 exsanguibus
629 718 877 758 consulatus
910 720 1132 783 tamquam
1164 717 1332 773 gladius
1371 720 1486 758 esset

145 776 289 830 datus,
328 776 400 830 qui
430 790 507 830 per
539 790 582 817 se
614 790 803 841 pungere
834 777 1048 817 neminem
1079 791 1285 830 umquam
1321 776 1485 830 potuis-

146 837 259 889 sent,
296 835 328 875 ii
361 835 517 875 summi
548 834 718 888 imperii
754 835 927 876 nomine
960 835 1115 876 armati
1152 835 1357 876 nudatam
1394 849 1485 876 rem

144 869 361 947 publicam
417 893 831 934 contrucidaver.unt
917 893 1084 935 Foedus
1143 893 1338 935 fecerunt
1388 908 1485 934 cum

145 952 319 993 tribuno
364 951 420 1005 pl.
464 952 625 1006 palam,
669 955 718 993 ut
762 953 815 993 ab
855 966 904 994 eo
943 952 1185 1006 provincias
1232 952 1485 1006 acciperent,

93 1027 133 1053 15⁷
147 1024 252 1064 quas
296 1010 379 1064 ipsi
417 1010 594 1064 vellent,
638 1011 871 1052 exercitum
909 1014 952 1052 et
992 1011 1235 1065 pecuniam,
1280 1013 1485 1065 quantam

145 1069 320 1122 vellent,
365 1083 414 1110 ea
450 1069 562 1124 lege,
607 1069 643 1110 si
680 1069 765 1123 ipsi
803 1069 922 1123 prius
960 1069 1135 1110 tribuno
1173 1070 1229 1123 pl.
1268 1069 1486 1110 adfiictam

145 1130 189 1168 et
221 1127 501 1169 constrictam
532 1142 623 1168 rem
654 1128 872 1181 publicam
908 1128 1198 1168 tradidissent.
1259 1127 1309 1169 Id
1341 1130 1486 1168 autem

143 1185 293 1227 foedus
339 1200 433 1227 11160
473 1186 679 1241 sanguine
722 1186 857 1228 ictum
902 1186 1059 1227 sanciri
1102 1201 1230 1240 posse
1274 1186 1485 1227 dicebant.

147 1244 241 1293 Qua
282 1259 327 1285 re
371 1244 590 1299 patefacta
633 1244 803 1299 (neque
839 1245 952 1286 enim
1002 1245 1265 1286 dissimulari
1314 1247 1486 1286 tantum
1501 1258 1544 1289 25

94 1320 128 1346 20
149 1303 286 1344 scelus
319 1306 490 1357 poterat
527 1317 605 1344 nec
636 1302 789 1359 latere)
828 1304 1160 1358 promulgantur
1196 1318 1280 1344 uno
1323 1304 1487 1344 eodem-

146 1376 227 1416 que
265 1364 457 1416 tempore
501 1362 749 1416 rogationes
788 1362 841 1403 ab
886 1362 1035 1403 eodem
1078 1362 1252 1403 tribuno
1298 1362 1348 1403 de
1392 1376 1488 1403 mea

144 1420 331 1474 pernicie
364 1423 407 1461 et
438 1420 488 1461 de
519 1420 751 1474 provinciis
785 1421 1009 1462 consulum
1039 1421 1308 1462 nominatim.

233 1478 315 1520 Hic
346 1482 441 1520 tum
479 1481 652 1520 senatus
691 1479 921 1534 sollicitus,
958 1494 1052 1533 vos,
1091 1479 1256 1534 equites
1289 1479 1553 1533 Romani,ll

146 1537 334 1591 excitati,
359 1537 489 1578 Italia
509 1540 661 1579 cuncta
680 1541 889 1592 permota,
915 1552 1061 1579 omnes
1086 1538 1266 1592 denique
1295 1538 1487 1579 omnium

94 1613 127 1638 25
148 1609 350 1650 generum
383 1598 510 1649 atque
541 1596 737 1637 ordinum
770 1597 882 1638 cives
916 1611 1107 1638 summae
1139 1597 1201 1637 rei
1232 1596 1430 1650 publicae
1463 1611 1488 1637 a

147 1654 393 1695 consulibus
438 1656 565 1708 atque
610 1669 634 1695 a
677 1670 844 1696 summo
888 1655 1068 1709 imperio
1118 1655 1350 1708 petendum
1395 1669 1487 1696 esse

147 1712 353 1753 auxilium
391 1712 729 1767 arbitrabantur,
775 1728 871 1754 cum
908 1714 973 1753 illi
1012 1713 1092 1754 soli
1131 1716 1274 1754 essent
1316 1716 1488 1767 praeter

145 1778 358 1812 :turlosum
394 1770 517 1811 illum
554 1771 776 1813 tribunum
814 1772 896 1812 duo
934 1771 996 1812 rei
1039 1772 1235 1825 publicae
1279 1771 1487 1825 turbines,

147 1829 221 1883 qui
251 1844 338 1870 non
375 1829 501 1870 modo
533 1830 835 1884 praecipitanti
872 1830 1037 1883 patriae
1074 1844 1161 1871 non
1198 1829 1487 1884 subvenirent,

94 1905 130 1930 30
151 1888 224 1929 sed
250 1902 344 1929 63111
374 1887 556 1928 nimium
587 1889 706 1929 tarde
740 1888 959 1929 concidere
985 1890 1235 1928 maererent.
1298 1887 1487 1942 Flagita-

148 1947 276 1987 batur
307 1946 359 1987 ab
392 1946 444 1987 iis
483 1946 638 1987 cotidie
671 1961 767 1987 cum
800 1946 1000 2000 querellis
1032 1947 1245 1987 bonorum
1284 1947 1487 2000 omnium,

147 2007 241 2045 tum
273 2005 404 2045 etiam
434 2004 632 2058 precibus
666 2007 858 2058 senatus,
900 2007 948 2045 ut
980 2019 1119 2046 meam
1152 2018 1324 2046 causam
1357 2005 1487 2046 susci-

146 2065 310 2117 perent,
342 2066 519 2118 agerent
546 2063 719 2117 aliquid,
751 2063 930 2117 denique
958 2063 1010 2104 ad
1037 2066 1234 2104 senatum
1259 2062 1486 2117 referrent3

146 2135 234 2163 non
264 2121 390 2163 modo
416 2122 623 2177 negando,
656 2121 729 2162 sed
755 2121 885 2162 etiam
916 2121 1138 2162 inridendo
1171 2121 1487 2175 amplissimum

95 2195 129 2221 35
149 2194 357 2234 quemque
383 2180 500 2221 illius
527 2180 687 2221 ordinis
713 2180 1057 2235 insequebantur.
1107 2179 1191 2221 Hic
1217 2180 1360 2221 subito
1390 2195 1488 2221 cum
1499 2194 1544 2224 26

147 2238 409 2280 incredibilis
459 2239 503 2279 in
548 2237 811 2292 Capitolium
860 2238 1091 2279 multitudo
1142 2253 1192 2279 ex
1241 2241 1336 2279 tota
1384 2239 1489 2279 urbe

149 2301 385 2351 cunctaque
411 2296 540 2338 Italia
567 2297 845 2350 convenisset,
878 2299 1040 2338 vestem
1066 2297 1315 2338 mutandam
1343 2311 1488 2338 omnes
