1671 2543
186 79 273 121 390
369 79 423 115 IN
447 79 495 115 M.
522 78 782 114 ANTONIUM
808 78 986 114 ORATIO
1012 78 1282 115 PHILIPPICA
1307 79 1353 114 Π.

187 203 212 229 a
239 188 452 243 principio
480 188 708 230 ordiamur.
758 187 950 229 Tenesne
976 187 1186 229 memoria
1209 190 1532 242 praetextatum

186 250 229 288 te
262 247 511 289 decoxisse?
562 246 750 301 ePatris',
782 246 962 302 inquies
995 246 1096 288 ista
1128 246 1255 301 culpa
1286 246 1378 289 est.'
1424 245 1534 290 Con-

186 306 301 348 cedo.
351 306 527 347 Etenim
554 308 620 347 est
645 306 822 360 pietatis
848 305 976 360 plena
1001 304 1205 347 defensio.
1246 304 1359 347 Illud
1385 308 1533 348 tamen

187 365 389 407 audaciae
427 368 544 419 tuae,
585 365 699 419 quod
737 364 888 406 sedisti
919 364 965 406 in
997 363 1343 418 quattuordecim
1376 364 1532 407 ordini-

186 424 280 477 bus,
313 439 409 465 cum
442 426 557 465 esset
588 424 683 479 lege
713 423 871 466 Roscia
902 423 1201 465 decoctoribus
1235 427 1377 465 certus
1408 423 1530 466 locus
1567 433 1586 461 ⁶

187 483 469 537 constitutus,
525 483 721 537 quamvis
766 482 861 538 quis
905 481 1103 523 fortunae
1146 482 1272 536 vitio,
1322 496 1409 525 non
1452 497 1531 525 suo

187 542 438 583 decoxisset.
508 540 744 596 Sumpsisti
787 541 974 596 virilem,
1019 555 1149 595 quam
1193 541 1344 583 statim
1381 541 1530 584 mulie—

186 601 308 642 brem
340 603 490 656 togam
516 600 751 642 reddidisti.
801 599 947 650 Primo
974 601 1150 654 vulgare
1178 602 1381 654 scortum,
1413 602 1534 642 certa

186 660 344 715 flagitii
370 673 545 714 merces,
570 674 648 701 nee
675 674 723 701 ea
748 673 900 714 parva3
926 659 999 700 sed
1027 658 1113 700 cito
1136 657 1265 701 Curio
1286 658 1532 714 intervenit,

187 719 259 773 qui
291 721 334 760 te
367 733 393 760 a
423 718 667 760 meretricio
698 721 881 773 quaestu
907 717 1085 759 abduxit
1111 721 1165 771 et,
1198 721 1422 772 tamquam
1447 721 1532 760 sto·
1553 734 1587 760 ιο

185 777 273 818 lam
300 777 498 831 dedisset,
526 777 573 819 in
597 777 875 819 matrimonio
903 776 1051 818 stabili
1077 779 1121 818 et
1146 779 1264 818 certo
1291 777 1532 819 collocavit.

128 849 172 880 45
187 835 327 878 Nemo
366 851 570 891 umquam
603 851 709 890 puer
740 839 910 891 emptus
942 835 1134 877 libidinis
1166 850 1296 878 causa
1327 839 1418 878 tam
1447 835 1532 877 fuit

186 896 231 937 in
268 895 431 936 domini
469 898 691 950 potestate
727 909 855 950 quam
890 897 939 936 tu
970 895 1015 936 in
1046 893 1257 936 Curionis.
1322 894 1531 944 Quotiens

186 958 229 996 te
261 957 385 1009 pater
418 953 508 996 eius
541 954 671 996 domu
703 969 781 996 sua
812 953 956 1008 eiecit,
994 954 1194 1008 quotiens
1228 953 1427 996 custodes
1458 968 1533 1008 po-

187 1013 292 1067 suit,
331 1027 385 1055 ne
422 1013 556 1054 limen
593 1013 795 1055 intrares!
835 1027 932 1054 cum
969 1015 1018 1054 tu
1055 1015 1201 1054 tamen
1235 1015 1362 1054 nocte
1402 1012 1531 1067 socia,
1553 1028 1586 1054 15

185 1072 389 1114 hortante
421 1071 612 1126 libidine,
644 1075 825 1127 cogente
858 1071 1051 1113 mercede
1083 1086 1159 1127 per
1185 1071 1354 1127 tegulas
1381 1070 1533 1112 demit-

185 1134 335 1172 terere.
403 1129 520 1179 Quae
563 1131 731 1186 flagitia
774 1131 924 1172 domus
968 1130 1045 1171 illa
1089 1130 1249 1171 diutius
1290 1129 1402 1171 ferre
1444 1144 1534 1172 non

185 1189 342 1244 potuit.
412 1188 560 1231 Scisne
593 1204 660 1231 me
699 1190 749 1230 de
788 1189 915 1231 rebus
951 1189 1057 1230 mihi
1088 1188 1329 1230 notissimis
1361 1188 1532 1231 dicere?

186 1248 427 1290 Recordare
460 1251 632 1302 tempus
663 1248 782 1302 illud,
814 1263 911 1290 cum
942 1251 1065 1302 pater
1091 1246 1220 1289 Curio
1253 1261 1447 1288 maerens
1473 1246 1531 1288 ia-

187 1308 312 1348 cebat
349 1306 395 1347 in
430 1306 563 1360 lecto,
604 1307 718 1348 filius
757 1321 801 1347 se
839 1306 892 1347 ad
929 1307 1057 1360 pedes
1095 1319 1214 1347 meos
1251 1308 1529 1360 prosternens
1552 1321 1586 1347 20

186 1365 416 1407 lacrimans
449 1367 492 1406 te
525 1365 631 1406 mihi
665 1365 1004 1413 commendabat,
1038 1364 1203 1418 orabat,
1233 1366 1283 1405 ut
1309 1378 1353 1405 se
1381 1367 1532 1406 contra

188 1438 313 1465 suum
344 1426 530 1478 patrem,
569 1424 606 1464 si
638 1423 887 1465 sestertium
920 1422 1143 1478 sexagiens
1175 1425 1359 1477 peteret,
1391 1421 1531 1465 defen-

187 1483 348 1534 derem3
387 1485 558 1523 tantum
596 1482 708 1523 enim
746 1496 790 1523 se
829 1496 907 1536 pro
947 1484 989 1523 te
1021 1481 1315 1523 intercessisse
1348 1481 1531 1523 dicebat.

186 1540 285 1595 Ipse
325 1543 469 1582 autem
509 1555 653 1582 amore
693 1541 844 1582 ardens
881 1541 1181 1593 confirmabat,
1220 1539 1335 1594 quod
1372 1539 1531 1582 deside-

186 1599 299 1641 rium
331 1599 395 1640 tui
428 1599 596 1641 discidii
627 1599 738 1640 ferre
770 1613 858 1641 non
888 1602 1053 1654 posset,
1089 1613 1134 1640 se
1164 1598 1210 1640 in
1242 1598 1419 1641 exilium
1449 1599 1531 1640 itu-
1551 1614 1585 1641 25

128 1671 292 1702 46111111.
363 1658 456 1707 Quo
502 1662 694 1713 tempore
737 1672 816 1713 ego
850 1662 1011 1714 quanta
1049 1658 1163 1699 mala
1199 1657 1530 1700 florentissimae

186 1716 376 1758 familiae
409 1717 554 1758 sedavi
586 1717 652 1759 vel
684 1717 830 1771 potius
863 1716 1036 1758 sustuli!
1090 1716 1212 1757 Patri
1243 1716 1451 1771 persuasi,
1481 1719 1532 1757 ut

188 1790 258 1818 aes
298 1775 486 1817 alienum
522 1776 601 1817 filii
640 1776 910 1830 dissolveret,
948 1775 1178 1817 redimeret
1213 1775 1531 1816 adulescentem

187 1849 355 1876 summa
386 1849 460 1889 spe
494 1838 537 1876 et
569 1834 701 1876 animi
734 1837 777 1876 et
801 1834 964 1890 ingenii
989 1834 1234 1888 praeditum
1258 1833 1321 1874 rei
1346 1832 1529 1874 familia-

186 1894 246 1934 ris
284 1893 566 1934 facultatibus
605 1907 786 1959 eumque
824 1908 911 1935 non
949 1892 1075 1934 modo
1112 1895 1187 1933 tua
1217 1891 1527 1946 familiaritate,
1547 1907 1583 1933 ³0

187 1951 262 1994 sed
299 1952 428 1993 etiam
468 1951 770 2007 congressione
807 1951 950 2006 patrio
987 1951 1078 1992 iure
1111 1953 1154 1992 et
1185 1953 1403 2005 potestate
1433 1965 1529 2005 pro-

186 2010 367 2052 hiberet.
429 1988 575 2052 Haeco
579 2014 627 2052 tu
660 2025 757 2052 cum
787 2025 864 2065 per
895 2024 962 2051 me
995 2012 1093 2051 aeta
1124 2009 1410 2062 meminisses,
1443 2008 1529 2050 nisi

187 2069 292 2123 illis,
332 2084 438 2123 quos
470 2069 680 2122 videmus,
715 2069 870 2124 gladiis
903 2068 1156 2122 confider,es
1188 2043 1427 2109 maledictis
1459 2081 1527 2108 me

121 2116 419 2181 19provocare
465 2142 593 2169 ausus
635 2127 780 2169 esses?
848 2126 930 2169 Sed
966 2127 1054 2168 iam
1092 2129 1243 2181 stupra
1280 2129 1324 2167 et
1359 2124 1528 2180 flagitia

129 2176 171 2204 4⁷
189 2187 459 2241 omittamus;
492 2190 593 2228 sunt
625 2186 850 2241 quaedam,
883 2200 990 2240 quae
1021 2185 1202 2226 honeste
1233 2199 1320 2226 non
1350 2197 1527 2237 possum
1547 2199 1582 2225 35

189 2243 344 2299 dicere3
376 2248 423 2286 tu
457 2248 601 2286 autem
634 2259 682 2286 eo
714 2245 903 2299 liberior,
935 2244 1048 2299 quod
1080 2258 1130 2285 ea
1159 2242 1205 2284 in
1233 2246 1275 2283 te
1301 2241 1527 2296 admisisti,

164 2317 297 2354 „quae
342 2317 366 2343 a
410 2304 646 2345 verecundo
690 2302 865 2344 inimico
907 2302 1053 2344 audire
1089 2315 1176 2343 non
1213 2300 1394 2355 possess
1443 2299 1528 2342 Sed
