1671 2543
55 711 88 735 10

52 1300 87 1324 20

53 1593 87 1618 25

53 1885 88 1910 30

534 63 633 98 CAP.
661 67 798 99 44—46
825 68 844 106 g
871 68 1020 100 95-99.
1389 65 1446 106 43

109 169 268 213 Omnes
302 174 549 226 optumates
582 174 694 226 sunt,
727 172 800 226 qui
831 187 967 227 neque
998 174 1202 214 nocentes
1235 174 1336 213 sunt
1366 187 1444 214 nec

108 233 262 272 natura
306 230 478 285 inprobi
517 245 596 272 nec
633 230 785 272 furiosi
821 246 900 273 nec
937 231 1061 272 malis
1100 231 1346 272 domesticis
1384 231 1444 272 111-

110 289 255 342 pediti.
316 289 399 330 Est
429 289 575 345 igitur,
606 292 655 330 ut
679 289 711 330 ii
737 289 836 344 sint,
868 304 996 344 quam
1022 292 1070 330 tu
1098 289 1346 331 ‘nationem'
1373 304 1443 344 ap-

109 347 294 401 pellasti,
326 348 399 402 qui
431 351 475 389 et
505 348 664 403 integri
697 351 797 389 sunt
828 351 872 389 et
903 348 996 390 sani
1027 350 1071 389 et
1101 348 1209 389 bene
1238 348 1289 390 de
1314 348 1442 390 rebus

110 406 358 448 domesticis
391 407 629 448 constituti.
691 406 858 448 Horum
891 408 964 461 qui
995 407 1226 460 voluntati,
1259 421 1443 448 commo-

108 465 189 519 dis,
233 465 386 519 opibus
428 465 472 507 in
509 466 787 520 gubernanda
824 480 868 507 re
906 466 1080 520 publica
1123 466 1331 519 serviunt,
1375 466 1442 507 de-

106 523 296 565 fensores
352 524 640 589 optumatium
690 524 857 578 ipsique
906 527 1151 590 optumates
1194 524 1440 580 gravissimi

108 585 151 623 et
188 582 416 624 clarissimi
456 583 569 624 cives
603 586 885 624 numerantur
917 586 960 624 et
990 583 1205 649 principes
1238 583 1439 625 civitatis

109 641 219 690 Quid
262 644 329 682 est
368 641 503 697 igitur
540 642 813 696 propositum
850 641 917 682 his
956 642 1017 683 rei
1054 642 1251 696 publicae
1289 643 1439 697 guber·
1453 651 1498 682 98

107 700 343 754 natoribus,
376 700 490 754 quod
520 700 679 741 intueri
711 703 754 741 et
786 715 869 754 quo
900 715 1071 742 cursum
1096 715 1220 742 suum
1247 701 1439 756 derigere

107 759 318 800 debeant?
385 758 435 800 Id
473 759 586 813 quod
621 762 687 800 est
718 759 1139 813 praestantissimum
1171 760 1439 813 maximeque

108 817 297 872 optabile
330 818 529 859 omnibus
562 818 676 859 sanis
711 821 753 858 et
779 819 903 859 bonis
930 821 973 859 et
998 818 1149 871 beatis,
1183 833 1279 859 cum
1305 818 1441 874 digni-

108 879 197 918 tate
233 876 381 918 otium.
442 875 538 918 Hoc
575 877 648 931 qui
680 877 848 930 volunt,
886 891 1032 918 omnes
1066 879 1328 930 optumates,
1367 877 1439 931 qui

107 935 310 989 efficiunt,
342 935 499 976 summi
529 935 611 976 viri
643 938 686 976 et
718 938 1038 977 conservatores
1074 936 1262 976 civitatis
1288 938 1438 989 putan-

73 1006 87 1029 5
107 997 189 1036 tur.
238 993 388 1048 Neque
414 994 528 1035 enim
547 1009 689 1035 rerum
710 994 990 1049 gerendarum
1013 993 1223 1049 dignitate
1242 994 1438 1035 homines

107 1052 257 1094 ecferri
296 1052 358 1093 ita
397 1052 614 1106 convenit,
650 1055 700 1093 ut
738 1053 827 1094 otio
864 1068 952 1094 non
982 1052 1265 1107 prospiciant,
1303 1067 1439 1107 neque

107 1111 240 1152 ullum
280 1111 513 1165 amplexari
552 1112 705 1165 otium,
744 1111 857 1165 quod
892 1111 1123 1152 abhorreat
1155 1126 1180 1152 a
1212 1111 1437 1166 dignitate.

106 1169 244 1211 Huius
277 1172 423 1210 autem
449 1170 613 1211 otiosae
640 1170 865 1225 dignitatis
890 1170 995 1211 haec
1020 1169 1300 1211 fundamenta
1325 1173 1438 1223 sunt,
1452 1174 1506 1216 46

105 1229 210 1270 haec
242 1228 451 1282 membra,
483 1243 591 1283 quae
622 1229 782 1270 tuenda
806 1228 1078 1283 >principibus
1111 1231 1154 1269 et
1184 1228 1252 1270 vel
1285 1229 1437 1283 capitis

105 1287 294 1342 periculo
333 1287 595 1328 defendenda
633 1290 749 1342 sunt,
790 1287 1037 1342 religiones,
1076 1287 1283 1342 auspicia,
1320 1291 1438 1342 pote-

105 1349 240 1388 states
278 1346 629 1401 magistratuum,
668 1348 842 1387 senatus
879 1346 1134 1400 auctoritas,
1171 1346 1306 1401 leges,
1344 1360 1438 1387 mos

106 1404 335 1458 maiorum,
368 1404 536 1458 iudicia,
567 1405 673 1446 iuris
706 1405 850 1459 dictio,
881 1405 998 1458 fides,
1030 1405 1288 1459 provinciae,
1321 1405 1438 1459 socii,

106 1463 275 1518 imperii
308 1463 419 1517 laus,
456 1477 523 1504 res
556 1463 776 1516 militaris,
813 1464 1037 1504 aerarium.
1097 1463 1264 1504 Harum
1295 1478 1437 1504 rerum
1452 1476 1496 1508 99

108 1525 175 1563 tot
223 1524 351 1576 atque
401 1524 620 1563 tantarum
669 1536 761 1564 esse
811 1522 1078 1564 defensorem
1121 1525 1165 1563 et
1207 1525 1438 1577 patronum

108 1580 254 1636 magni
302 1581 435 1621 animi
483 1583 566 1635 est,
621 1581 768 1636 magni
815 1581 977 1636 ingenii
1027 1595 1292 1636 magnaeque
1342 1595 1438 1622 con-

107 1638 304 1680 stantiae
375 1639 550 1680 Etenim
598 1639 643 1680 in
691 1642 814 1681 tanto
859 1640 1016 1680 civium
1058 1654 1236 1681 numero
1281 1653 1439 1694 magna

107 1697 338 1739 multitudo
371 1699 437 1738 est
469 1711 627 1752 eorum,
663 1698 736 1751 qui
768 1701 842 1739 aut
873 1700 1049 1751 propter
1080 1701 1244 1739 metum
1275 1712 1441 1762 poenae

106 1758 379 1821 peccatorum
406 1770 580 1796 suorum
606 1756 765 1797 conscii
789 1771 924 1797 novos
951 1759 1094 1797 motus
1121 1756 1438 1797 conversiones-

108 1830 188 1869 que
226 1814 288 1855 rei
325 1814 520 1868 publicae
559 1818 780 1868 quaerant,
823 1817 896 1855 aut
935 1814 1008 1868 qui
1043 1817 1221 1879 propter
1257 1814 1438 1855 insitum

108 1873 318 1928 quendam
350 1872 480 1913 animi
505 1871 695 1914 furorem
721 1872 944 1913 discordiis
972 1872 1128 1914 civium
1154 1886 1203 1913 ac
1229 1872 1437 1913 seditione

106 1935 348 1986 pascantur,
377 1935 451 1972 aut
477 1931 551 1984 qui
575 1934 752 1985 propter
776 1931 1099 1984 inplicationem
1125 1931 1186 1972 rei
1211 1930 1438 1972 familiaris

108 1990 322 2032 communi
360 1989 554 2031 incendio
590 1989 743 2030 malint
775 2004 903 2042 quam
935 2003 1011 2030 suo
1044 1989 1291 2044 deflagrare.
1354 1989 1437 2038 Qui

107 2064 204 2091 cum
229 2052 395 2090 tutores
422 2051 522 2089 sunt
548 2050 590 2088 et
615 2048 742 2089 duces
763 2062 936 2088 suorum
958 2047 1198 2089 studiorum
1217 2048 1437 2089 vitiorum-

108 2123 188 2162 que
219 2108 347 2161 nacti,
378 2107 423 2148 in
453 2121 498 2148 re
524 2106 696 2160 publica
720 2106 875 2147 fluctus
902 2107 1154 2160 excitantur,
1185 2108 1235 2147 ut
1259 2106 1436 2161 vigilan-

108 2167 207 2208 dum
228 2167 285 2207 sit
303 2166 369 2220 iis,
396 2165 469 2220 qui
490 2165 572 2206 sibi
593 2164 881 2220 gubernacula
899 2164 1064 2218 patriae
1085 2164 1437 2219 depoposcerunt,

108 2225 437 2278 enitendumque
472 2223 590 2265 omni
623 2223 802 2264 scientia
833 2237 881 2264 ac
913 2223 1154 2278 diligentia,
1190 2226 1240 2264 ut
1272 2237 1437 2265 conser-

107 2283 218 2324 vatis
249 2283 315 2337 iis,
347 2297 453 2337 quae
483 2296 563 2337 ego
589 2282 717 2336 paulo
744 2283 841 2322 ante
866 2281 1146 2322 fundamenta
1171 2296 1219 2322 ac
1244 2282 1438 2323 membra
