1671 2543
585 88 687 125 CAP.
717 93 806 124 1—4
831 93 850 132 ξ
876 93 1002 124 3-10,
1381 88 1468 129 323

119 197 166 238 in
201 195 328 238 istius
368 195 621 237 societatem
656 196 820 251 gloriae
853 211 897 238 se
928 211 1017 238 non
1048 196 1190 250 offert,
1229 196 1310 237 tibi
1342 196 1466 245 cedit,

120 258 242 296 tuam
268 268 361 296 esse
387 256 527 296 totam
553 257 597 295 et
618 254 840 309 propriam
859 254 1032 296 fatetur.
1082 253 1331 309 Numquam
1351 254 1464 295 em'm

119 313 342 355 temeritas
381 327 478 355 cum
510 312 722 367 sapientia
754 314 1078 367 commiscetur,
1108 327 1245 367 neque
1281 313 1334 354 ad
1369 327 1464 354 con-

120 372 266 413 silium
298 385 421 413 casus
453 371 708 412 admittitur.

85 443 101 469 5
209 429 429 471 Domuisti
461 432 610 485 gentes
642 430 897 471 inmanitate
930 430 1155 482 barbaras,
1187 429 1462 471 multitudine

121 488 474 542 innumerabiles,
511 488 617 530 locis
655 488 865 542 infinitas,
904 488 1020 529 omni
1055 488 1276 542 copiarum
1308 502 1463 543 genere

122 547 408 600 abundantes3
439 546 514 588 sed
545 549 690 588 tamen
722 561 771 588 ea
802 546 958 601 vicisti,
990 561 1097 600 quae
1126 550 1169 588 et
1194 549 1394 588 naturam
1420 549 1464 588 et

121 605 432 658 condicionem,
468 607 518 646 ut
554 604 668 647 vinci
705 608 901 659 possent,
937 605 1165 646 habebant.
1226 604 1360 646 Nulla
1397 608 1463 646 est

120 663 235 706 enim
271 666 395 705 tanta
431 663 515 717 vis,
554 677 662 717 quae
699 678 787 704 non
823 663 937 705 ferro
976 665 1019 704 et
1049 663 1212 704 viribus
1245 663 1463 704 debilitari

68 736 101 761 ιο
119 722 346 777 frangique
360 721 511 776 possit.
553 722 760 763 Animum
774 722 953 776 vincere,
972 721 1238 763 iracundiam
1253 721 1464 776 cohibere,

120 781 326 822 victoriae
364 783 622 834 temperare,
665 780 956 822 adversarium
992 780 1239 833 nobilitate,
1277 780 1464 835 ingenio,

119 839 281 880 virtute
312 841 607 893 praestantem
637 853 725 880 non
751 839 877 880 modo
905 839 1109 880 extollere
1135 838 1359 892 iacentem,
1390 838 1463 880 sed

121 897 254 938 etiam
286 897 548 951 amplificare
581 897 671 938 eius
703 897 934 951 pristinam
959 897 1229 951 dignitatem,
1259 896 1365 938 haec
1391 897 1464 950 qui

120 955 244 1008 facit,
280 969 368 996 non
405 968 485 1009 ego
524 970 622 996 eum
655 969 752 996 cum
784 955 962 996 summis
994 955 1098 998 viris
1131 969 1352 1008 comparo,
1390 955 1462 996 sed

69 1027 102 1053 15
123 1013 393 1055 simillimum
419 1013 496 1054 deo
516 1013 669 1055 iudico.
713 1013 879 1067 Itaque,
905 1012 949 1055 C.
970 1012 1139 1063 Caesar,
1165 1013 1344 1054 bellicae
1363 1015 1462 1054 tuae
1477 1023 1497 1053 9

121 1072 268 1113 laudes
301 1071 634 1113 celebrabuntur
665 1071 764 1112 illae
798 1071 969 1125 quidem
1000 1086 1087 1112 non
1119 1071 1259 1112 solum
1289 1071 1465 1125 nostris,

122 1130 196 1172 sed
226 1144 360 1184 paene
394 1130 586 1171 omnium
618 1131 813 1185 gentium
843 1130 1002 1170 litteris
1029 1132 1157 1183 atque
1182 1129 1355 1184 linguis,
1386 1144 1464 1171 nec

120 1188 211 1229 ulla
247 1202 452 1241 umquam
491 1191 609 1229 aetas
642 1188 692 1229 de
724 1188 811 1229 tuis
843 1188 1051 1229 laudibus»
1075 1187 1353 1242 conticescet3
1391 1188 1464 1229 sed

121 1249 268 1287 tamen
311 1246 400 1287 eius
442 1246 558 1288 modi
596 1260 664 1288 res
701 1246 846 1288 nescio
887 1260 970 1300 quo
1009 1246 1154 1299 modo,
1198 1246 1329 1286 etiam
1367 1259 1464 1287 cum

69 1320 103 1346 20
120 1304 336 1360 leguntur,
356 1305 548 1359 obstrepi
569 1305 753 1346 cl'amore
774 1305 961 1346 militum
980 1304 1177 1345 videntur
1198 1307 1241 1345 et
1261 1304 1464 1345 tubarum

123 1377 239 1405 sono.
289 1362 350 1404 At
375 1377 475 1404 vero
502 1366 600 1405 'cum
626 1363 789 1417 aliquid
813 1364 1054 1416 clementer,
1079 1364 1314 1416 mansuete,
1339 1362 1464 1416 iuste,

122 1418 357 1474 moderate,
397 1421 612 1476 sapienter
648 1421 831 1475 factum,
866 1421 913 1463 in
946 1420 1167 1462 iracundia
1197 1421 1464 1475 praesertim,

124 1482 231 1533 quae
264 1482 330 1520 est
359 1479 536 1521 inimica
567 1480 764 1534 consilio,
796 1482 839 1521 et
870 1480 916 1521 in
945 1479 1138 1533 victoria,
1171 1493 1278 1533 quae
1309 1481 1465 1520 natura

1478 405 1504 445 3

1477 464 1498 495 8

122 1537 311 1578 insolens
325 1540 376 1579 ·et
397 1538 581 1592 superba
601 1541 679 1592 est,
707 1539 816 1590 [aut]
839 1538 1034 1579 audimus
1056 1539 1130 1578 aut
1155 1537 1353 1591 legimus,
1380 1551 1464 1590 quo

71 1611 104 1637 25
125 1595 267 1637 studio
293 1595 560 1637 incendimur
583 1610 672 1637 non
696 1597 822 1638 modo
848 1597 894 1636 in
919 1595 1054 1650 gestis
1074 1595 1215 1647 rebus,
1241 1595 1314 1635 sed
1334 1595 1463 1636 etiam

123 1654 169 1695 in
199 1653 330 1706 fictis,
367 1656 417 1693 ut
448 1667 520 1694 eos
554 1668 698 1707 saepe,
734 1668 840 1708 quos
871 1667 1107 1706 numquam
1138 1653 1341 1706 vidimus,
1373 1653 1465 1694 dili-

124 1711 293 1767 gamus!
355 1710 414 1751 Te
451 1720 570 1764 vero,
608 1726 734 1764 quem
770 1713 1041 1765 praesentem
1070 1710 1306 1763 intuemur,
1344 1710 1463 1751 cuius
1480 1718 1523 1749 10

123 1772 313 1811 mentem
346 1775 579 1822 sensusque
611 1772 655 1809 et
687 1783 734 1810 os
767 1769 997 1822 cernimus,
1028 1770 1096 1821 ut,
1128 1767 1330 1820 quicquid
1361 1767 1465 1808 belli

122 1828 298 1869 fortuna
332 1827 544 1881 reliquum
575 1827 636 1867 rei
667 1827 864 1880 publicae
894 1825 1062 1878 fecerit,
1098 1825 1142 1865 id
1174 1838 1266 1866 esse
1299 1825 1465 1866 salvum

70 1902 105 1927 30
124 1886 248 1939 velis,
287 1885 442 1939 quibus
479 1884 677 1925 laudibus
716 1885 956 1937 efferemus,
994 1883 1149 1937 quibus
1185 1882 1340 1924 studiis
1370 1897 1466 1936 pro·

125 1958 369 1998 sequemur,
407 1956 492 1996 qua
534 1942 825 1983 benivolentia
868 1941 1204 1995 conplectemur!
1271 1940 1465 1981 Parietes

124 2001 288 2043 medius
314 2001 453 2054 fidius,
478 2003 527 2042 ut
552 2000 659 2041 mihi
684 2000 864 2054 videtur,
887 1999 1015 2040 huius
1040 1999 1180 2040 curiae
1200 1998 1281 2039 tibi
1301 1998 1465 2053 gratias

125 2073 251 2115 agere
295 2059 506 2114 gestiunt,
551 2058 664 2112 quod
707 2058 825 2099 brevi
869 2060 1062 2111 tempore
1105 2056 1251 2098 futura
1297 2056 1355 2097 sit
1390 2056 1467 2096 illa

127 2118 363 2160 auctoritas
406 2117 451 2158 in
493 2116 561 2157 his
606 2116 818 2157 maiorum
862 2130 1036 2157 suorum
1074 2117 1118 2156 et
1156 2114 1244 2156 suis
1283 2113 1466 2155 sedibus.

71 2192 105 2218 35
123 2175 338 2229 Equidem
370 2190 467 2217 cum
494 2173 538 2216 C.
565 2173 770 2228 Marcelli,
802 2174 883 2215 viri
916 2173 1068 2227 optimi
1095 2175 1138 2214 et
1163 2179 1507 2215 commemora-4

124 2234 203 2275 bili
227 2234 389 2288 pietate
415 2232 610 2288 praediti,
638 2232 837 2274 lacrimas
863 2231 990 2273 modo
1016 2231 1240 2272 vobiscum
1268 2230 1467 2279 viderem,

125 2292 317 2334 omnium
348 2291 652 2333 Marcellorum
689 2305 832 2332 meum
863 2292 1011 2346 pectus
1045 2289 1253 2331 memoria
1286 2287 1468 2343 obfudit,

1182 2358 1255 2392 21⁸
