1671 2543
212 83 299 125 276
505 82 598 118 PRO
624 83 664 118 T.
690 81 843 118 ANNIO
869 81 1053 117 MlLONE
1080 81 1268 118 ORATIO.

215 190 319 225 curia
350 189 524 235 flagravit
555 190 592 224 et
622 190 713 224 item
743 188 876 223 Porcia
905 188 1080 232 basilica,
1114 198 1208 233 quae
1241 188 1322 223 erat
1352 187 1388 223 ei
1412 186 1551 230 iuncta,

215 237 390 271 ambusta
423 239 490 271 est.
547 237 686 271 Domus
720 246 866 280 quoque
897 236 946 271 M.
979 235 1114 281 Lepidi
1143 234 1341 280 interregis
1373 234 1419 278 (is
1452 234 1550 269 enim

213 285 458 329 magistratus
490 283 629 318 curulis
662 285 743 318 erat
774 284 939 327 creatus)
972 284 1009 317 et
1040 282 1204 317 absentis
1238 281 1388 317 Milonis
1420 281 1552 317 eadem

213 331 281 366 illa
300 330 482 366 Clodiana
513 330 714 365 multitudo
747 329 990 375 oppugnavit,
1022 329 1088 364 sed
1113 329 1200 364 inde
1227 328 1376 374 sagittis
1401 329 1552 374 repulsa

214 379 280 413 est.
331 378 424 412 Tum
455 378 574 412 fasces
607 388 651 412 ex
682 377 766 412 luco
791 376 978 412 Libitinae
1008 378 1134 422 raptos
1167 376 1298 411 attulit
1328 375 1376 410 ad
1401 375 1553 411 domum

216 425 401 470 Scipionis
429 428 466 459 et
490 424 667 469 Hypsaei,
695 424 830 459 deinde
857 423 906 458 ad
929 423 1057 459 hortos
1084 423 1147 459 Cn.
1173 422 1328 469 Pompei
1353 422 1551 458 clamitans

215 483 298 507 eum
324 472 434 507 modo
461 471 662 515 consulem,
687 471 799 507 modo
825 471 1056 506 dictatorem.

308 519 524 554 Incendium
556 518 680 554 curiae
710 518 888 553 maiorem
919 518 1113 563 aliquanto
1138 517 1436 563 indignationem
1461 516 1551 551 civi-

214 567 303 600 tatis
341 568 510 601 moverat
544 577 655 610 quam
692 565 904 601 interfectio
943 564 1061 601 Clodi.
1122 565 1255 610 Itaque
1292 563 1402 608 Milo,
1440 574 1551 608 quem

215 613 341 658 opinio
378 613 501 648 fuerat
536 612 650 647 ivisse
687 612 727 647 in
757 612 1009 648 voluntarium
1040 611 1210 655 exilium,
1248 610 1390 646 invidia
1422 611 1552 646 adver-

216 661 398 695 sariorum
430 661 619 695 recreatus
656 662 766 695 nocte
804 671 849 694 ea
883 659 1047 694 redierat
1077 660 1250 703 Romam,
1289 669 1364 703 qua
1398 657 1553 693 incensa

215 710 294 742 crat
320 707 432 749 curia,
457 707 685 752 petebatque
703 707 799 741 nihil
817 707 1015 741 deterritus
1037 706 1289 749 consulatum;
1315 706 1442 750 aperte
1461 715 1550 750 quo-

214 765 285 798 que
321 754 494 788 tributim
527 755 567 788 in
602 754 767 799 singulos
805 753 912 788 milia
943 753 1081 788 assium
1113 753 1278 788 dederat.
1333 752 1552 787 Contionem

215 801 250 835 ci
284 802 370 846 post
402 801 549 845 aliquot
580 800 660 836 dies
686 801 790 836 dedit
814 801 862 835 M.
889 799 1035 835 Caelius
1060 799 1231 835 tribunus
1255 800 1306 845 pl.
1333 800 1445 844 atque
1469 799 1551 844 ipse

215 848 329 883 etiam
355 859 505 883 causam
530 847 610 882 eius
635 847 715 892 egit
740 848 788 882 ad
812 849 1001 892 populum.
1044 846 1228 883 Dicebant
1247 848 1401 890 uterque
1421 845 1554 881 Miloni

215 908 237 930 a
263 894 393 930 Clodio
418 894 540 930 factas
566 899 647 930 ess'e
672 894 840 929 insidias.

308 942 470 977 Fiebant
493 943 638 977 interea
663 942 729 976 alii
754 953 798 977 ex
823 941 908 976 aliis
932 941 1149 986 interreges,
1177 939 1266 984 quia
1290 940 1442 975 comitia
1466 950 1552 974 con-

214 988 355 1024 sularia
393 990 547 1034 propter
590 989 740 1024 eosdem
780 988 1065 1024 candidatorum
1107 987 1288 1022 tumultus
1327 988 1366 1022 et
1401 986 1552 1022 easdem

212 1047 345 1071 manus
384 1038 548 1071 armatas
585 1035 716 1071 haberi
753 1047 829 1071 non
859 1037 1043 1080 poterant.
1100 1035 1229 1078 Itaque
1260 1033 1380 1079 primo
1410 1033 1551 1068 factum

214 1085 297 1118 erat
328 1084 363 1118 S.
391 1084 447 1127 C.,
481 1084 525 1117 ut
555 1084 718 1118 interrex
749 1085 788 1118 et
817 1083 960 1117 tribuni
990 1083 1040 1128 pl.
1074 1084 1113 1117 et
1144 1080 1207 1116 Cn.
1239 1079 1456 1125 Pompeius,
1487 1080 1553 1126 qui

212 1141 281 1175 pro
317 1141 389 1165 cos.
428 1130 477 1164 ad
512 1130 642 1165 urbem
676 1131 771 1174 erat,
810 1130 996 1172 viderent,
1033 1139 1079 1164 ne
1117 1128 1208 1173 quid
1245 1127 1461 1162 detrimenti
1491 1137 1551 1162 res

212 1177 365 1222 publica
390 1178 555 1221 caperet,
583 1176 741 1212 dilectus
767 1178 892 1211 autem
918 1176 1116 1221 Pompeius
1141 1177 1224 1210 tota
1249 1175 1359 1209 ltalia
1383 1174 1550 1209 haberet.

214 1224 287 1266 Qui
317 1235 399 1259 cum
431 1234 575 1258 summa
606 1223 798 1258 celeritate
828 1223 1057 1268 praesidium
1083 1223 1352 1267 comparasset,
1383 1220 1550 1266 postula-

213 1272 347 1305 verunt
379 1271 478 1315 apud
504 1281 587 1304 eum
612 1270 794 1305 familiam
821 1269 990 1313 Milonis,
1021 1270 1112 1304 item
1136 1268 1296 1303 Faustae
1322 1267 1446 1302 uxoris
1472 1267 1551 1302 eius

213 1317 462 1352 exhibendam
481 1316 554 1351 duo
574 1316 854 1359 adulescentuli,
876 1316 940 1360 qui
957 1315 1072 1361 Appii
1090 1315 1236 1351 Claudii
1255 1314 1364 1349 ambo
1384 1313 1554 1359 appella-

212 1365 359 1407 bantur,
387 1363 451 1407 qui
474 1365 546 1406 filii
572 1365 678 1397 erant
703 1363 740 1399 C.
762 1363 902 1406 Claudi,
929 1364 992 1407 qui
1017 1363 1132 1397 frater
1155 1362 1279 1396 fuerat
1297 1360 1412 1404 Clodi,
1439 1362 1477 1395 et
1502 1361 1550 1395 ob

213 1411 253 1445 id
277 1410 335 1444 illi
360 1409 486 1455 patrui
511 1410 569 1444 sui
593 1412 751 1444 mortem
774 1411 878 1445 velut
903 1411 1053 1444 auctore
1078 1409 1193 1444 fratre
1219 1407 1550 1453 persequebantur.

213 1457 373 1492 Easdem
393 1456 553 1491 Faustae
580 1459 619 1491 et
637 1456 789 1492 Milonis
813 1456 976 1491 familias
996 1456 1279 1501 postulaverunt
1304 1456 1376 1490 duo
1397 1454 1550 1498 Valerii,

213 1504 340 1548 Nepos
374 1506 412 1538 et
436 1503 526 1547 Leo,
561 1506 598 1538 et
622 1503 660 1538 L.
687 1503 893 1538 Herennius
919 1503 1068 1538 Balbus.
1119 1504 1156 1537 P.
1185 1502 1292 1538 Clodi
1326 1512 1472 1546 quoque
1495 1501 1551 1536 fa-

213 1551 358 1585 miliam
395 1551 434 1585 et
471 1550 648 1585 comitum
686 1550 764 1585 eius
795 1550 1000 1595 postulavit
1031 1549 1161 1585 eodem
1192 1551 1360 1594 tempore
1391 1547 1565 1594 Caelius„

214 1598 398 1632 familiam
422 1597 587 1642 Hypsaei
623 1599 659 1632 et
693 1597 734 1639 Q.
762 1597 915 1642 Pompei
946 1596 1153 1642 postulavit
1173 1624 1297 1632 ......
1342 1595 1551 1630 Adfuerunt

213 1645 344 1679 Miloni
376 1644 416 1686 Q.
448 1644 685 1687 Hortensius,
718 1644 767 1678 M.
800 1645 944 1687 Cicero,
975 1644 1024 1679 M.
1051 1643 1265 1687 Marcellus,
1297 1642 1345 1679 M.
1373 1641 1549 1686 Calidius,

214 1692 262 1727 M.
290 1691 394 1733 Cato,
419 1691 579 1726 Faustus
595 1691 706 1726 Sulla.
740 1691 864 1726 Verba
883 1702 1002 1737 pauca
1021 1690 1061 1733 Q.
1081 1690 1302 1725 Hortensius
1325 1691 1412 1733 fecit
1436 1688 1548 1723 dixit-

212 1749 288 1783 que
319 1738 457 1773 liberos
491 1749 570 1773 esse
602 1749 681 1782 eOS‚
715 1739 776 1782 qui
801 1749 867 1783 pro
893 1739 1008 1773 servis
1034 1737 1327 1782 postularentur;
1352 1747 1439 1771 nam
1462 1737 1550 1781 post

213 1788 402 1821 recentem
427 1785 579 1820 caedem
604 1796 717 1819 manu
742 1787 895 1820 miserat
920 1796 982 1820 eos
1008 1784 1099 1819 Milo
1117 1784 1192 1819 ,sub
1212 1784 1283 1819 hoc
1301 1783 1424 1826 titulo,
1450 1782 1551 1826 quod

215 1835 328 1878 caput
365 1844 470 1867 suum
502 1832 574 1867 ulti
606 1833 740 1867 essent.
794 1832 895 1867 Haec
928 1832 1135 1877 agebantur
1164 1841 1291 1866 mense
1323 1829 1549 1865 intercalari.

214 1880 305 1915 Post
343 1879 442 1914 diem
479 1878 709 1914 tricesimum
739 1878 832 1922 fere,
871 1890 983 1922 quam
1015 1880 1095 1913 erat
1126 1877 1276 1913 Clodius
1308 1877 1466 1920 occisus,
1506 1875 1549 1917 Q.

214 1925 389 1961 Metellus
417 1925 541 1971 Scipio
573 1926 612 1960 in
645 1928 777 1960 senatu
809 1928 940 1960 contra
965 1926 1012 1960 M.
1040 1924 1216 1959 Catonem
1243 1925 1466 1968 conquestus
1492 1924 1549 1957 est

215 1973 261 2008 de
287 1973 401 2007 caede
426 1973 465 2008 P.
493 1972 615 2014 clodi;
641 1972 777 2007 falsum
803 1983 882 2008 esse
909 1972 1014 2015 dixit,
1040 1972 1139 2016 quod
1165 1970 1255 2006 Milo
1281 1971 1333 2006 sic
1359 1981 1398 2005 se
1424 1968 1548 2004 defen·

215 2020 322 2054 deret
361 2047 462 2055 .....
507 2019 678 2055 Clodium
717 2019 886 2054 Aricinos
925 2018 1142 2054 decuriones
1177 2016 1391 2061 alloquendi
1425 2014 1548 2060 gratia

216 2066 337 2101 abisse
368 2066 575 2112 profectum
607 2077 689 2100 cum
721 2077 782 2101 sex
815 2077 858 2101 ac
887 2066 1023 2111 viginti
1054 2065 1184 2103 servis:
1219 2064 1397 2099 Milonem
1422 2060 1565 2096 subito*

216 2117 301 2158 post
338 2114 467 2147 horam
502 2115 672 2157 quartam
710 2114 840 2148 senatu
870 2113 983 2148 misso
1015 2124 1097 2147 cum
1129 2111 1244 2146 servis
1277 2108 1434 2154 amplius
1460 2107 1546 2144 CCC

216 2159 369 2194 armatis
401 2159 550 2195 obviam
582 2159 616 2194 ei
648 2159 879 2195 contendisse
906 2161 944 2194 et
968 2171 1079 2204 supra
1103 2157 1269 2193 Bovillas
1293 2155 1550 2200 inopinantem

216 2209 255 2240 in
275 2207 407 2241 itinere
428 2218 655 2251 aggressum3
687 2206 741 2241 ibi
760 2206 799 2241 P.
821 2206 992 2242 Clodium
1010 2205 1129 2240 tribus
1148 2202 1361 2238 vulneribus
1382 2204 1547 2247 acceptis

216 2253 380 2287 Bovillas
399 2253 602 2298 pe1·latum;
629 2253 833 2296 tabernam,
858 2253 897 2287 in
917 2263 1027 2297 quam
1045 2251 1269 2296 perfugerat,
1295 2251 1548 2293 expugnatam

217 2299 406 2342 aMilone3
428 2300 681 2334 semianimem
695 2299 865 2335 Clodium
885 2299 1090 2334 extractum
1104 2320 1279 2333 ........
1298 2296 1337 2330 in
1350 2296 1410 2330 via
1423 2295 1548 2342 Appia
