1671 2543
189 144 275 186 388
373 143 424 178 IN
449 142 496 177 M.
524 140 786 177 ANTONIUM
812 140 989 176 ORATIO
1016 140 1287 175 PHILIPPICA
1313 141 1358 177 Π.

188 266 425 306 numquam
456 251 502 293 in
531 251 613 292 hac
644 251 750 292 urbe
783 249 1027 291 mansisses.
1078 249 1139 290 At
1170 264 1271 292 vero
1304 249 1379 292 Cn.
1411 249 1537 293 Pom-

188 311 259 367 pei
297 311 568 353 voluntatem
606 324 632 351 a
669 324 736 350 me
772 308 990 350 alienabat
1022 308 1161 350 oratio
1194 323 1301 351 mea.
1361 309 1432 351 An
1461 310 1535 351 ille

189 384 449 425 quemquam
486 369 583 424 plus
622 368 793 422 dilexit,
831 382 927 409 011111
964 367 1053 409 11110
1093 370 1168 409 aut
1206 381 1424 410 sermones
1460 371 1536 410 aut

189 429 371 471 consilia
397 427 584 470 contulit
610 427 811 481 saepius?
849 424 972 475 Quod
999 426 1173 491 quidem
1198 429 1292 468 erat
1318 440 1535 482 magnum,

189 488 240 529 de
280 501 449 529 summa
485 501 530 528 re
571 486 745 541 publica
776 485 1072 526 dissentientis
1103 485 1149 526 in
1181 485 1329 527 eadem
1361 500 1535 528 consue·
1572 496 1589 523 ⁵

189 546 336 588 tudine
370 545 586 588 amicitiae
614 558 876 600 permanere.
924 543 1034 599 Ego,
1069 544 1172 598 quid
1197 544 1282 598 ille,
1314 547 1358 586 et
1384 547 1537 587 contra

189 605 281 659 ille,
320 605 423 659 quid
461 618 543 661 ego
582 604 864 657 sentiremet
895 605 1154 658 spectarem,
1191 603 1377 644 videbat.
1438 603 1535 659 Ego

190 664 482 706 incolumitati
545 663 702 705 civium
757 662 963 717 primum,
1018 664 1068 703 ut
1122 664 1277 716 postea
1331 662 1536 718 dignitati

189 737 433 778 possemus,
477 722 551 764 1110
587 721 807 776 praesenti
844 720 1050 776 dignitati
1086 721 1232 775 potius
1271 721 1536 764 consulebat.

191 782 315 848 Quod
359 785 505 823 autem
548 781 738 822 habebat
780 782 980 835 uterque,
1023 779 1126 834 quid
1163 783 1433 835 sequeretur,
1476 780 1536 822 id-
1556 792 1590 817 10

132 856 174 886 39
192 841 304 883 circo
350 840 621 882 tolerabilior
666 842 760 881 erat
802 842 953 881 nostra
997 838 1219 880 dissensio.
1287 837 1399 887 Quid
1434 853 1536 881 vero

189 900 262 941 ille
307 899 540 955 singularis
579 899 645 940 vii
683 913 731 940 ac
769 912 903 952 paene
941 897 1110 939 divinus
1147 897 1198 939 de
1237 911 1304 939 me
1343 897 1538 951 senserit,

191 959 353 1013 sciunt,
385 958 459 1013 qui
491 972 590 1000 eum
621 958 671 999 de
703 955 928 998 Phaisalia
957 955 1063 1012 fuga
1093 955 1292 1011 Paphum
1322 932 1538 1011 persecuti

191 1021 304 1060 sunt.
353 1016 604 1072 Numquam
636 1016 688 1058 ab
722 1030 771 1057 eo
804 1015 966 1057 mentio
999 1015 1049 1056 de
1081 1029 1149 1056 me
1176 1015 1259 1056 nisi
1287 1015 1536 1070 honorifica,

189 1077 275 1118 nisi
312 1077 440 1132 plena
478 1075 729 1118 amicissimi
763 1073 980 1129 desiderii,
1019 1088 1116 1115 cum
1147 1088 1216 1116 1110
1248 1073 1406 1116 vidisse
1438 1074 1536 1141 plus
1557 1085 1590 1112 15

190 1136 413 1189 fateretur,
444 1149 490 1177 se
523 1134 763 1189 speravisse
796 1133 986 1175 meliora
1036 1132 1096 1174 Et
1128 1132 1219 1174 eius
1251 1132 1332 1174 viri
1362 1133 1537 1175 nomine

191 1209 258 1236 1110
300 1193 506 1236 insectari
544 1193 692 1247 audes,
738 1192 858 1234 cuius
897 1206 964 1233 me
996 1192 1199 1246 amicum,
1243 1194 1286 1233 te
1324 1194 1537 1234 sectorem

126 1254 175 1296 16
192 1267 284 1295 0330
328 1252 521 1294 fateare?
591 1251 675 1293 Sed
719 1251 948 1292 omittatur
990 1250 1152 1292 bellum
1194 1250 1319 1304 illud,
1363 1251 1408 1292 in
1451 1265 1535 1305 quo

190 1316 239 1352 tu
263 1311 445 1352 nimium
471 1310 575 1351 felix
599 1310 733 1351 fuisti.
783 1308 850 1350 Ne
875 1310 921 1350 de
938 1308 1044 1350 iocis
1065 1308 1236 1363 quidem
1256 1309 1536 1375 respondebo,

191 1370 347 1424 quibus
386 1384 453 1410 me
490 1369 536 1410 in
574 1368 729 1410 castris
767 1381 893 1409 usum
928 1381 1020 1408 esse
1052 1367 1210 1408 dixisti.
1272 1366 1413 1409 Erant
1446 1368 1536 1422 qui—
1555 1380 1590 1405 20

190 1429 287 1469 dem
324 1428 400 1468 illa
438 1430 582 1469 castra
619 1426 746 1480 plena
783 1440 927 1480 curae3
964 1439 1111 1467 verum
1150 1428 1297 1466 tamen
1327 1426 1536 1481 homines,

192 1487 388 1541 quamvis
439 1487 484 1527 in
533 1485 718 1526 turbidis
768 1485 896 1526 rebus
947 1484 1051 1538 sint,
1106 1486 1270 1538 tamen,
1321 1485 1358 1526 si
1407 1485 1535 1528 modo

132 1559 176 1590 40
191 1546 389 1587 homines
441 1547 558 1597 sunt,
608 1543 825 1585 interdum
874 1543 1028 1584 animis
1079 1542 1337 1585 relaxantur.
1412 1543 1536 1593 Quod

192 1608 336 1645 autem
359 1604 472 1645 idem
493 1602 758 1644 maestitiam
779 1616 919 1643 meam
939 1601 1226 1656 reprehendit,
1246 1601 1359 1644 idem
1379 1602 1536 1658 iocum,

191 1677 349 1718 magno
394 1665 649 1717 argumento
694 1664 761 1702 est
804 1675 872 1702 me
915 1660 961 1702 in
997 1663 1181 1715 utroque
1217 1659 1354 1702 fuisse
1392 1662 1534 1704 mode·
1554 1673 1587 1699 25

191 1725 346 1763 ratum.

120 1780 196 1825 (40)
285 1780 561 1822 Hereditates
613 1779 721 1821 mihi
768 1779 941 1834 negasti
989 1778 1144 1820 venire.
1224 1777 1404 1820 Utinam
1452 1778 1534 1821 hoc

191 1842 316 1882 tuum
353 1854 501 1881 verum
539 1838 701 1880 crimen
738 1839 870 1879 esset!
915 1837 1059 1892 plures
1097 1836 1225 1878 amici
1263 1837 1347 1878 mei
1385 1838 1429 1878 et
1464 1851 1535 1879 ne-

192 1899 368 1941 cessarii
394 1898 599 1939 viverent.
645 1895 727 1938 Sed
754 1897 827 1951 qui
852 1896 967 1937 istuc
993 1895 1075 1937 tibi
1101 1895 1220 1936 venit
1245 1895 1291 1936 in
1316 1895 1533 1937 mentem?

191 1957 288 2013 Ego
333 1957 446 1998 enim
491 1955 676 2010 amplius
721 1955 969 1996 sestertium
1014 1953 1263 1996 ducentiens
1309 1957 1534 2008 acceptum
1552 1966 1588 1992 80
1630 1998 1632 2009 Ι

192 2016 506 2057 hereditatibus
532 2014 692 2055 10111111.
739 2013 1045 2067 Quamquam
1034 2027 1080 2054 111
1104 2012 1185 2054 1100
1212 2027 1366 2068 genere
1392 2012 1533 2054 fateor

192 2074 429 2116 feliciorem
467 2087 560 2115 esse
595 2076 650 2114 te.
712 2072 781 2113 Me
812 2086 938 2113 nemo
969 2071 1055 2113 nisi
1087 2071 1249 2112 amicus
1280 2071 1384 2113 fecit
1414 2071 1532 2112 here-

193 2134 307 2186 dem,
338 2136 388 2174 ut
420 2147 517 2174 cum
548 2131 624 2173 illo
658 2131 894 2184 commodo,
927 2130 964 2172 si
997 2130 1110 2185 quod
1142 2133 1246 2183 erat,
1278 2129 1409 2170 animi
1442 2130 1531 2183 qui-

194 2192 292 2232 dam
333 2191 455 2233 dolor
491 2191 760 2245 iungeretur3
804 2192 846 2231 te
878 2189 933 2242 is,
978 2203 1106 2243 quem
1143 2191 1192 2230 tu
1228 2187 1375 2229 vidisti
1412 2202 1531 2230 num-

136 2257 174 2287 41
196 2264 334 2303 quam,
367 2249 413 2291 L.
447 2249 635 2290 Rubrius
663 2248 840 2291 Casinas
872 2247 976 2289 fecit
1006 2247 1217 2289 heredem.
1266 2245 1326 2287 Et
1359 2245 1530 2300 quidem
1550 2257 1584 2284 35

194 2308 300 2361 vide,
333 2322 462 2361 quam
494 2311 536 2349 te
569 2307 725 2348 amarit
753 2307 802 2360 13,
835 2306 907 2360 qui
934 2306 1056 2347 albus
1083 2308 1228 2346 aterne
1254 2303 1386 2345 fuerit
1411 2306 1530 2360 igno—

194 2379 274 2406 ras.
342 2365 509 2407 Fratris
548 2366 686 2406 filium
723 2365 948 2419 praeterit,
992 2364 1040 2412 Q.
1078 2362 1191 2413 Fufi,
1232 2362 1530 2405 honestissimi

1623 2070 1633 2172 l
