1671 2543
543 100 643 137 CAP.
670 105 807 137 34—36
835 105 853 144 ς
879 105 1052 138 94—100.
1380 104 1464 146 317

119 210 220 250 rint.
271 207 355 250 Sed
379 210 523 249 tamen
550 222 600 249 ex
628 208 826 250 omnibus
853 209 1055 262 praemiis
1076 210 1264 265 virtutis,
1291 211 1327 252 si
1352 215 1465 254 esset

118 267 318 309 habenda
337 267 448 308 ratio
466 266 767 321 praemiorum,
788 267 1103 321 amplissimum
1117 283 1209 310 esse
1224 270 1463 323 praemium

120 325 324 381 gloriam3
350 339 441 366 esse
467 325 577 367 hanc
602 339 744 379 unam,
771 340 878 379 quae
905 326 1164 368 brevitatem
1188 328 1302 369 vitae
1323 332 1463 382 poste·

120 383 264 425 ritatis
285 382 492 425 memoria
512 383 819 438 consolaretur,
846 398 952 438 quae
974 384 1174 440 efficeret,
1193 389 1243 427 ut
1262 387 1462 429 absentes

83 454 100 480 5
121 442 378 494 adessemus,
398 442 559 483 mortui
578 442 829 483 viveremus.
873 442 997 484 Hanc
1017 443 1199 498 denique
1215 459 1321 499 esse,
1343 446 1462 487 cuius

120 500 324 555 gradibus
342 500 473 542 etiam
492 500 538 541 in
558 500 723 542 caelum
742 500 938 542 homines
959 501 1205 543 viderentur
1225 504 1462 545 ascendere.

120 558 200 600 ‘De
239 557 334 613 me',
377 558 536 613 inquit,
574 558 758 613 ‘semper
794 560 979 613 populus
1017 559 1256 616 Romanus,
1295 576 1462 616 semper
1478 571 1521 603 98

119 631 267 658 omnes
311 619 461 672 gentes
502 617 750 671 loquentur,
792 618 911 659 nulla
948 633 1152 672 umquam
1191 620 1460 662 obmutescet

118 677 324 717 vetustas.
382 674 495 724 Quin
524 675 608 717 hoc
639 678 832 730 tempore
864 676 972 731 ipso,
1005 691 1101 718 cum
1131 692 1278 720 omnes
1304 693 1329 720 a
1355 680 1461 720 meis

66 745 101 770 ιο
119 733 305 775 inimicis
336 733 451 775 faces
483 734 667 775 invidiae
700 749 818 776 meae
850 735 1135 790 subiciantur,
1167 738 1313 778 tamen
1345 737 1462 778 omni

118 791 164 833 in
199 792 424 833 hominum
462 795 586 834 coetu
624 793 778 847 gratiis
810 793 986 848 agendis
1019 797 1062 834 et
1094 795 1460 849 gratulationibus

118 850 326 891 habendis
347 853 390 891 et
411 851 527 892 omni
548 865 742 892 sermone
758 852 1033 893 celebramur.
1076 852 1245 894 Omitto
1260 853 1461 895 Etruriae

117 907 254 950 festos
287 911 331 949 et
362 911 481 950 actos
514 912 558 950 et
589 909 817 950 institutos
850 910 951 951 dies.
1013 909 1259 952 Centesima
1290 912 1364 952 lux
1395 914 1462 952 est

117 966 225 1008 haec
251 967 304 1008 ab
330 966 510 1008 interitu
535 966 581 1008 P.
608 966 731 1009 Clodi
758 971 811 1022 et,
841 968 1005 1022 opinor,
1031 968 1179 1011 altera.
1236 969 1330 1018 Qua
1355 970 1461 1011 fines

67 1036 100 1062 15
119 1024 290 1079 imperii
320 1025 470 1079 populi
502 1025 687 1066 Romani
720 1029 832 1080 sunt,
864 1041 914 1067 ea
943 1041 1031 1068 non
1063 1027 1203 1068 solum
1234 1027 1350 1068 fama
1375 1028 1462 1069 iam

119 1083 170 1124 de
201 1083 290 1137 illo,
322 1083 395 1125 sed
427 1083 559 1125 etiam
590 1084 760 1125 laetitia
789 1085 1048 1139 peragravit.
1107 1085 1245 1134 Quam
1278 1086 1333 1127 ob
1359 1101 1461 1141 rem,

118 1141 194 1182 ubi
238 1155 393 1196 corpus
431 1142 513 1183 hoc
551 1142 626 1196 sit,
669 1141 785 1197 non’,
826 1143 986 1197 inquit,
1030 1142 1214 1199 ε1311010,
1259 1145 1462 1198 quoniam

120 1199 319 1240 omnibus
351 1200 397 1241 in
425 1200 551 1241 terris
579 1203 622 1241 et
647 1200 734 1242 iam
759 1204 955 1242 versatur
981 1204 1024 1242 et
1041 1212 1218 1256 ‘semper
1242 1202 1463 1244 habitabit

119 1257 313 1309 nominis
339 1258 423 1299 mei
456 1257 622 1318 gloria?

66 1327 101 1353 20
206 1315 326 1358 Haec
361 1319 410 1358 tu
448 1331 615 1367 meeum
653 1328 778 1372 saepe
809 1318 877 1358 his
910 1318 1181 1373 absentibus3
1219 1319 1293 1360 sed
1324 1319 1460 1361 isdem
1476 1298 1531 1389 ’Ξὲ

119 1374 392 1421 audientibus
423 1375 529 1417 11360
561 1389 640 1431 ego
674 1379 834 1430 tecum,
866 1376 992 1418 Milo:
1032 1376 1108 1418 eTe
1142 1377 1332 1432 quidem,
1365 1393 1462 1419 cum

118 1432 205 1485 isto
224 1433 380 1474 'animo
413 1434 609 1487 esssatis
630 1434 808 1486 laudare
833 1449 920 1476 non
944 1449 1134 1489 possum,
1167 1435 1252 1490 sed,
1285 1450 1368 1489 quo
1396 1439 1463 1478 est

118 1490 206 1531 ista
231 1491 369 1546 magis
397 1491 540 1533 divina
560 1492 715 1547 virtus,
741 1493 974 1535 6011131016
995 1508 1020 1534 3
1039 1496 1082 1534 te
1102 1493 1249 1534 dolore
1270 1494 1461 1536 divellor.

119 1546 212 1589 Nec
242 1549 361 1602 vero,
396 1549 433 1589 si
464 1550 571 1591 mihi
603 1551 799 1605 eriperis,
830 1552 996 1605 reliqua
1028 1554 1094 1592 est
1125 1552 1201 1592 illa
1232 1554 1378 1593 tamen
1410 1553 1462 1594 ad

67 1617 101 1643 25
121 1606 428 1648 consolandum
461 1608 667 1662 querella,
704 1612 753 1650 ut
784 1609 837 1650 iis
870 1609 998 1650 irasci
1029 1609 1213 1662 possim,
1248 1624 1273 1650 a
1306 1610 1461 1663 quibus

120 1666 290 1705 tantum
330 1665 483 1705 vulnus
522 1680 735 1720 accepero.
802 1666 904 1708 Non
942 1666 1056 1707 enim
1094 1667 1258 1708 inimici
1295 1668 1380 1708 mei
1418 1671 1461 1709 te

120 1721 227 1763 mihi
259 1722 456 1776 eripient,
489 1723 561 1764 sed
594 1724 855 1778 amicissimi,
885 1739 973 1765 non
1005 1724 1115 1765 male
1148 1725 1378 1778 aliquando
1411 1726 1462 1766 de

120 1795 188 1821 me
219 1780 375 1834 meriti,
408 1780 481 1821 sed
508 1795 674 1835 semper
701 1781 889 1835 optime?
945 1780 1128 1822 Nullum
1153 1797 1371 1836 umquam,
1403 1783 1463 1824 iu-

121 1838 247 1891 dices,
279 1838 387 1878 mihi
419 1841 589 1879 tantum
621 1839 813 1880 dolorem
844 1840 1025 1880 inuretis
1058 1839 1159 1893 (etsi
1191 1840 1287 1893 quis
1317 1843 1463 1894 potest

68 1907 103 1932 ³0
122 1910 214 1937 esse
241 1898 389 1937 tantus
398 1895 450 1951 P),
477 1897 550 1937 sed
575 1911 626 1937 ne
646 1897 760 1938 hunc
780 1897 951 1951 quidem
970 1897 1125 1952 ipsum,
1150 1900 1200 1939 ut
1221 1898 1463 1953 obliviscar,

121 1953 274 2008 quanti
299 1968 366 1994 me
394 1968 562 2008 semper
587 1954 788 1996 feceritis.
840 1955 956 2004 Quae
983 1955 1021 1996 si
1046 1970 1121 1997 vos
1149 1956 1263 2009 cepit
1290 1956 1462 2010 oblivio,

120 2014 196 2053 aut
222 2012 259 2052 si
284 2011 329 2052 in
354 2026 421 2052 me
448 2012 610 2066 aliquid
637 2012 888 2068 offendistis,
921 2028 995 2054 cur
1020 2028 1107 2054 non
1132 2013 1175 2054 id
1200 2028 1295 2054 meo
1322 2014 1462 2068 capite

119 2070 266 2124 potius
304 2070 439 2111 luitur
477 2084 604 2124 quam
636 2070 842 2112 Milonis?
902 2070 1126 2112 Praeclare
1159 2072 1273 2112 enim
1303 2072 1463 2126 vixero,

121 2127 158 2168 si
196 2128 298 2182 quid
333 2128 440 2169 mihi
479 2128 698 2182 acciderit,
741 2129 992 2183 priusquam
1029 2129 1111 2170 hoc
1149 2132 1320 2170 tantum
1360 2130 1464 2171 mali

68 2195 101 2221 35
120 2185 278 2227 videro.
333 2185 459 2228 Nunc
491 2201 558 2227 me
590 2201 675 2228 11113
704 2187 942 2228 consolatio
970 2189 1195 2241 sustentat,
1228 2188 1341 2241 quod
1367 2189 1532 2243 tibi‚100

121 2242 168 2284 T.
198 2243 332 2298 Anni,
363 2245 530 2285 nullum
563 2259 587 2285 a
618 2259 686 2286 me
718 2245 891 2299 amoris,
921 2245 1089 2286 nullum
1121 2245 1264 2299 studii,
1295 2246 1463 2288 nullum

119 2300 297 2353 pietatis
324 2302 514 2344 officium
539 2302 686 2344 defuit.
735 2302 831 2358 Ego
852 2303 1101 2345 inimicitias
1121 2304 1364 2358 potentium
1383 2319 1462 2358 pro
