1671 2543
575 90 676 126 CAP.
705 94 840 126 10—12
867 93 886 132 ἓ
912 93 1062 125 26-30,
1401 90 1484 131 517

144 200 189 242 111
215 199 512 241 Macedoniam
547 199 731 240 alienam
758 198 992 252 advolavit3
1024 197 1167 239 omnia
1199 211 1276 238 sua
1306 199 1489 251 putavit,

146 273 255 313 quae
281 273 357 300 vos
383 261 528 300 vestra
553 272 645 300 esse
669 257 830 311 velitis,
855 257 1046 312 legiones
1068 256 1324 310 conscripsit
1342 271 1488 310 novas,

146 317 315 371 excepit
352 320 535 371 veteres,
572 317 813 370 equitatum
852 316 903 357 ad
943 330 987 357 se
1027 313 1205 356 abduxit
1234 314 1487 356 Dolabellae

146 379 275 431 atque
313 390 410 417 eum
447 376 637 417 nondum
675 378 798 415 tanto
837 374 1066 428 parricidio
1100 373 1286 415 oblitum
1316 373 1487 415 hostem

108 447 125 472 5
147 449 225 476 sua
256 434 471 476 sententia
501 434 717 475 iudicavit.
779 432 909 486 Nam,
945 433 990 474 ni
1022 433 1085 473 ita
1116 435 1247 486 esset,
1279 447 1363 486 quo
1395 432 1488 473 iure

146 493 389 548 equitatum
434 507 458 534 a
495 493 668 535 consule
707 492 963 533 abduceret?
1026 490 1165 539 Quid?
1229 490 1275 533 C.
1312 490 1487 533 Cassius
1503 498 1546 529 28

145 552 239 607 pari
283 551 579 607 magnitudine
625 551 756 592 animi
801 553 844 591 et
882 550 1050 592 consilii
1089 550 1308 604 praeditus
1348 564 1487 591 nonne

146 625 196 652 eo
248 625 298 652 ex
342 610 472 651 Italia
521 610 699 652 consilio
752 609 971 664 profectus
1015 611 1100 663 est,
1148 611 1197 650 ut
1238 608 1489 662 prohiberet

148 668 274 724 Syria
311 668 613 710 Dolabellam?
658 683 742 722 qua
787 669 900 723 lege,
949 682 1032 722 quo
1070 668 1191 708 iure‘?
1251 667 1336 721 Eo,
1375 667 1489 721 quod

94 741 127 765 ιο
146 728 343 782 Iuppiter
373 728 464 782 ipse
497 727 658 780 sanxit,
689 730 738 768 ut
771 726 932 780 omnia,
964 741 1070 780 quae
1102 726 1165 767 rei
1196 726 1394 780 publicae
1426 739 1489 766 sa—

146 787 305 828 lutaria
354 788 517 839 essent,
566 787 763 842 legitima
810 788 853 826 et
901 785 1018 826 iusta
1060 785 1333 825 haberentur.
1406 783 1489 824 Est

147 846 261 887 enim
298 845 366 886 lex
402 845 511 886 nihil
551 845 666 886 aliud
702 844 787 885 nisi
824 846 942 885 recta
979 846 1022 885 et
1057 858 1082 884 a
1105 844 1280 884 numine
1313 843 1488 884 deorum

146 907 287 946 tracta
330 904 442 945 ratio
486 904 702 958 imperans
745 903 946 955 honesta,
989 902 1222 956 prohibens
1262 901 1488 943 contraria.

146 963 261 1005 Huic
296 963 432 1018 igitur
468 962 556 1017 legi
593 962 738 1016 paruit
773 960 965 1015 Cassius,
1005 975 1101 1002 cum
1139 963 1206 1001 est
1242 960 1287 1001 in
1320 959 1490 1014 Syriam

96 1033 128 1058 15
147 1021 385 1076 profectus,
436 1021 619 1062 alienam
665 1020 947 1074 provinciam,
998 1020 1033 1060 si
1080 1019 1276 1060 homines
1319 1019 1488 1073 legibus

149 1080 322 1134 scriptis
359 1082 604 1133 uterentur,
641 1079 708 1120 his
746 1093 846 1120 vero
886 1078 1101 1132 oppressis
1140 1092 1262 1118 suam
1292 1077 1388 1132 lege
1419 1092 1489 1118 na-

147 1142 283 1180 turae.
340 1137 423 1179 Sed
454 1141 503 1179 ut
529 1153 578 1179 ea
602 1140 746 1179 vestra
773 1151 941 1191 quoque
967 1136 1225 1178 auctoritate
1251 1136 1488 1189 firmentur,
1503 1144 1547 1174 29

149 1211 319 1239 censeo:
364 1196 477 1238 ‘cum
514 1196 559 1238 P.
597 1196 843 1249 Dolabella,
882 1196 1038 1249 quique
1076 1195 1166 1236 eius
1206 1194 1490 1236 crudelissimi

149 1259 193 1297 et
230 1255 469 1297 taeterrimi
510 1255 713 1297 facinoris
746 1254 953 1308 ministri,
994 1254 1117 1307 socii,
1155 1253 1372 1294 adiutores
1404 1252 1491 1294 fue-

95 1326 130 1351 20
149 1317 267 1369 runt,
310 1314 458 1356 hostes
502 1314 652 1368 populi
690 1313 875 1355 Romani
919 1327 944 1353 a
987 1315 1138 1354 senatu
1176 1311 1354 1353 iudicati
1393 1311 1492 1365 sint,

149 1387 331 1427 cumque
375 1375 549 1414 senatus
593 1372 639 1413 P.
677 1372 950 1413 Dolabellam
993 1371 1106 1412 bello
1150 1371 1491 1436 persequendum

150 1432 376 1485 censuerit,
406 1434 455 1472 ut
485 1431 536 1486 is,
569 1431 641 1485 qui
674 1430 818 1472 omnia
850 1431 1026 1471 deorum
1057 1429 1365 1483 hominumque
1397 1429 1491 1470 iura

148 1504 274 1544 novo,
304 1490 511 1543 inaudito,
542 1489 793 1544 inexpiabili
826 1489 984 1531 scelere
1010 1488 1216 1542 polluerit
1240 1487 1490 1542 nefarioque

151 1563 196 1590 se
227 1548 394 1602 patriae
424 1548 655 1602 parricidio
689 1548 987 1599 obstrinxerit,
1020 1561 1180 1601 poenas
1212 1546 1277 1586 dis
1309 1546 1490 1587 homini-

96 1618 131 1643 25
151 1608 316 1660 busque
354 1607 530 1647 meritas
568 1606 819 1659 debitasque
851 1581 1087 1671 persolvat,
1125 1604 1293 1645 senatui
1323 1605 1490 1658 placere
1506 1613 1553 1644 30

152 1665 196 1708 C.
231 1665 429 1707 Cassium
465 1679 543 1718 pro
579 1665 752 1706 consule
784 1664 1050 1718 provinciam
1083 1662 1253 1717 Syriam
1285 1663 1492 1716 optinere,

132 1727 201 1770 ,ut
238 1723 312 1778 qui
350 1723 515 1777 optimo
552 1722 643 1763 iure
682 1737 776 1763 eam
805 1722 1071 1776 provinciam
1104 1721 1357 1775 optinuerit3
1395 1735 1492 1762 eum

153 1797 178 1824 a
211 1782 259 1832 Q.
288 1781 451 1823 Marcio
478 1780 631 1835 Crispo
663 1795 741 1834 pro
774 1780 959 1833 consule,
990 1779 1037 1820 L.
1065 1779 1206 1821 Statio
1231 1779 1381 1821 Murco
1413 1794 1492 1833 pro

153 1841 339 1894 consule,
371 1840 422 1881 A.
454 1840 625 1881 Allieno
663 1839 807 1894 legato
845 1839 1080 1879 exercitum
1112 1838 1302 1892 accipere
1335 1852 1492 1892 eosque

100 1911 134 1935 30
153 1900 193 1941 ei
235 1899 405 1940 tradere
449 1912 630 1952 cumque
673 1897 726 1938 iis
771 1897 924 1951 copiis,
967 1899 1010 1937 et
1054 1896 1090 1937 si
1128 1911 1234 1950 quas
1271 1899 1494 1950 praeterea

153 1958 382 2012 paraverit,
407 1957 521 1998 bello
548 1956 594 1997 P.
620 1955 892 1997 Dolabellam
918 1958 1034 1996 terra
1062 1955 1256 2008 marique
1284 1955 1492 2009 persequi.

152 2016 260 2057 Eius
296 2015 400 2057 belli
438 2014 612 2070 gerendi
651 2028 795 2068 causa,
833 2013 988 2067 quibus
1027 2013 1065 2055 ei
1101 2013 1315 2067 videatur,
1350 2027 1493 2067 naves,

152 2077 321 2128 nautas,
351 2072 577 2128 pecuniam
609 2076 845 2127 ceteraque,
878 2087 985 2126 quae
1014 2072 1066 2113 ad
1092 2072 1135 2113 id
1159 2072 1322 2113 bellum
1348 2085 1493 2126 geren-

154 2134 252 2174 dum
281 2132 537 2198 pertineant,
561 2134 611 2172 ut
635 2130 910 2185 imperandi
899 2145 944 2171 m
970 2129 1106 2184 Syria,
1131 2130 1248 2184 Asia,
1273 2129 1493 2185 Bithynia,

100 2202 135 2229 85
154 2192 295 2233 Ponto
322 2191 388 2232 1113
414 2192 760 2256 potestatemque
785 2189 957 2241 habeat,
988 2188 1148 2243 utique,
1181 2203 1492 2243 quamcumque

155 2250 201 2291 in
230 2249 503 2316 provinciam
535 2249 625 2290 eius
656 2248 759 2288 belli
791 2247 966 2303 gerendi
998 2261 1126 2288 causa
1158 2248 1395 2302 advenerit,
1431 2247 1493 2289 ibi

154 2309 294 2350 maius
326 2308 555 2362 imperium
588 2306 633 2349 C.
665 2282 817 2348 Cassio
818 2320 896 2361 pio
930 2306 1103 2347 consule
1137 2309 1205 2360 sit,
1241 2320 1370 2361 quam
1402 2305 1492 2348 eius
