1671 2543
203 98 293 139 434
376 97 428 132 IN
453 97 502 132 M.
528 96 789 132 ANTONIUM
815 95 991 131 ORATIO
1017 94 1288 132 PHILIPPICA
1311 93 1372 130 IV.

163 206 351 261 4Atque
388 208 438 247 ut
475 220 551 247 vos
589 220 675 246 una
711 207 854 246 mente
892 218 1061 259 unaque
1098 218 1200 245 voce
1239 202 1435 244 dubitare
1469 217 1547 245 vos

205 265 390 321 negatis,
422 265 483 306 sic
515 265 641 306 modo
674 264 862 306 decrevit
893 266 1065 305 senatus
1092 262 1144 304 D.
1169 262 1355 304 Brutum
1384 261 1546 316 optime

206 325 257 366 de
284 339 328 366 re
354 323 528 378 publica
553 323 719 376 mereri,
746 337 842 364 cum
865 325 1038 364 senatus
1059 321 1363 363 auctoritatem
1382 320 1548 375 populi-

208 397 289 438 que
327 382 511 424 Romani
537 382 798 424 'libertatem
834 381 1145 436 imperiumque
1183 379 1439 422 defenderet.
1507 378 1547 421 A

208 457 292 496 quo
326 441 598 483 defenderet?
647 440 813 495 Nempe
840 441 893 482 ab
920 440 1064 494 hoste3
1096 453 1203 494 quae
1231 441 1298 480 est
1322 438 1437 480 enim
1463 437 1548 479 alia

173 501 420 542 9laudanda
445 499 666 542 defensio?
704 499 916 553 Deinceps
941 499 1143 540 laudatur
1164 497 1385 553 provincia
1405 496 1548 538 Gallia

206 560 447 614 meritoque
481 561 659 601 ornatur
683 558 826 600 verbis
853 558 1130 612 amplissimis
1158 557 1210 598 ab
1238 559 1401 611 senatu,
1433 555 1547 611 quod

207 619 384 660 resistat
427 618 629 659 Antonio.
698 616 834 666 Quem
878 617 915 659 si
959 616 1178 658 consulem
1215 615 1291 657 illa
1327 615 1548 670 provincia

206 680 382 733 putaret
422 692 560 732 neque
599 691 696 718 eum
733 676 957 730 reciperet,
1001 689 1158 730 magno
1198 675 1357 716 scelere
1396 687 1440 715 se
1479 673 1547 715 ad-

208 737 460 792 stringeret3
506 750 652 778 omnes
697 735 810 776 em'm
847 735 893 776 in
931 734 1117 777 consulis
1155 734 1247 775 iure
1285 736 1329 775 et
1365 732 1546 787 imperio

208 796 365 837 debent
385 809 476 837 esse
496 794 754 849 provinciae.
779 793 925 849 Negat
943 793 1025 835 hoc
1044 792 1095 834 D.
1116 793 1279 834 Brutus
1298 792 1547 846 imperator,

209 854 358 897 consul
378 854 640 909 designatus,
659 856 786 894 natus
807 853 868 894 rei
888 852 1084 907 publicae
1106 852 1222 904 civis,
1241 853 1373 906 negat
1394 849 1547 904 Gallia,

206 916 338 969 negat
371 916 524 955 cuncta
556 912 710 966 Italia,.
727 914 859 968 negat
891 914 1076 964 senatus,
1107 910 1277 966 negatis
1303 924 1391 951 vos.
1442 907 1546 958 Quis

206 973 330 1014 illum
366 972 502 1027 igitur
539 972 758 1013 consulem
795 970 881 1012 nisi
918 970 1109 1011 latrones
1147 968 1332 1024 putant?
1394 966 1545 1017 Quam-

209 1046 338 1086 quam
375 1045 428 1072 ne
466 1031 497 1072 ii
536 1030 707 1085 quidem
740 1029 841 1084 ipsi,
880 1029 993 1083 quod
1023 1029 1242 1082 locuntur,
1278 1027 1323 1068 id
1355 1027 1547 1069 sentiunt

204 1105 285 1132 1100
335 1090 388 1131 ab
431 1089 588 1131 iudicio
635 1089 826 1130 omnium
847 1130 850 1132 ,
869 1087 1136 1141 mortalium,
1187 1086 1382 1141 quamvis
1425 1085 1548 1140 impii

207 1149 447 1203 nefariique
485 1149 589 1202 sint,
628 1148 739 1189 sicut
777 1149 895 1201 sunt,
939 1146 1165 1188 dissentire
1202 1147 1397 1200 possunt.
1466 1143 1548 1186 Sed

209 1222 306 1262 spes
337 1207 530 1262 rapiendi
557 1209 685 1261 atque
710 1205 943 1261 praedandi
969 1206 1172 1247 obcaecat
1198 1204 1363 1245 am‘mos
1389 1217 1549 1257 eorum,

209 1281 316 1321 quos
347 1281 434 1308 non
466 1266 678 1307 bonorum
710 1265 904 1317 donatio,
938 1279 1025 1305 non
1057 1278 1261 1319 agrorum
1293 1261 1547 1317 adsignatio,

207 1339 295 1366 non
331 1325 407 1365 illa
443 1324 614 1365 infinita
651 1324 778 1364 hasta
816 1322 1008 1376 satiavit3
1047 1322 1119 1376 qui
1152 1321 1235 1362 sibi
1266 1321 1434 1374 urbem,
1473 1320 1547 1374 qui

208 1384 323 1425 bona
366 1385 409 1424 et
451 1382 648 1423 fortunas
689 1382 845 1423 civium
884 1381 935 1422 ad
972 1380 1174 1434 praedam
1213 1381 1548 1433 proposuerunt3

210 1442 300 1496 qui,
340 1442 440 1482 dum
470 1440 541 1482 1110
574 1440 648 1494 sit,
685 1440 797 1494 quod
829 1439 1018 1494 rapiant,
1051 1438 1163 1493 quod
1195 1437 1408 1492 auferant,
1438 1437 1548 1478 1111111

154 1514 196 1545 10
212 1500 295 1542 sibi
327 1499 573 1541 defuturum
605 1499 888 1552 arbitrantur,
921 1498 1075 1552 quibus
1102 1496 1158 1538 M.
1185 1496 1400 1538 Antonius
1434 1494 1477 1552 (o
1507 1495 1549 1537 di

211 1558 490 1610 immortales,
517 1557 698 1599 avertite
719 1560 762 1598 et
781 1556 1066 1610 detestamini,
1094 1570 1264 1610 quaeso,
1284 1555 1365 1597 hoc
1386 1553 1547 1610 omen!)

211 1619 362 1659 urbem
395 1631 439 1658 se
468 1617 705 1658 divisurum
731 1630 821 1658 esse
847 1615 1058 1670 promisit.
1109 1614 1178 1656 Ita
1203 1628 1314 1668 vero,
1348 1612 1549 1667 Quirites,

210 1680 260 1719 ut
291 1675 537 1731 precamini,
569 1675 749 1729 eveniat,
781 1677 908 1729 atque
940 1674 1067 1715 huius
1101 1673 1313 1715 amentiae
1339 1687 1477 1728 poena
1504 1671 1551 1713 in

213 1736 354 1790 ipsum
391 1734 684 1788 familiamque
724 1734 813 1775 eius
851 1733 1031 1775 recidat!
1095 1732 1218 1781 Quod
1255 1732 1317 1773 ita
1354 1731 1549 1772 futurum

213 1809 304 1836 esse
333 1794 510 1835 confido.
548 1793 642 1834 Iam
668 1793 781 1834 enim
806 1807 894 1834 non
920 1792 1059 1833 solum
1083 1791 1291 1843 homines,
1318 1790 1390 1831 sed
1417 1789 1549 1831 etiam

212 1854 314 1895 deos
346 1852 613 1893 immortales
644 1852 696 1893 ad
722 1866 812 1892 rem
838 1851 1055 1905 publicam
1081 1848 1414 1891 conservandam
1440 1847 1550 1889 arbi·

212 1915 306 1953 tror
338 1911 615 1953 consensisse.
667 1909 764 1951 Sive
797 1910 910 1950 enim
941 1909 1149 1963 prodigiis
1182 1911 1310 1962 atque
1336 1906 1548 1962 portentis

213 1971 255 2012 di
280 1970 547 2011 immortales
572 1969 698 2010 nobis
725 1968 869 2009 futura
894 1968 1158 2022 praedicunt,
1189 1967 1251 2007 ita
1277 1969 1377 2007 sunt
1403 1967 1549 2019 aperte

213 2029 510 2084 pronuntiata,
541 2030 590 2069 ut
623 2030 665 2068 et
696 2027 761 2068 illi
792 2041 929 2081 poena
960 2029 1004 2067 et
1033 2026 1159 2067 nobis
1191 2025 1368 2066 libertas
1401 2024 1550 2078 adpro-

213 2088 410 2141 pinquet,
448 2087 534 2128 sive
571 2088 719 2127 tantus
758 2099 988 2127 consensus
1027 2085 1218 2126 omnium
1256 2083 1345 2124 sine
1376 2081 1571 2136 inpulsu·

213 2147 390 2187 deorum
421 2159 513 2186 esse
544 2159 631 2186 non
661 2144 821 2199 potuit,
854 2144 954 2198 quid
986 2146 1069 2197 est,
1102 2142 1214 2197 quod
1245 2142 1295 2183 de
1326 2140 1547 2182 voluntate

177 2246 193 2252 ,
216 2204 465 2245 caelestium
497 2203 692 2244 dubitare
724 2202 969 2257 possimus?

173 2253 200 2284 0
303 2262 532 2315 Reliquum
570 2264 652 2315 est,
692 2261 898 2315 Quirites,
935 2263 985 2301 ut
1022 2274 1097 2301 vos
1132 2259 1178 2300 in
1207 2259 1294 2300 ista
1324 2256 1548 2309 sententia,

183 2305 197 2334 ¹
216 2334 343 2373 quam
374 2334 474 2374 prae
507 2320 628 2361 vobis
660 2319 802 2374 fertis,
835 2318 1128 2374 perseveretis.
1195 2315 1370 2358 Faciam
1402 2314 1549 2369 igitur,
