1671 2543
227 63 286 104 44
613 62 706 96 PRO
733 62 771 97 P.
798 61 964 97 SESTIO
992 61 1178 98 ORATIO.

228 185 321 213 esse
352 171 457 225 dixi,
491 174 636 212 tenere
669 184 840 212 cursum
871 170 1039 223 possint
1070 172 1113 211 et
1145 184 1294 224 capere
1327 169 1405 211 otii
1436 169 1559 210 illum

148 238 215 270 100
228 233 403 284 portum
435 232 478 271 et
507 229 744 284 dignitatis.
805 228 928 269 Hanc
955 243 1034 283 ego
1061 229 1186 282 viam,
1217 228 1389 282 iudices,
1422 228 1459 269 si
1484 232 1559 269 aut

227 303 424 343 asperam
461 291 588 342 atque
627 288 804 328 arduam
839 290 913 328 aut
943 287 1115 341 plenam
1147 301 1240 328 esse
1271 287 1558 341 periculorum

226 350 302 388 aut
326 346 578 388 insidiarum
602 360 769 401 negem,
794 345 989 399 mentiar,
1014 346 1268 400 praesertim
1295 360 1390 386 cum
1410 345 1454 387 id
1472 360 1559 387 non

226 405 353 446 modo
384 405 669 446 intellexerim
702 419 886 458 semper,
924 405 997 445 sed
1029 405 1161 445 etiam
1191 406 1362 458 praeter
1393 406 1557 446 ceteros
1577 416 1593 443 5

228 464 446 505 senserim.

149 519 204 560 47
314 521 550 564 Maioribus
570 521 794 576 praesidiis
813 524 855 562 et
870 522 1003 576 copiis
1019 525 1293 576 oppugnatur
1306 536 1372 563 res
1386 521 1559 575 publica

228 595 355 635 quam
387 581 639 634 defenditur,
670 583 899 634 propterea
931 581 1045 634 quod
1076 581 1256 622 audaces
1286 580 1482 621 homines
1515 584 1558 620 et

225 640 383 693 perditi
402 643 511 681 nutu
530 639 811 694 impelluntur
831 642 874 680 et
893 639 977 693 ipsi
998 639 1129 680 etiam
1149 642 1301 694 sponte
1318 653 1395 680 sua
1409 641 1558 680 contra

225 712 316 739 rem
349 699 567 753 publicam
598 698 852 751 incitantur3
888 698 991 739 boni
1020 697 1165 739 nescio
1199 712 1282 752 quo
1315 697 1440 739 modo
1473 701 1556 738 tar—
1577 713 1611 738 ιο

226 757 365 798 diores
395 760 496 798 sunt
522 760 565 798 et
589 756 812 811 principiis
839 771 980 797 rerum
1004 756 1213 811 neglectis
1241 757 1291 797 ad
1320 758 1556 797 extremum

225 815 320 869 ipsa
353 816 532 869 denique
564 815 822 857 necessitate
855 815 1113 869 excitantur,
1150 815 1214 855 ita
1244 817 1293 856 ut
1323 829 1409 856 non
1439 829 1557 855 num-

226 888 353 927 quam
374 874 646 915 cunctatione
667 888 714 915 ac
735 873 952 927 tarditate,
978 874 1079 914 dum
1100 873 1237 914 otium
1256 873 1407 915 volunt
1427 873 1557 914 etiam

146 936 208 967 101
226 933 316 973 sine
348 933 559 988 dignitate
588 933 783 987 retinere,
815 932 900 986 ipsi
924 935 1154 986 utrumque
1181 932 1396 973 amittant.
1456 931 1557 973 Pro-

222 994 485 1045 pugnatores
518 994 662 1045 autem
694 991 755 1032 rei
786 991 982 1045 publicae
1016 991 1089 1045 qui
1120 1005 1212 1032 esse
1243 991 1485 1044 voluerunt,
1519 991 1556 1031 si
1578 1007 1611 1033 15

223 1050 404 1091 leviores
430 1053 542 1103 sunt,
572 1050 825 1103 desciscunt,
852 1049 888 1090 si
914 1049 1165 1105 timidiores,
1191 1050 1363 1105 desunt3
1393 1064 1556 1104 perma-

222 1112 326 1149 nent
350 1109 415 1149 illi
441 1109 523 1150 soli
549 1111 677 1162 atque
704 1108 848 1149 omnia
873 1109 935 1149 rei
958 1108 1155 1162 publicae
1176 1123 1305 1150 causa
1323 1108 1556 1163 perferunt,

224 1168 297 1220 qui
329 1170 429 1208 sunt
458 1167 580 1221 tales,
613 1167 752 1220 qualis
778 1170 901 1220 pater
926 1169 1039 1220 tuus,
1071 1166 1126 1207 M.
1156 1166 1325 1221 Scaure,
1355 1167 1450 1221 fuit,
1483 1167 1555 1221 qui

224 1240 249 1266 a
277 1225 321 1267 C.
350 1224 543 1267 Graccho
578 1239 708 1278 usque
742 1225 794 1265 ad
821 1224 868 1274 Q.
896 1224 1076 1266 Varium
1108 1226 1324 1267 seditiosis
1357 1226 1554 1267 omnibus

223 1284 405 1337 restitit,
445 1298 571 1337 quem
607 1298 842 1337 numquam
879 1283 968 1324 ulla
1004 1284 1086 1337 vis,
1123 1284 1235 1325 ullae
1273 1285 1430 1338 minae,
1466 1285 1555 1325 ulla
1574 1302 1609 1326 20

223 1342 384 1383 invidia
414 1342 627 1395 labefecit,
659 1345 734 1382 aut
766 1342 904 1396 qualis
939 1342 986 1391 Q.
1012 1341 1225 1396 Metellus,
1256 1346 1435 1397 patruus
1468 1357 1554 1383 ma-

223 1401 303 1441 tris
348 1403 465 1454 tuae,
510 1401 583 1454 qui
626 1415 722 1442 cum
762 1400 985 1442 florentem
1021 1401 1240 1442 hominem
1276 1402 1321 1442 in
1357 1401 1555 1456 populari

223 1459 400 1512 ratione,
432 1458 479 1499 L.
511 1458 801 1512 Saturninum,
834 1474 983 1500 censor
1013 1463 1210 1500 notasset
1243 1474 1422 1514 cumque
1455 1460 1554 1501 insi-

223 1517 360 1558 tivum
406 1516 647 1559 Gracchum
694 1520 843 1558 contra
887 1518 973 1558 vim
1016 1518 1306 1560 multitudinis
1350 1519 1554 1560 incitatae

224 1590 352 1617 censu
382 1576 675 1630 prohibuisset
708 1590 887 1630 cumque
919 1576 964 1617 in
996 1591 1089 1617 eam
1120 1577 1277 1632 legem,
1310 1592 1438 1631 quam
1468 1592 1554 1619 non
1573 1593 1608 1620 25

222 1635 313 1675 iure
346 1637 542 1690 rogatam
573 1634 795 1688 iudicarat,
827 1635 966 1675 iurare
992 1650 1101 1676 unus
1125 1636 1349 1690 noluisset,
1381 1637 1429 1677 de
1456 1636 1554 1678 civi·

223 1695 313 1733 tate
340 1693 493 1734 maluit
519 1707 648 1747 quam
674 1693 724 1734 de
745 1693 958 1734 sententia
978 1694 1204 1748 demoveri,
1230 1697 1316 1748 aut,
1341 1697 1391 1736 ut
1409 1697 1553 1736 vetera

224 1751 428 1805 exempla,
456 1766 638 1806 quorum
664 1754 730 1793 est
757 1752 879 1806 copia
904 1752 1034 1807 digna
1058 1752 1185 1794 huius
1212 1753 1382 1808 imperii
1404 1753 1553 1809 gloria,

223 1809 462 1864 relinquam
493 1824 597 1851 neve
631 1825 777 1851 eorum
803 1811 1001 1864 aliquem,
1034 1811 1107 1865 qui
1132 1812 1293 1865 vivunt,
1322 1812 1552 1865 nominem,

224 1868 361 1922 qualis
404 1884 539 1923 nuper
577 1868 625 1917 Q.
664 1868 842 1910 Catulus
885 1869 985 1923 fuit,
1031 1884 1157 1923 quem
1197 1884 1333 1924 neque
1371 1870 1551 1924 periculi
1570 1886 1606 1911 30

223 1930 458 1981 tempestas
489 1941 626 1981 neque
656 1927 832 1968 honoris
865 1942 968 1969 aura
998 1929 1142 1982 potuit
1166 1942 1371 1982 umquam
1398 1929 1448 1970 de
1474 1943 1550 1970 suo

226 1999 351 2026 cursu
385 1989 459 2026 aut
490 2000 564 2040 spe
597 1989 671 2026 aut
703 1989 821 2027 metu
851 1987 1085 2028 demovere.

313 2043 431 2085 Haec
468 2044 716 2097 imitamini,
753 2059 828 2098 per
866 2046 966 2087 deos
998 2045 1274 2099 immortalis,
1312 2046 1385 2099 qui
1416 2045 1551 2100 digni-

223 2104 370 2153 tatem,
396 2103 469 2156 qui
493 2103 674 2155 laudem,
701 2103 773 2156 qui
799 2103 982 2157 gloriam
1008 2104 1230 2158 quaeritis!
1263 2102 1381 2145 Haec
1406 2104 1549 2157 ampla

224 2162 336 2212 sunt,
360 2160 465 2201 haec
485 2161 638 2215 divina,
657 2160 762 2202 haec
782 2161 1062 2216 immortalia;
1080 2163 1184 2203 haec
1203 2161 1318 2203 fama
1338 2162 1551 2203 celebran-
1569 2178 1602 2203 35

223 2220 305 2270 tur,
338 2219 626 2260 monumentis
650 2219 866 2260 annalium
892 2221 1160 2273 mandantur,
1184 2220 1431 2274 posteritati
1456 2235 1549 2274 pro-

222 2278 447 2330 pagantur.
485 2277 566 2317 Est
585 2277 720 2332 labor,
739 2292 825 2319 non
843 2292 972 2334 nego3
996 2279 1187 2333 pericula
1206 2293 1373 2334 magna,
1393 2279 1551 2334 fateor7

147 2024 203 2065 48

145 2083 207 2113 102
