1671 2543
633 69 985 106 ARGUMENTUM.
1341 70 1427 112 279

87 176 125 210 Ρ.
152 175 282 210 Fulvio
308 175 460 211 Nerato.
509 175 722 210 Postulatus
756 178 881 211 autem
912 176 992 210 erat
1022 177 1061 210 et
1091 176 1136 210 de
1169 175 1357 211 sodaliciis
1390 178 1428 210 et

89 223 134 257 de
166 223 309 258 ambitu
340 233 385 258 ea
416 233 497 268 spe,
531 224 626 268 quod
650 223 811 268 primum
835 223 1014 258 iudicium
1038 223 1083 258 de
1108 224 1145 257 vi
1170 223 1335 257 futurum
1362 234 1425 268 ap-

88 270 261 314 parebat,
300 281 372 314 quo
404 281 487 305 eum
520 270 738 304 damnatum
768 270 813 305 iri
845 270 1081 305 confidebant
1109 281 1178 305 nec
1209 272 1341 314 postea
1371 280 1427 304 re-

89 327 319 362 sponsurum.

182 363 372 399 Divinatio
405 364 450 399 de
482 364 623 398 ambitu
655 365 911 399 accusatorum
936 364 1036 399 facta
1061 365 1119 399 est
1143 364 1354 408 quaesitore
1380 363 1424 398 A.

91 412 294 455 Torquato,
334 412 445 455 atque
483 411 590 445 ambo
628 411 873 455 quaesitores,
912 411 1122 455 Torquatus
1155 412 1193 445 et
1223 410 1426 454 Domitius,

88 457 181 502 prid.
213 457 308 493 Non.
339 458 454 503 April.
491 469 594 493 reum
632 458 762 493 adesse
801 459 998 493 iusserunt.
1053 457 1131 500 Quo
1164 457 1224 492 die
1255 457 1346 492 Milo
1377 458 1427 492 ad

89 504 229 539 Domiti
259 505 425 540 tribunal
456 505 575 548 venit,
608 505 656 540 ad
682 506 861 550 Torquati
892 505 1031 540 amicos
1063 504 1182 548 misit3
1215 504 1268 539 ibi
1298 507 1426 550 postu-

88 551 190 586 lante
213 562 280 597 pro
308 563 350 587 eo
370 552 419 587 M.
440 551 619 587 Marcello
646 552 819 596 obtinuit,
845 563 891 587 ne
917 553 1019 597 prius
1044 562 1196 587 causam
1215 551 1261 586 de
1281 550 1426 586 ambitu

90 598 245 643 diceret,
277 610 389 643 quam
420 599 465 633 de
496 600 533 634 vi
563 599 741 634 iudicium
774 601 871 635 esset
900 600 1117 644 perfectum.
1166 598 1275 644 Apud
1300 598 1426 633 Domi-

88 645 182 680 tium
219 647 342 681 autem
381 647 629 690 quaesitorem
666 647 784 681 maior
820 646 963 692 Appius
993 645 1202 691 postulavit
1233 657 1256 680 a
1285 645 1426 680 Milone

89 703 214 728 servos
238 693 404 728 exhiberi
427 704 578 728 numero
604 693 654 728 IV
680 696 718 728 et
742 693 786 737 L,
820 696 858 729 et
883 705 966 728 cum
990 693 1056 728 ille
1080 693 1237 738 negaret
1261 703 1336 736 eos,
1362 693 1426 736 qui

87 739 390 783 nominabantur,
422 740 461 775 in
493 751 559 775 sua
589 741 776 785 potestate
808 751 903 784 esse,
943 740 1128 775 Domitius
1162 751 1206 774 ex
1238 738 1427 774 sententia.

88 786 251 821 iudicum
275 788 548 832 pronuntiavit,
575 789 617 822 ut
642 799 686 822 ex
712 799 900 823 servorum
925 798 1074 822 suorum
1097 797 1250 821 numero
1275 796 1426 820 accusa—

88 834 158 877 tor,
186 835 275 878 quot
298 834 422 877 vellet,
450 834 585 869 ederet.
630 833 744 869 Citati
769 834 904 870 deinde
929 836 1045 870 testes
1072 833 1272 868 secundum
1291 832 1425 878 legem,

89 891 194 924 quae,
220 882 262 915 ut
281 892 392 925 supra
411 881 580 925 diximus,
605 881 770 925 iubebat,
796 883 848 925 ut,
874 883 1090 926 priusquam
1109 891 1221 915 causa
1241 880 1424 924 ageretur,

87 929 204 962 testes
234 938 300 972 per
330 928 493 963 triduum
525 928 756 972 audirentur,
789 929 891 964 dicta
916 939 1042 963 eorum
1066 927 1207 962 iudices
1234 927 1424 961 confirma·

87 976 187 1019 rent,
219 976 352 1018 quarta
378 974 438 1009 die
471 975 602 1010 adesse
639 986 764 1010 omnes
796 976 835 1010 in
868 976 967 1010 diem
997 976 1186 1019 posterum
1211 973 1426 1008 iuberentur

89 1032 133 1056 ac
163 1032 287 1056 coram
314 1023 528 1056 accusatore
555 1033 597 1056 ac
622 1032 684 1057 reo
710 1023 827 1067 pilae,
859 1023 898 1056 in
924 1022 1058 1066 quibus
1084 1020 1236 1055 nomina
1260 1020 1426 1055 iudicum

87 1068 268 1113 inscripta
293 1070 434 1112 essent,
460 1070 722 1113 aequarentur,
757 1069 843 1104 dein
866 1080 992 1104 rursus
1016 1069 1168 1113 postera
1192 1067 1252 1102 die
1279 1067 1425 1102 sortitio

86 1114 251 1150 iudicum
281 1115 387 1150 fieret
414 1115 522 1150 unius
556 1117 594 1150 et
617 1115 766 1159 LXXX,
798 1116 862 1161 qui
891 1126 1065 1151 numerus
1096 1126 1179 1149 cum
1204 1115 1303 1149 sorte
1330 1114 1426 1149 obti-

87 1162 214 1205 gisset,
240 1162 310 1206 ipsi
335 1164 504 1207 protinus
531 1173 673 1197 sessum
697 1163 810 1206 irent,
835 1164 916 1197 tum
941 1163 989 1197 ad
1014 1162 1212 1197 dicendum
1232 1162 1427 1195 accusator

87 1209 180 1244 duas
204 1209 326 1262 horas,
352 1220 435 1244 reus
459 1212 535 1244 tres
560 1210 726 1254 haberet,
752 1221 884 1254 resque
910 1210 1041 1244 eodem
1067 1209 1126 1243 die
1151 1208 1217 1243 illo
1243 1208 1424 1242 iudicare-

87 1257 157 1299 tur,
182 1255 300 1301 prius
311 1257 435 1291 autem
461 1267 573 1301 quam
597 1238 804 1292 sententiae
830 1257 1024 1300 ferrentur,
1049 1257 1181 1300 quinos
1203 1266 1247 1289 ex
1267 1254 1424 1299 singulis

87 1285 277 1338 ordinibus
315 1305 524 1347 accusator,
560 1298 727 1339 totidem
754 1315 837 1338 reus
871 1304 1042 1347 reiceret‚
1081 1304 1137 1345 ita
1172 1303 1215 1337 ut
1252 1313 1426 1336 numerus

85 1349 252 1384 iudicum
278 1350 577 1395 relinqueretur,
616 1351 680 1395 qui
717 1350 923 1386 sententias
953 1349 1113 1395 ferrent,
1152 1348 1428 1393 quinquaginta

87 1397 126 1431 et
150 1402 254 1432 1111118.

104 1464 110 1470 -
181 1443 304 1479 Primo
344 1443 404 1478 die
447 1444 557 1479 datus
604 1447 684 1479 erat
720 1445 760 1478 in
796 1444 974 1480 Milonem
1007 1444 1114 1478 testis
1154 1442 1191 1478 0.
1230 1442 1425 1477 Causinius

90 1489 239 1533 Schola,
278 1491 341 1542 qui
373 1501 412 1525 se
441 1496 544 1525 cum.
556 1492 596 1527 P.
629 1491 923 1535 Clodio‘fuisse,
962 1502 1045 1525 cum
1075 1491 1107 1525 is
1140 1489 1281 1524 occisus
1314 1490 1424 1533 esset,

88 1535 183 1571 dixit
224 1536 531 1581 atrocitatemque
568 1538 622 1573 rei
658 1538 782 1574 factae
819 1550 930 1583 quam
965 1538 1124 1572 maxime
1154 1536 1280 1581 potuit
1311 1537 1425 1571 auxit.

88 1583 204 1625 Quem
236 1594 318 1617 cum
347 1584 576 1628 interrogare
600 1585 649 1620 M.
675 1585 871 1620 Marcellus
898 1584 1097 1629 coepisset,
1129 1584 1236 1618 tanto
1261 1583 1425 1617 tumultu

88 1628 290 1664 Clodianae
326 1630 577 1665 multitudinis
615 1632 888 1666 circumstantis
925 1631 1122 1665 exterritus
1158 1631 1232 1673 est,
1270 1631 1313 1664 ut
1349 1631 1425 1664 vim

88 1676 258 1711 ultimam
287 1676 422 1710 timens
451 1677 491 1711 in
520 1678 686 1712 tribunal
712 1689 733 1713 a
757 1677 922 1713 Domitio
946 1677 1182 1721 reciperetur
1234 1675 1352 1717 Quam
1377 1677 1424 1710 ob

89 1734 240 1758 causam
263 1722 461 1765 Marcellus
486 1724 524 1757 et
547 1723 627 1768 ipse
652 1724 742 1759 Milo
769 1736 791 1758 a
809 1723 972 1759 Domitio
996 1722 1223 1768 praesidium
1247 1722 1427 1766 implora-

88 1771 231 1805 verunt.
282 1768 441 1804 Sedebat
471 1780 514 1804 eo
545 1771 712 1815 tempore
738 1770 800 1805 Cn.
827 1769 1024 1814 Pompeius
1055 1769 1103 1803 ad
1135 1769 1317 1803 aerarium
1342 1779 1424 1813 per-

88 1817 335 1860 turbatusque
368 1816 448 1850 erat
478 1816 608 1850 eodem
632 1816 698 1851 illo
726 1817 885 1851 clamore
910 1816 1037 1860 itaque
1061 1814 1226 1850 Domitio
1252 1815 1427 1859 promisit

89 1874 128 1898 se
159 1864 307 1907 postero
339 1862 399 1897 die
426 1874 508 1897 cum
532 1863 718 1907 praesidio
745 1863 1025 1906 descensurum,
1057 1861 1170 1906 idque
1195 1861 1295 1896 fecit.
1346 1861 1426 1903 Qua

88 1920 127 1944 re
159 1909 280 1944 territi
311 1909 482 1944 Clodiani
514 1909 662 1944 silentio
693 1910 807 1944 verba
836 1909 990 1944 testium
1019 1919 1084 1954 per
1116 1908 1272 1943 biduum
1303 1908 1426 1943 audiri

88 1956 191 2001 passi
216 1958 310 1990 sunt.
360 1956 686 2001 Interrogaverunt
711 1967 773 1991 eos
799 1956 846 1990 M.
875 1955 1002 1991 Cicero
1029 1957 1067 1990 et
1091 1955 1140 1990 M.
1167 1954 1364 1989 Marcellus
1391 1959 1424 1990 et

87 2003 178 2038 Milo
203 2004 293 2048 ipse.
343 2002 454 2037 Multi
479 2013 523 2037 ex
547 2002 611 2045 iis,
637 2003 700 2046 qui
725 2002 880 2038 Bovillis
905 2001 1143 2045 habitabant,
1168 2001 1423 2036 testimonium

89 2049 264 2085 dixenmt
289 2049 333 2084 de
358 2049 417 2093 iis,
444 2060 537 2093 quae
562 2030 616 2084 ib'i
640 2049 742 2083 facta
760 2050 875 2102 erant,
902 2059 1082 2093 coponem
1101 2049 1275 2091 occisum,
1299 2048 1421 2083 taber-

88 2107 174 2131 nam
204 2098 469 2141 expugnatam,
504 2107 635 2140 corpus
667 2096 774 2131 Clodi
803 2095 842 2130 in
871 2096 1061 2140 publicum
1092 2096 1299 2130 extractum
1330 2106 1422 2131 esse.

89 2143 261 2188 Virgines
292 2153 437 2187 quoque
461 2143 629 2177 Albanae
661 2142 834 2177 dixerunt
863 2142 1056 2177 mulierem
1080 2142 1249 2187 ignotam
1276 2141 1422 2176 venisse

89 2189 137 2224 ad
162 2201 212 2235 se,
238 2201 332 2234 quae
351 2189 502 2224 Milonis
527 2189 705 2224 mandatu
729 2190 857 2224 votum
877 2189 1047 2232 solveret,
1073 2188 1172 2232 quod
1193 2188 1344 2223 Clodius
1364 2199 1422 2223 oc—

87 2236 185 2271 cisus
217 2238 324 2272 esset.
372 2236 534 2271 Ultimae
565 2236 819 2271 testimonium
845 2235 1017 2270 dixerunt
1039 2217 1278 2280 ’Sempronia
1311 2235 1422 2270 Tudi-

87 2283 168 2317 tani
209 2282 303 2325 filia,
348 2294 472 2318 socrus
517 2283 556 2318 P.
601 2282 726 2324 Clodi.
769 2284 808 2317 et
849 2293 940 2317 uxor
982 2282 1113 2317 Fulvia
1157 2283 1195 2317 et
1229 2281 1319 2317 fletu
1356 2293 1423 2317 suo
